{"host":"7gewg82ormp6yt4e","time":1610460432,"event":{"mods":["BaseMod","Block Reminder","Colored Map","Colored Powertips","DeckTracker","Highlight Path","Minty Spire (QoL Compilation)","Relic Stats","StSLib","ojb\u0027s Info Mod"],"gold_per_floor":[117,117,133,58,72,100,100,111,111,123,151,190,202,224,236,320,332,363,388,450,462,485,497,524,536,597,609,631,643,570,682,694,706,706],"floor_reached":33,"playtime":1593,"items_purged":[],"score":514,"play_id":"a4b69186-c51f-4553-93fb-ba971263c632","local_time":"20210112230712","is_ascension_mode":true,"campfire_choices":[{"data":"Reprogram","floor":7.0,"key":"SMITH"},{"data":"Hologram","floor":10.0,"key":"SMITH"},{"data":"Reinforced Body","floor":13.0,"key":"SMITH"},{"floor":15.0,"key":"REST"},{"floor":23,"key":"REST"},{"floor":25,"key":"REST"},{"floor":29,"key":"REST"},{"floor":32,"key":"REST"}],"circlet_count":0,"master_deck":["AscendersBane","Zap","Dualcast","Reprogram+1","Reinforced Body+1","Ball Lightning","Cold Snap","Hologram+1","Barrage","Scrape","Go for the Eyes","Echo Form","Lockon","Doom and Gloom","Double Energy","Melter","Conserve Battery","Doom and Gloom","FTL+1","Gash+1","Creative AI","Steam","Rip and Tear","Gash","Recycle+1","Defragment"],"relics":["Cracked Core","NeowsBlessing","WarpedTongs","PreservedInsect","MawBank","Gremlin Horn","Pandora\u0027s Box","Centennial Puzzle","Omamori","Pear","TungstenRod","Symbiotic Virus"],"acts_visited":["Exordium","TheCity"],"potions_floor_usage":[28],"damage_taken":[{"damage":0.0,"enemies":"Small Slimes","floor":1.0,"turns":1.0},{"damage":0.0,"enemies":"Cultist","floor":3.0,"turns":1.0},{"damage":0.0,"enemies":"2 Louse","floor":5.0,"turns":1.0},{"damage":4.0,"enemies":"Lagavulin","floor":6.0,"turns":4.0},{"damage":11.0,"enemies":"2 Fungi Beasts","floor":8.0,"turns":3.0},{"damage":1.0,"enemies":"Looter","floor":11.0,"turns":3.0},{"damage":10.0,"enemies":"Gremlin Nob","floor":12.0,"turns":3.0},{"damage":12.0,"enemies":"Large Slime","floor":14.0,"turns":5.0},{"damage":1.0,"enemies":"The Guardian","floor":16.0,"turns":13.0},{"damage":18.0,"enemies":"3 Byrds","floor":18.0,"turns":6.0},{"damage":20.0,"enemies":"Shell Parasite","floor":19.0,"turns":3.0},{"damage":18,"enemies":"Snecko","floor":22,"turns":6},{"damage":13,"enemies":"Centurion and Healer","floor":24,"turns":8},{"damage":0,"enemies":"Snake Plant","floor":28,"turns":2},{"damage":27,"enemies":"Colosseum Slavers","floor":31,"turns":5},{"damage":35,"enemies":"Colosseum Nobs","floor":31,"turns":4},{"damage":54,"enemies":"Collector","floor":33,"turns":7}],"seed_played":"6842133700971898423","potions_obtained":[{"floor":1.0,"key":"ColorlessPotion"},{"floor":3.0,"key":"PowerPotion"},{"floor":6.0,"key":"FocusPotion"},{"floor":11.0,"key":"Energy Potion"},{"floor":14.0,"key":"SteroidPotion"},{"floor":18.0,"key":"ColorlessPotion"},{"floor":19.0,"key":"PowerPotion"},{"floor":24,"key":"Fire Potion"}],"is_trial":false,"path_per_floor":["M","?","M","?","M","E","R","M","T","R","M","E","R","M","R","B",null,"M","M","?","?","M","R","M","R","T","?","M","R","?","?","R","B"],"character_chosen":"DEFECT","items_purchased":[],"campfire_rested":5,"item_purchase_floors":[],"current_hp_per_floor":[64,64,64,64,64,60,60,49,49,49,48,38,38,26,47,46,65,47,27,27,27,9,30,17,38,38,38,38,59,69,7,31,0,0],"gold":706,"neow_bonus":"THREE_ENEMY_KILL","is_daily":false,"chose_seed":false,"campfire_upgraded":3,"win_rate":0.0,"timestamp":1610460432,"path_taken":["M","?","?","?","M","E","R","M","T","R","M","E","R","M","R","BOSS","M","M","?","?","M","R","M","R","T","?","?","R","?","?","R","BOSS"],"items_purchased_type":[],"build_version":"2020-12-22","purchased_purges":0,"victory":false,"max_hp_per_floor":[71,71,71,71,71,71,71,71,71,71,71,71,71,71,71,71,71,71,71,71,71,71,71,71,71,71,71,71,71,81,81,81,81,81],"relic_stats":{"Centennial Puzzle":[9],"Gremlin Horn":[9,9],"counters":[17,75],"Pandora\u0027s Box":["Lockon","Streamline","Doom and Gloom","Double Energy","Melter","Conserve Battery","Doom and Gloom","Lockon"],"PreservedInsect":60,"MawBank":288,"obtain_stats":[{"Centennial Puzzle":26,"Pear":30,"NeowsBlessing":0,"Gremlin Horn":12,"Pandora\u0027s Box":17,"PreservedInsect":6,"Omamori":27,"Cracked Core":0,"MawBank":9,"Symbiotic Virus":31,"TungstenRod":31,"WarpedTongs":2},{"Centennial Puzzle":13,"Pear":14,"NeowsBlessing":0,"Gremlin Horn":7,"Pandora\u0027s Box":9,"PreservedInsect":4,"Omamori":13,"Cracked Core":0,"MawBank":5,"Symbiotic Virus":16,"TungstenRod":16,"WarpedTongs":1},{"Centennial Puzzle":57,"Pear":59,"NeowsBlessing":0,"Gremlin Horn":16,"Pandora\u0027s Box":34,"PreservedInsect":7,"Omamori":57,"Cracked Core":0,"MawBank":10,"Symbiotic Virus":68,"TungstenRod":68,"WarpedTongs":1}],"TungstenRod":3,"WarpedTongs":[70]},"card_choices":[{"not_picked":["Fusion","Aggregate"],"picked":"Reprogram","floor":1.0},{"not_picked":["Auto Shields","Go for the Eyes"],"picked":"Reinforced Body","floor":3.0},{"not_picked":["Coolheaded","Redo"],"picked":"Ball Lightning","floor":5.0},{"not_picked":["Darkness","Multi-Cast"],"picked":"Cold Snap","floor":6.0},{"not_picked":["Skim","Gash"],"picked":"Hologram","floor":8.0},{"not_picked":["Aggregate","Rebound"],"picked":"Barrage","floor":11.0},{"not_picked":["Sweeping Beam","Stack"],"picked":"Scrape","floor":12.0},{"not_picked":["Double Energy","Conserve Battery"],"picked":"Go for the Eyes","floor":14.0},{"not_picked":["Thunder Strike","Creative AI"],"picked":"Echo Form","floor":16.0},{"not_picked":["Heatsinks","Hologram"],"picked":"FTL+1","floor":18.0},{"not_picked":["Cold Snap","Capacitor"],"picked":"Gash+1","floor":19.0},{"not_picked":["Capacitor","Coolheaded+1"],"picked":"Rip and Tear","floor":22},{"not_picked":["Stack","Loop"],"picked":"Gash","floor":24},{"not_picked":["Gash","Skim"],"picked":"Recycle+1","floor":28},{"not_picked":["Sweeping Beam","Genetic Algorithm+1"],"picked":"Defragment","floor":31}],"player_experience":2558735,"relics_obtained":[{"floor":6.0,"key":"PreservedInsect"},{"floor":9.0,"key":"MawBank"},{"floor":12.0,"key":"Gremlin Horn"},{"floor":26,"key":"Centennial Puzzle"},{"floor":31,"key":"TungstenRod"},{"floor":31,"key":"Symbiotic Virus"}],"event_choices":[{"damage_healed":0.0,"max_hp_gain":0.0,"max_hp_loss":0.0,"gold_gain":0.0,"event_name":"Accursed Blacksmith","player_choice":"Rummage","floor":2.0,"gold_loss":0.0,"damage_taken":0.0,"relics_obtained":["WarpedTongs"],"cards_obtained":["Pain"]},{"cards_removed":["Pain"],"damage_healed":0.0,"max_hp_gain":0.0,"max_hp_loss":0.0,"gold_gain":0.0,"event_name":"The Cleric","player_choice":"Card Removal","floor":4.0,"gold_loss":75.0,"damage_taken":0.0},{"damage_healed":0.0,"max_hp_gain":0.0,"max_hp_loss":0.0,"gold_gain":50.0,"event_name":"Nest","player_choice":"Stole From Cult","floor":20.0,"gold_loss":0.0,"damage_taken":0.0},{"damage_healed":0.0,"max_hp_gain":0.0,"max_hp_loss":0.0,"gold_gain":0.0,"cards_transformed":["Streamline","Lockon"],"event_name":"Drug Dealer","player_choice":"Became Test Subject","floor":21.0,"gold_loss":0.0,"damage_taken":0.0,"cards_obtained":["Creative AI","Steam"]},{"damage_healed":0,"gold_gain":0,"player_choice":"Gave Potion","damage_taken":0,"relics_obtained":["Omamori"],"max_hp_gain":0,"max_hp_loss":0,"event_name":"WeMeetAgain","floor":27,"gold_loss":0},{"damage_healed":0,"gold_gain":0,"player_choice":"Obtained Relic","damage_taken":0,"relics_obtained":["Pear"],"max_hp_gain":0,"max_hp_loss":0,"event_name":"Addict","floor":30,"gold_loss":85},{"damage_healed":0,"gold_gain":0,"player_choice":"Fight","damage_taken":0,"max_hp_gain":0,"max_hp_loss":0,"event_name":"Colosseum","floor":31,"gold_loss":0},{"damage_healed":0,"gold_gain":0,"player_choice":"Fought Nobs","damage_taken":0,"max_hp_gain":0,"max_hp_loss":0,"event_name":"Colosseum","floor":31,"gold_loss":0}],"is_beta":false,"boss_relics":[{"not_picked":["Tiny House","Sozu"],"picked":"Pandora\u0027s Box"}],"items_purged_floors":[],"is_endless":false,"potions_floor_spawned":[1,3,6,11,14,18,19,22,24],"killed_by":"Collector","ascension_level":20}}