{"host":"15dd7v8o90xso62x","time":1610463564,"event":{"mods":["BaseMod","Minty Spire (QoL Compilation)","Quick Restart","StSLib","SuperFastMode"],"gold_per_floor":[116,126,126,26,101,101,116,116,163,179,195,211,234,259,259,330,330,341,341,358,258,274,309,309,343,369,102,52,52,81,100,100,179,179,190,190,209,234,250,282,282,315,338,338,362,373,406,406,406,406,406,406,406,195,228,228],"floor_reached":57,"playtime":2409,"items_purged":["Strike_G","Strike_G","Defend_G","Strike_G","Defend_G"],"score":3546,"play_id":"70f3ccac-08fb-497e-9c45-4abe38fe5193","local_time":"20210112235924","is_ascension_mode":true,"campfire_choices":[{"data":"Prepared","floor":6.0,"key":"SMITH"},{"data":"Acrobatics","floor":8.0,"key":"SMITH"},{"floor":15.0,"key":"REST"},{"data":"Well Laid Plans","floor":24.0,"key":"SMITH"},{"data":"Adrenaline","floor":29.0,"key":"SMITH"},{"data":"Grand Finale","floor":32.0,"key":"SMITH"},{"data":"Neutralize","floor":41.0,"key":"SMITH"},{"floor":49.0,"key":"RECALL"},{"data":"After Image","floor":53.0,"key":"SMITH"}],"circlet_count":0,"master_deck":["AscendersBane","Defend_G","Defend_G","Survivor","Neutralize+1","Grand Finale+1","Acrobatics+1","Dagger Throw","Prepared+1","Tactician+1","Adrenaline+1","Adrenaline","Acrobatics+1","Master of Strategy","Reflex+1","After Image+1"],"relics":["Ring of the Snake","Art of War","Nunchaku","Orichalcum","Empty Cage","Blood Vial","Smiling Mask","Lantern","Molten Egg 2","Busted Crown","Tough Bandages","Vajra","Happy Flower","Toy Ornithopter","HornCleat","Anchor"],"acts_visited":["Exordium","TheCity","TheBeyond","TheEnding"],"potions_floor_usage":[56],"damage_taken":[{"damage":11.0,"enemies":"Jaw Worm","floor":1.0,"turns":6.0},{"damage":0.0,"enemies":"2 Louse","floor":2.0,"turns":3.0},{"damage":0.0,"enemies":"Cultist","floor":7.0,"turns":4.0},{"damage":12.0,"enemies":"2 Fungi Beasts","floor":10.0,"turns":5.0},{"damage":0.0,"enemies":"3 Louse","floor":11.0,"turns":2.0},{"damage":0.0,"enemies":"Looter","floor":12.0,"turns":2.0},{"damage":14.0,"enemies":"3 Sentries","floor":14.0,"turns":6.0},{"damage":0.0,"enemies":"Hexaghost","floor":16.0,"turns":9.0},{"damage":0.0,"enemies":"Chosen","floor":18.0,"turns":2.0},{"damage":0.0,"enemies":"3 Byrds","floor":20.0,"turns":2.0},{"damage":0.0,"enemies":"Snake Plant","floor":22.0,"turns":1.0},{"damage":0.0,"enemies":"Gremlin Leader","floor":23.0,"turns":3.0},{"damage":0.0,"enemies":"Book of Stabbing","floor":25.0,"turns":2.0},{"damage":0.0,"enemies":"Gremlin Leader","floor":30.0,"turns":1.0},{"damage":0.0,"enemies":"Centurion and Healer","floor":31.0,"turns":1.0},{"damage":0.0,"enemies":"Automaton","floor":33.0,"turns":1.0},{"damage":0.0,"enemies":"Orb Walker","floor":35.0,"turns":1.0},{"damage":0.0,"enemies":"3 Shapes","floor":37.0,"turns":1.0},{"damage":0.0,"enemies":"Mind Bloom Boss Battle","floor":38.0,"turns":1.0},{"damage":0.0,"enemies":"3 Darklings","floor":39.0,"turns":1.0},{"damage":0.0,"enemies":"Nemesis","floor":40.0,"turns":1.0},{"damage":0.0,"enemies":"Reptomancer","floor":42.0,"turns":1.0},{"damage":0.0,"enemies":"Maw","floor":46.0,"turns":1.0},{"damage":0.0,"enemies":"Nemesis","floor":47.0,"turns":1.0},{"damage":0.0,"enemies":"Awakened One","floor":50.0,"turns":2.0},{"damage":0.0,"enemies":"Donu and Deca","floor":51.0,"turns":1.0},{"damage":0.0,"enemies":"Shield and Spear","floor":55.0,"turns":1.0},{"damage":0,"enemies":"The Heart","floor":56,"turns":6}],"seed_played":"8330814974433556424","potions_obtained":[{"floor":7.0,"key":"Poison Potion"},{"floor":11.0,"key":"DistilledChaos"},{"floor":14.0,"key":"Swift Potion"},{"floor":16.0,"key":"GamblersBrew"},{"floor":18.0,"key":"CultistPotion"},{"floor":23.0,"key":"SkillPotion"},{"floor":30.0,"key":"Strength Potion"},{"floor":31.0,"key":"Energy Potion"},{"floor":37.0,"key":"FearPotion"}],"is_trial":false,"path_per_floor":["M","M","?","$","?","R","M","R","T","M","M","M","T","E","R","B",null,"M","?","M","$","M","E","R","E","T","$","$","R","E","M","R","B",null,"M","?","M","?","M","E","R","E","T","?","T","M","E","?","R","B","B",null,"R","$","E","B",null],"character_chosen":"THE_SILENT","items_purchased":["Prepared","Master of Strategy","Fruit Juice","Block Potion"],"campfire_rested":1,"item_purchase_floors":[4,27,54,54],"current_hp_per_floor":[48,48,41,41,30,30,30,30,30,18,18,18,18,4,23,23,55,55,55,55,55,55,55,55,57,57,57,57,57,59,61,61,63,65,66,66,66,66,66,66,66,66,66,66,66,66,66,66,66,66,66,66,66,71,71,71],"gold":228,"neow_bonus":"ONE_RANDOM_RARE_CARD","is_daily":false,"chose_seed":false,"campfire_upgraded":7,"win_rate":0.0,"timestamp":1610463564,"path_taken":["M","M","?","$","?","R","M","R","T","?","M","M","?","E","R","BOSS","M","?","M","$","M","E","R","E","T","?","$","R","E","M","R","BOSS","M","?","M","?","M","E","R","E","T","?","?","M","E","?","R","BOSS","BOSS","R","$","E","BOSS"],"items_purchased_type":["Card","Card","Potion","Potion"],"build_version":"2020-12-22","purchased_purges":5,"victory":true,"max_hp_per_floor":[66,66,66,66,66,66,66,66,66,66,66,66,66,66,66,66,66,66,66,66,66,66,66,66,66,66,66,66,66,66,66,66,66,66,66,66,66,66,66,66,66,66,66,66,66,66,66,66,66,66,66,66,66,71,71,71],"card_choices":[{"not_picked":["Backflip","Riddle With Holes"],"picked":"Acrobatics","floor":1.0},{"not_picked":["Crippling Poison","Quick Slash"],"picked":"Dagger Throw","floor":2.0},{"not_picked":["Dash","Setup"],"picked":"Well Laid Plans","floor":7.0},{"not_picked":["Deadly Poison","PiercingWail","Quick Slash"],"picked":"SKIP","floor":10.0},{"not_picked":["Concentrate","Outmaneuver","Flying Knee"],"picked":"SKIP","floor":11.0},{"not_picked":["Underhanded Strike","Skewer"],"picked":"Tactician","floor":12.0},{"not_picked":["Finisher","Crippling Poison"],"picked":"Adrenaline","floor":14.0},{"not_picked":["Wraith Form v2","Tools of the Trade"],"picked":"Adrenaline","floor":16.0},{"not_picked":["Flying Knee","Underhanded Strike","Dodge and Roll"],"picked":"SKIP","floor":18.0},{"not_picked":["Flechettes+1","Dagger Spray","Dagger Throw"],"picked":"SKIP","floor":20.0},{"not_picked":["Riddle With Holes","Dagger Throw","Caltrops+1"],"picked":"SKIP","floor":22.0},{"not_picked":["Footwork","Well Laid Plans+1"],"picked":"Acrobatics+1","floor":23.0},{"not_picked":["Poisoned Stab+1","Slice","Quick Slash"],"picked":"SKIP","floor":25.0},{"not_picked":["Deflect","Noxious Fumes","Expertise"],"picked":"SKIP","floor":30.0},{"not_picked":["Grand Finale+1","All Out Attack+1","Bane+1"],"picked":"SKIP","floor":31.0},{"not_picked":["Riddle With Holes+1"],"picked":"SKIP","floor":35.0},{"not_picked":["Outmaneuver+1"],"picked":"SKIP","floor":37.0},{"not_picked":["Deflect"],"picked":"SKIP","floor":39.0},{"not_picked":[],"picked":"Reflex+1","floor":40.0},{"not_picked":["Slice+1"],"picked":"SKIP","floor":42.0},{"not_picked":["Deadly Poison"],"picked":"SKIP","floor":46.0},{"not_picked":["Underhanded Strike+1"],"picked":"SKIP","floor":47.0},{"not_picked":["Well Laid Plans"],"picked":"SKIP","floor":55.0}],"player_experience":1028262,"relics_obtained":[{"floor":9.0,"key":"Art of War"},{"floor":13.0,"key":"Nunchaku"},{"floor":14.0,"key":"Orichalcum"},{"floor":23.0,"key":"Blood Vial"},{"floor":25.0,"key":"Smiling Mask"},{"floor":26.0,"key":"Lantern"},{"floor":30.0,"key":"Molten Egg 2"},{"floor":38.0,"key":"Tough Bandages"},{"floor":40.0,"key":"Vajra"},{"floor":42.0,"key":"Happy Flower"},{"floor":45.0,"key":"Toy Ornithopter"},{"floor":47.0,"key":"HornCleat"},{"floor":55.0,"key":"Anchor"}],"event_choices":[{"cards_removed":["Strike_G"],"damage_healed":0.0,"max_hp_gain":0.0,"max_hp_loss":0.0,"gold_gain":0.0,"event_name":"Golden Wing","player_choice":"Card Removal","floor":3.0,"gold_loss":0.0,"damage_taken":7.0},{"damage_healed":0.0,"max_hp_gain":0.0,"max_hp_loss":0.0,"gold_gain":75.0,"event_name":"World of Goop","player_choice":"Gather Gold","floor":5.0,"gold_loss":0.0,"damage_taken":11.0},{"damage_healed":0.0,"max_hp_gain":0.0,"max_hp_loss":0.0,"gold_gain":0.0,"event_name":"Accursed Blacksmith","player_choice":"Forge","floor":19.0,"gold_loss":0.0,"damage_taken":0.0,"cards_upgraded":["Tactician"]},{"cards_removed":["Well Laid Plans"],"damage_healed":0.0,"max_hp_gain":0.0,"max_hp_loss":0.0,"gold_gain":0.0,"event_name":"Falling","player_choice":"Removed Power","floor":36.0,"gold_loss":0.0,"damage_taken":0.0},{"damage_healed":0.0,"max_hp_gain":0.0,"max_hp_loss":0.0,"gold_gain":0.0,"event_name":"MindBloom","player_choice":"Fight","floor":38.0,"gold_loss":0.0,"damage_taken":0.0},{"damage_healed":0.0,"max_hp_gain":0.0,"max_hp_loss":0.0,"gold_gain":0.0,"event_name":"Tomb of Lord Red Mask","player_choice":"Ignored","floor":44.0,"gold_loss":0.0,"damage_taken":0.0},{"damage_healed":0.0,"max_hp_gain":0.0,"max_hp_loss":0.0,"gold_gain":0.0,"event_name":"Match and Keep!","player_choice":"1 cards matched","floor":48.0,"gold_loss":0.0,"damage_taken":0.0,"cards_obtained":["After Image"]}],"is_beta":false,"boss_relics":[{"not_picked":["SacredBark","SlaversCollar"],"picked":"Empty Cage"},{"not_picked":["Cursed Key","Sozu"],"picked":"Busted Crown"}],"items_purged_floors":[4,21,27,28,54],"is_endless":false,"potions_floor_spawned":[7,11,14,16,18,20,23,30,31,37,38],"ascension_level":20}}