{"host":"6swbl1yqdi8v28pk","time":1610416198,"event":{"mods":["AchievementEnabler","BaseMod","Colored Map","Minty Spire (QoL Compilation)","Quick Restart"],"gold_per_floor":[116,66,79,79,96,131,144,164,164,164,164,164,164,164,164,259,259,259,179,179,179,179,179,179,179,179,179,179,179],"floor_reached":28,"playtime":991,"items_purged":[],"score":243,"play_id":"9c55fb54-28ad-42cd-8a98-f3e28da42ecb","local_time":"20210111194958","is_ascension_mode":false,"campfire_choices":[{"data":"Redo","floor":12,"key":"SMITH"},{"data":"Coolheaded","floor":15,"key":"SMITH"},{"data":"Seek","floor":23,"key":"SMITH"},{"data":"RitualDagger","floor":25,"key":"SMITH"}],"circlet_count":0,"master_deck":["Defend_B","Defend_B","Defend_B","Dualcast","Auto Shields+1","Cold Snap","Coolheaded+1","Ball Lightning","Redo+1","Compile Driver","Seek+1","Reinforced Body","Loop","RitualDagger+1","Genetic Algorithm","Bite","Bite","Bite","Bite","Bite","Darkness"],"relics":["Cracked Core","NeowsBlessing","Ginger","Omamori","Ectoplasm","Letter Opener"],"acts_visited":["Exordium","TheCity"],"potions_floor_usage":[6,16,16,28],"damage_taken":[{"damage":0,"enemies":"2 Louse","floor":1,"turns":1},{"damage":0,"enemies":"Jaw Worm","floor":3,"turns":1},{"damage":0,"enemies":"Cultist","floor":5,"turns":1},{"damage":18,"enemies":"Gremlin Nob","floor":6,"turns":4},{"damage":9,"enemies":"Exordium Wildlife","floor":7,"turns":3},{"damage":0,"enemies":"3 Louse","floor":8,"turns":3},{"damage":31,"enemies":"Slime Boss","floor":16,"turns":12},{"damage":11,"enemies":"3 Byrds","floor":18,"turns":5},{"damage":0,"enemies":"Chosen","floor":21,"turns":5},{"damage":29,"enemies":"Centurion and Healer","floor":24,"turns":9},{"damage":18,"enemies":"Shelled Parasite and Fungi","floor":27,"turns":6},{"damage":40,"enemies":"Slavers","floor":28,"turns":4}],"seed_played":"3927558135708843709","potions_obtained":[{"floor":1,"key":"Fire Potion"},{"floor":3,"key":"LiquidMemories"},{"floor":6,"key":"CultistPotion"},{"floor":8,"key":"GamblersBrew"},{"floor":21,"key":"DuplicationPotion"},{"floor":27,"key":"Dexterity Potion"}],"is_trial":false,"path_per_floor":["M","?","M","?","M","E","M","M","T","T","?","R","?","?","R","B",null,"M","$","?","M","?","R","M","R","T","M","E"],"character_chosen":"DEFECT","items_purchased":["Loop"],"campfire_rested":0,"item_purchase_floors":[19],"current_hp_per_floor":[75,75,75,75,75,57,48,48,48,48,41,41,66,66,66,35,75,64,64,58,58,52,52,45,45,45,35,0,0],"gold":179,"neow_bonus":"THREE_ENEMY_KILL","is_daily":false,"chose_seed":false,"campfire_upgraded":4,"win_rate":0.0,"timestamp":1610416198,"path_taken":["M","?","M","?","M","E","?","M","T","?","?","R","?","?","R","BOSS","M","$","?","M","?","R","M","R","T","M","E"],"items_purchased_type":["Card"],"build_version":"2020-12-22","purchased_purges":0,"victory":false,"max_hp_per_floor":[75,75,75,75,75,75,75,75,75,75,75,75,75,75,75,75,75,75,75,75,75,52,52,52,52,52,52,52,52],"card_choices":[{"not_picked":["Streamline","Ball Lightning"],"picked":"Auto Shields","floor":1},{"not_picked":["Sweeping Beam","Rebound"],"picked":"Cold Snap","floor":3},{"not_picked":["Lockon","FTL"],"picked":"Coolheaded","floor":5},{"not_picked":["Fusion","Conserve Battery"],"picked":"Ball Lightning","floor":6},{"not_picked":["Steam","Go for the Eyes"],"picked":"Redo","floor":7},{"not_picked":["All For One","Conserve Battery"],"picked":"Compile Driver","floor":8},{"not_picked":["Amplify","Hyperbeam"],"picked":"Seek","floor":16},{"not_picked":["Rebound+1","Steam"],"picked":"Reinforced Body","floor":18},{"not_picked":["Rip and Tear","Leap"],"picked":"Genetic Algorithm","floor":21},{"not_picked":["Loop","Cold Snap+1"],"picked":"Darkness","floor":24},{"not_picked":["Beam Cell","Go for the Eyes+1","Redo"],"picked":"SKIP","floor":27}],"player_experience":124685,"relics_obtained":[{"floor":6,"key":"Ginger"},{"floor":10,"key":"Omamori"},{"floor":26,"key":"Letter Opener"}],"event_choices":[{"cards_removed":["Defend_B"],"damage_healed":0,"gold_gain":0,"player_choice":"Card Removal","damage_taken":0,"max_hp_gain":0,"max_hp_loss":0,"event_name":"The Cleric","floor":2,"gold_loss":50},{"damage_healed":0,"gold_gain":0,"player_choice":"Forge","damage_taken":0,"max_hp_gain":0,"max_hp_loss":0,"event_name":"Accursed Blacksmith","floor":4,"gold_loss":0,"cards_upgraded":["Auto Shields"]},{"cards_removed":["Strike_B"],"damage_healed":0,"gold_gain":0,"player_choice":"Card Removal","damage_taken":7,"max_hp_gain":0,"max_hp_loss":0,"event_name":"Golden Wing","floor":11,"gold_loss":0},{"damage_healed":25,"gold_gain":0,"player_choice":"Banana","damage_taken":0,"max_hp_gain":0,"max_hp_loss":0,"event_name":"Big Fish","floor":13,"gold_loss":0},{"cards_removed":["Zap"],"damage_healed":0,"gold_gain":0,"player_choice":"Offered Basic","damage_taken":0,"max_hp_gain":0,"max_hp_loss":0,"event_name":"Bonfire Elementals","floor":14,"gold_loss":0},{"damage_healed":0,"gold_gain":0,"player_choice":"Joined the Cult","damage_taken":6,"max_hp_gain":0,"max_hp_loss":0,"event_name":"Nest","floor":20,"gold_loss":0,"cards_obtained":["RitualDagger"]},{"damage_healed":0,"gold_gain":0,"player_choice":"Became a vampire","damage_taken":0,"max_hp_gain":0,"max_hp_loss":23,"event_name":"Vampires","floor":22,"gold_loss":0,"cards_obtained":["Bite","Bite","Bite","Bite","Bite"]}],"is_beta":false,"boss_relics":[{"not_picked":["Tiny House","Coffee Dripper"],"picked":"Ectoplasm"}],"items_purged_floors":[],"is_endless":false,"potions_floor_spawned":[1,3,6,8,21,27],"killed_by":"Slavers","ascension_level":0}}