{"host":"wha9hktbkslqvblg","time":1610458388,"event":{"mods":["BaseMod","Colored Map","Minty Spire (QoL Compilation)","Relic Stats","SuperFastMode","everything is the same but u backflip on backflip"],"gold_per_floor":[109,122,197,347,347,388,388,134,134,175,199,262,322,342,342,342,342],"floor_reached":16,"playtime":271,"items_purged":["Doubt"],"score":274,"play_id":"31cba9e6-79b5-49fc-b807-eab6c8971302","local_time":"20210112223308","is_ascension_mode":true,"campfire_choices":[{"data":"Perfected Strike","floor":7.0,"key":"SMITH"},{"data":"Armaments","floor":15,"key":"SMITH"}],"circlet_count":0,"master_deck":["AscendersBane","Strike_R","Strike_R","Strike_R","Strike_R","Strike_R","Defend_R","Defend_R","Defend_R","Defend_R","Bash","Perfected Strike+1","Wild Strike","Shrug It Off","HandOfGreed","Clothesline","Armaments+1"],"relics":["Burning Blood","NeowsBlessing","Golden Idol","Regal Pillow","Singing Bowl","Bottled Flame"],"acts_visited":["Exordium"],"potions_floor_usage":[16],"damage_taken":[{"damage":0.0,"enemies":"Cultist","floor":1.0,"turns":1.0},{"damage":0.0,"enemies":"Jaw Worm","floor":2.0,"turns":1.0},{"damage":0.0,"enemies":"Gremlin Nob","floor":6.0,"turns":1.0},{"damage":0.0,"enemies":"Small Slimes","floor":10.0,"turns":2.0},{"damage":18.0,"enemies":"Exordium Thugs","floor":11.0,"turns":4.0},{"damage":5.0,"enemies":"Gremlin Gang","floor":12.0,"turns":5.0},{"damage":25.0,"enemies":"3 Sentries","floor":13.0,"turns":5.0},{"damage":3,"enemies":"Looter","floor":14,"turns":2},{"damage":19,"enemies":"The Guardian","floor":16,"turns":7}],"seed_played":"5241482786166572136","potions_obtained":[{"floor":6.0,"key":"PowerPotion"},{"floor":10.0,"key":"Explosive Potion"},{"floor":13,"key":"Strength Potion"},{"floor":14,"key":"SkillPotion"}],"is_trial":false,"path_per_floor":["M","M","?","?","?","E","R","$","T","M","M","M","E","M","R","B"],"character_chosen":"IRONCLAD","items_purchased":["HandOfGreed"],"campfire_rested":0,"item_purchase_floors":[8],"current_hp_per_floor":[74,75,64,64,38,44,44,44,44,52,42,43,24,29,29,10,10],"gold":342,"neow_bonus":"THREE_ENEMY_KILL","is_daily":false,"chose_seed":false,"campfire_upgraded":2,"win_rate":0.0,"timestamp":1610458388,"path_taken":["M","M","?","?","?","E","R","$","T","M","?","M","E","M","R","BOSS"],"items_purchased_type":["Card"],"build_version":"2020-12-22","purchased_purges":1,"victory":false,"max_hp_per_floor":[75,75,75,75,75,75,75,75,75,77,79,79,79,81,81,81,81],"relic_stats":{"Regal Pillow":0,"Singing Bowl":6,"counters":[9,28],"Golden Idol":42,"obtain_stats":[{"Regal Pillow":6,"Bottled Flame":13,"NeowsBlessing":0,"Singing Bowl":9,"Golden Idol":5,"Burning Blood":0},{"Regal Pillow":3,"Bottled Flame":7,"NeowsBlessing":0,"Singing Bowl":3,"Golden Idol":2,"Burning Blood":0},{"Regal Pillow":3,"Bottled Flame":19,"NeowsBlessing":0,"Singing Bowl":3,"Golden Idol":2,"Burning Blood":0}],"Burning Blood":43},"card_choices":[{"not_picked":["Clash","Fire Breathing"],"picked":"Perfected Strike","floor":1.0},{"not_picked":["Clothesline","True Grit"],"picked":"Wild Strike","floor":2.0},{"not_picked":["Limit Break","Sword Boomerang"],"picked":"Shrug It Off","floor":6.0},{"not_picked":["Metallicize","Sever Soul","Sword Boomerang"],"picked":"Singing Bowl","floor":10.0},{"not_picked":["Havoc","Warcry","Combust"],"picked":"Singing Bowl","floor":11.0},{"not_picked":["Flex","Dropkick"],"picked":"Clothesline","floor":12.0},{"not_picked":["Headbutt","Sword Boomerang"],"picked":"Armaments","floor":13},{"not_picked":["Limit Break","Flex","Heavy Blade"],"picked":"Singing Bowl","floor":14}],"player_experience":958840,"relics_obtained":[{"floor":6.0,"key":"Regal Pillow"},{"floor":9.0,"key":"Singing Bowl"},{"floor":13,"key":"Bottled Flame"}],"event_choices":[{"damage_healed":0.0,"max_hp_gain":0.0,"max_hp_loss":0.0,"gold_gain":75.0,"event_name":"World of Goop","player_choice":"Gather Gold","floor":3.0,"gold_loss":0.0,"damage_taken":11.0},{"damage_healed":0.0,"max_hp_gain":0.0,"max_hp_loss":0.0,"gold_gain":150.0,"event_name":"Liars Game","player_choice":"AGREE","floor":4.0,"gold_loss":0.0,"damage_taken":0.0,"cards_obtained":["Doubt"]},{"damage_healed":0.0,"max_hp_gain":0.0,"max_hp_loss":0.0,"gold_gain":0.0,"event_name":"Golden Idol","player_choice":"Take Damage","floor":5.0,"gold_loss":0.0,"damage_taken":26.0,"relics_obtained":["Golden Idol"]}],"is_beta":false,"boss_relics":[],"items_purged_floors":[8],"is_endless":false,"potions_floor_spawned":[6,10,13,14],"killed_by":"The Guardian","ascension_level":20}}