{"host":"j9kxs091fhjybap3","time":1610414678,"event":{"mods":["100% Spire Juice","Act Like it!","BaseMod","Minty Spire (QoL Compilation)","StSLib"],"gold_per_floor":[112,123,73,85,85,85,95,95,95,95,95,111,145,47,47,152,152,169,180,218,231,231,231],"floor_reached":22,"playtime":874,"items_purged":[],"score":197,"play_id":"38c2d4d6-7cd5-4437-bc34-36236463f43e","local_time":"20210111202438","is_ascension_mode":true,"campfire_choices":[{"data":"Moonworks:ImOnFire","floor":6,"key":"SMITH"},{"data":"Moonworks:BackdoorTrade","floor":8,"key":"SMITH"},{"data":"Moonworks:AnotherUltimateWeapon","floor":11,"key":"SMITH"},{"floor":15,"key":"REST"}],"circlet_count":0,"master_deck":["Moonworks:Strike","Moonworks:Strike","Moonworks:Strike","Moonworks:Defend","Moonworks:Defend","Moonworks:Defend","Moonworks:Defend","Moonworks:Ambush","Moonworks:LongDistanceShot","Moonworks:AnotherUltimateWeapon+1","Moonworks:ImOnFire","Moonworks:ImOnFire+1","Moonworks:BackdoorTrade+1","Moonworks:TacticalRetreat","Moonworks:BigMagnum","Moonworks:RocketCannon","Moonworks:SakisCookie"],"relics":["Moonworks:BrokenBomb","Moonworks:Homemark","HornCleat","Potion Belt","CeramicFish","Red Mask"],"acts_visited":["Exordium","TheCity"],"potions_floor_usage":[14,18,19,20,22],"damage_taken":[{"damage":0,"enemies":"Cultist","floor":1,"turns":4},{"damage":7,"enemies":"2 Louse","floor":2,"turns":3},{"damage":2,"enemies":"Jaw Worm","floor":4,"turns":4},{"damage":0,"enemies":"Exordium Wildlife","floor":7,"turns":4},{"damage":0,"enemies":"3 Louse","floor":12,"turns":4},{"damage":28,"enemies":"Gremlin Nob","floor":13,"turns":4},{"damage":4,"enemies":"Lots of Slimes","floor":14,"turns":4},{"damage":16,"enemies":"Hexaghost","floor":16,"turns":8},{"damage":0,"enemies":"Shell Parasite","floor":18,"turns":4},{"damage":0,"enemies":"Spheric Guardian","floor":19,"turns":3},{"damage":20,"enemies":"Masked Bandits","floor":20,"turns":5},{"damage":15,"enemies":"Shelled Parasite and Fungi","floor":21,"turns":5},{"damage":28,"enemies":"Snecko","floor":22,"turns":6}],"seed_played":"-4074197986380990692","potions_obtained":[{"floor":4,"key":"Weak Potion"},{"floor":13,"key":"Strength Potion"},{"floor":14,"key":"SneckoOil"},{"floor":16,"key":"DistilledChaos"},{"floor":18,"key":"DistilledChaos"},{"floor":21,"key":"Energy Potion"}],"is_trial":false,"path_per_floor":["M","M","?","M","?","R","M","R","T","$","R","M","E","M","R","B",null,"M","M","?","M","M"],"character_chosen":"THE_STARBREAKER","items_purchased":[],"campfire_rested":1,"item_purchase_floors":[],"current_hp_per_floor":[60,53,53,51,51,51,51,51,51,51,51,51,23,19,37,21,60,60,60,40,25,0,0],"gold":231,"neow_bonus":"ONE_RANDOM_RARE_CARD","is_daily":false,"chose_seed":false,"campfire_upgraded":3,"win_rate":0.0,"timestamp":1610414678,"path_taken":["M","M","?","M","?","R","M","R","T","$","R","M","E","M","R","BOSS","M","?","?","M","M"],"items_purchased_type":[],"build_version":"2020-12-22","purchased_purges":0,"victory":false,"max_hp_per_floor":[60,60,60,60,60,60,60,60,60,60,60,60,60,60,60,60,60,60,60,60,60,60,60],"card_choices":[{"not_picked":["Moonworks:Dinner","Moonworks:Bloodlust"],"picked":"Moonworks:ImOnFire","floor":1},{"not_picked":["Moonworks:CloudOfSeagulls","Moonworks:Accelerator"],"picked":"Moonworks:ImOnFire","floor":2},{"not_picked":["Moonworks:CloudOfSeagulls","Moonworks:WindyEnchantment"],"picked":"Moonworks:BackdoorTrade","floor":4},{"not_picked":["Moonworks:CompletionReward","Moonworks:CloudOfSeagulls","Moonworks:Heat300Percent"],"picked":"SKIP","floor":7},{"not_picked":["Moonworks:CookingTime","Moonworks:Dash"],"picked":"Moonworks:TacticalRetreat","floor":12},{"not_picked":["Moonworks:ScrambledEve","Moonworks:UnluckyCharm","Moonworks:NicePresent"],"picked":"SKIP","floor":13},{"not_picked":["Moonworks:CookingTime","Moonworks:UnpaidWork"],"picked":"Moonworks:BigMagnum","floor":14},{"not_picked":["Moonworks:Blazing","Moonworks:EvilMastermind"],"picked":"Moonworks:RocketCannon","floor":16},{"not_picked":["Moonworks:CookingTime","Moonworks:TreasureThief","Moonworks:EvilSpyWorkPreparation"],"picked":"SKIP","floor":18},{"not_picked":["Moonworks:Assault","Moonworks:SelfDestruct","Moonworks:LulusLuckyEgg"],"picked":"SKIP","floor":19},{"not_picked":["Moonworks:NicePresent","Moonworks:BindingChains+1"],"picked":"Moonworks:SakisCookie","floor":20},{"not_picked":["Moonworks:IndiscriminateFireSupport","Moonworks:LulusLuckyEgg","Moonworks:Assault"],"picked":"SKIP","floor":21}],"player_experience":947861,"relics_obtained":[{"floor":9,"key":"Potion Belt"},{"floor":13,"key":"CeramicFish"},{"floor":20,"key":"Red Mask"}],"event_choices":[{"cards_removed":["Moonworks:Strike"],"damage_healed":0,"gold_gain":0,"player_choice":"Card Removal","damage_taken":0,"max_hp_gain":0,"max_hp_loss":0,"event_name":"The Cleric","floor":3,"gold_loss":50},{"damage_healed":0,"gold_gain":0,"player_choice":"Gave Potion","damage_taken":0,"relics_obtained":["HornCleat"],"max_hp_gain":0,"max_hp_loss":0,"event_name":"WeMeetAgain","floor":5,"gold_loss":0},{"damage_healed":0,"gold_gain":0,"player_choice":"Fought Bandits","damage_taken":0,"max_hp_gain":0,"max_hp_loss":0,"event_name":"Masked Bandits","floor":20,"gold_loss":0}],"is_beta":false,"boss_relics":[{"not_picked":["Fusion Hammer","Astrolabe","Cursed Key"]}],"items_purged_floors":[],"is_endless":false,"potions_floor_spawned":[4,13,14,16,18,21],"killed_by":"Snecko","ascension_level":1}}