{"host":"jkrqlov8aogccnw1","time":1610416287,"event":{"mods":["BaseMod","Colored Map","Colored Powertips","Downfall","GifTheSpireLib","Minty Spire (QoL Compilation)","Permanent Neow","Rare Cards Sparkle","Relic Filter","StSLib"],"gold_per_floor":[99,109,109,109,124,124,202,202,202,202,237,250,276,296,311,311,311,311],"floor_reached":16,"playtime":610,"items_purged":[],"score":116,"play_id":"eb97f6d7-d727-4620-a336-f819709504ee","local_time":"20210111205127","is_ascension_mode":true,"campfire_choices":[{"data":"champ:Taunt","floor":1,"key":"SMITH"},{"data":"champ:DeathBlow","floor":8,"key":"SMITH"},{"floor":10,"key":"RECALL"}],"circlet_count":0,"master_deck":["champ:Strike","champ:Strike","champ:Strike","champ:Strike","champ:Defend","champ:Defend","champ:Defend+1","champ:Defend","champ:Execute+1","champ:Taunt+1","champ:Haymaker+1","champ:DeathBlow+1","champ:AdrenalArmor+1","downfall:Malfunctioning","champ:AdrenalArmor+1","champ:GutPunch","champ:StanceDance","champ:RecklessLeap","champ:StanceDance","champ:Encircle"],"relics":["champ:ChampionCrown","Pear","CaptainsWheel","Bag of Preparation"],"acts_visited":["Exordium"],"potions_floor_usage":[16,16,16],"damage_taken":[{"damage":12,"enemies":"Small Slimes","floor":2,"turns":4},{"damage":0,"enemies":"Cultist","floor":4,"turns":1},{"damage":10,"enemies":"2 Louse","floor":5,"turns":2},{"damage":87,"enemies":"3 Sentries","floor":11,"turns":10},{"damage":69,"enemies":"Exordium Thugs","floor":12,"turns":6},{"damage":39,"enemies":"Gremlin Nob","floor":13,"turns":4},{"damage":20,"enemies":"Blue Slaver","floor":14,"turns":3},{"damage":18,"enemies":"Large Slime","floor":15,"turns":2},{"damage":59,"enemies":"downfall:Watcher","floor":16,"turns":6}],"seed_played":"-2426559186300234772","potions_obtained":[{"floor":2,"key":"Block Potion"},{"floor":14,"key":"DuplicationPotion"},{"floor":15,"key":"champ:TechniquePotion"}],"is_trial":false,"path_per_floor":["R","M","?","M","M","?","T","R","?","R","E","M","E","M","M","B"],"character_chosen":"THE_CHAMP","items_purchased":[],"campfire_rested":0,"item_purchase_floors":[],"current_hp_per_floor":[90,88,88,88,88,88,98,98,98,98,61,52,43,43,40,0,0,0],"gold":311,"neow_bonus":"UPGRADE_CARD","is_daily":false,"chose_seed":false,"campfire_upgraded":2,"win_rate":0.0,"timestamp":1610416287,"path_taken":["R","M","?","M","M","?","T","R","?","R","E","?","E","M","M","BOSS"],"items_purchased_type":[],"build_version":"2020-12-22","purchased_purges":0,"victory":false,"max_hp_per_floor":[90,90,90,90,90,90,100,100,100,100,100,100,100,100,100,100,100,100],"card_choices":[{"not_picked":["champ:ShieldSigil","champ:CrownThrow"],"picked":"champ:Haymaker","floor":2},{"not_picked":["champ:Parry","champ:PerfectedStrike"],"picked":"champ:DeathBlow","floor":4},{"not_picked":["champ:ShieldSigil","champ:EnGarde"],"picked":"champ:AdrenalArmor","floor":5},{"not_picked":["champ:StrikeOfGenius","champ:EndlessRage"],"picked":"champ:GutPunch","floor":11},{"not_picked":["champ:CrownThrow","champ:DeathBlow"],"picked":"champ:StanceDance","floor":12},{"not_picked":["champ:TornadoPunch","champ:Backstep"],"picked":"champ:RecklessLeap","floor":13},{"not_picked":["champ:FlashCut","champ:Backstep"],"picked":"champ:StanceDance","floor":14},{"not_picked":["champ:EnGarde","champ:GutPunch"],"picked":"champ:Encircle","floor":15}],"player_experience":298516,"relics_obtained":[{"floor":7,"key":"Pear"},{"floor":11,"key":"CaptainsWheel"},{"floor":13,"key":"Bag of Preparation"}],"event_choices":[],"is_beta":false,"boss_relics":[],"items_purged_floors":[],"is_endless":false,"potions_floor_spawned":[2,14,15],"killed_by":"downfall:Watcher","ascension_level":1}}