{"host":"80ojs5zx0tu8i1zz","time":1610443281,"event":{"mods":["AchievementEnabler","Arknights The Spire","Aspiration","BaseMod","ChefMod","Colored Map","Colored Powertips","Hermit","Hubris","Infinite Spire","Jorbs\u0027s Wanderer Trilogy","Minty Spire (QoL Compilation)","Replay The Spire","Shop Mod","StSLib","The Dragon Tamer","The Hayseed","The Hierophant","The Marked"],"gold_per_floor":[116,135,135,152,152,152,187,213,213,298,317,317,333,1,1,104,104,117,131,131,147,147,147,107,136,136,136,197,197,197],"floor_reached":29,"playtime":1366,"items_purged":["ats:Strike S"],"score":253,"play_id":"b22e11e6-9dc6-4590-9ed3-36f48b6c2615","local_time":"20210112112121","is_ascension_mode":false,"campfire_choices":[{"data":"ats:Automatic Cover","floor":6,"key":"SMITH"},{"floor":12,"key":"REST"},{"data":"Trip","floor":15,"key":"SMITH"},{"data":"ats:Calcification","floor":23,"key":"SMITH"},{"data":"ats:Demon Strength","floor":27,"key":"SMITH"}],"circlet_count":0,"master_deck":["ats:Strike C","ats:Strike G+1","ats:Strike V","ats:Armor Crushing Shot","ats:Defend","ats:Defend","ats:Defend+1","ats:Emotion Absorption+1","ats:Hook Shot+1","ats:Sunburst+1","ats:Explosion Area Strengthen","ats:Automatic Cover+1","ats:Leaping Hammer","ats:Hammer On","ats:Ignite","ats:Demon Strength+1","Trip+1","ats:Flexible Camouflage","ats:Calcification+1","ats:Thorns","ats:Leaping Hammer","ats:Powerful Strike+1","ats:Apocalypse","ats:Consecutive Shot Auto"],"relics":["ats:Sanity","ats:Originium","infinitespire:EmpoweringShard","hubris:TenFootPole","hubris:MobiusCoin","hubris:AstralHammer","infinitespire:Lucky Rock","aspiration:RitualDagger","Pen Nib","The Courier"],"acts_visited":["Exordium","TheCity"],"potions_floor_usage":[7,16,25,29],"damage_taken":[{"damage":8,"enemies":"Cultist","floor":1,"turns":5},{"damage":3,"enemies":"2 Louse","floor":2,"turns":4},{"damage":7,"enemies":"Jaw Worm","floor":4,"turns":4},{"damage":19,"enemies":"Gremlin Nob","floor":7,"turns":5},{"damage":13,"enemies":"3 Sentries","floor":10,"turns":5},{"damage":0,"enemies":"Lots of Slimes","floor":11,"turns":3},{"damage":2,"enemies":"Blue Slaver","floor":13,"turns":3},{"damage":27,"enemies":"Hexaghost","floor":16,"turns":8},{"damage":35,"enemies":"3 Byrds","floor":18,"turns":4},{"damage":9,"enemies":"Chosen","floor":19,"turns":3},{"damage":39,"enemies":"Sentry and Sphere","floor":21,"turns":5},{"damage":69,"enemies":"Slavers","floor":25,"turns":5},{"damage":38,"enemies":"Snecko","floor":28,"turns":5},{"damage":18,"enemies":"Replay:Snechameleon","floor":29,"turns":1}],"seed_played":"6621492421732828332","potions_obtained":[{"floor":2,"key":"Elixir"},{"floor":4,"key":"SneckoOil"},{"floor":10,"key":"Milkshake"},{"floor":16,"key":"FearPotion"},{"floor":25,"key":"Energy Potion"}],"is_trial":false,"path_per_floor":["M","M","?","M","?","R","E","T","T","E","M","R","M","$","R_BF","B",null,"M","M","?","M","?","R","?","E","T","R","M","E"],"character_chosen":"DOCTOR_CLASS","items_purchased":["infinitespire:Lucky Rock","Trip","ats:Flexible Camouflage"],"campfire_rested":1,"item_purchase_floors":[14,14,14],"current_hp_per_floor":[71,68,68,61,45,45,26,26,26,13,13,36,34,34,34,7,79,44,35,35,78,78,78,78,28,28,28,7,0,0],"gold":197,"neow_bonus":"TEN_PERCENT_HP_BONUS","is_daily":false,"chose_seed":false,"campfire_upgraded":4,"win_rate":0.0,"timestamp":1610443281,"path_taken":["M","?","?","M","?","R","E","?","T","E","M","R","?","$","R_BF","BOSS","M","M","?","M","?","R","?","E","T","R","M","E"],"items_purchased_type":["Relic","Card","Card"],"build_version":"2020-12-22","purchased_purges":1,"victory":false,"max_hp_per_floor":[79,79,79,79,79,79,79,79,79,79,79,79,79,79,79,79,79,79,79,79,79,79,79,79,79,79,79,79,79,79],"card_choices":[{"not_picked":["ats:Spore Proliferation","ats:Shell Defense"],"picked":"ats:Hook Shot","floor":1},{"not_picked":["ats:Beaten Up","ats:Rapid Magazine"],"picked":"ats:Sunburst","floor":2},{"not_picked":["ats:Powerful Strike","ats:Revitalization"],"picked":"ats:Automatic Cover","floor":4},{"not_picked":["ats:Childhood Dance","ats:Echo Reverb"],"picked":"ats:Leaping Hammer","floor":7},{"not_picked":["ats:Counter Healing Mode","ats:Consecutive Shot Auto"],"picked":"ats:Hammer On","floor":10},{"not_picked":["ats:Flexible Camouflage","ats:Sunburst"],"picked":"ats:Ignite","floor":11},{"not_picked":["ats:Soul Absorption","ats:Poison Spread"],"picked":"ats:Demon Strength","floor":13},{"not_picked":["ats:Disruption Kick","ats:Durian"],"picked":"ats:Calcification","floor":16},{"not_picked":["ats:Cat Scratch","ats:Sword Rain"],"picked":"ats:Thorns","floor":18},{"not_picked":["ats:Ignite","ats:Part Time Job"],"picked":"ats:Leaping Hammer","floor":19},{"not_picked":["ats:Steam Pump","ats:Curse Doll"],"picked":"ats:Powerful Strike+1","floor":21},{"not_picked":["ats:Explosion Area Strengthen","ats:Calcification"],"picked":"ats:Apocalypse","floor":25},{"not_picked":["ats:Ignite","ats:Poison Spread+1"],"picked":"ats:Consecutive Shot Auto","floor":28}],"player_experience":216019,"relics_obtained":[{"floor":7,"key":"ats:Originium"},{"floor":7,"key":"infinitespire:EmpoweringShard"},{"floor":8,"key":"hubris:TenFootPole"},{"floor":9,"key":"hubris:MobiusCoin"},{"floor":10,"key":"ats:Originium"},{"floor":10,"key":"hubris:AstralHammer"},{"floor":25,"key":"ats:Originium"},{"floor":25,"key":"Pen Nib"},{"floor":26,"key":"The Courier"}],"event_choices":[{"damage_healed":0,"gold_gain":0,"cards_transformed":["ats:Defend"],"player_choice":"Change","damage_taken":0,"max_hp_gain":0,"max_hp_loss":0,"event_name":"Living Wall","floor":3,"gold_loss":0,"cards_obtained":["ats:Explosion Area Strengthen"]},{"damage_healed":0,"gold_gain":0,"player_choice":"Entered Light","damage_taken":16,"max_hp_gain":0,"max_hp_loss":0,"event_name":"Shining Light","floor":5,"gold_loss":0,"cards_upgraded":["ats:Sunburst","ats:Strike G"]},{"damage_healed":0,"gold_gain":0,"player_choice":"Ignored","damage_taken":0,"max_hp_gain":0,"max_hp_loss":0,"event_name":"Vampires","floor":22,"gold_loss":0},{"damage_healed":0,"gold_gain":0,"player_choice":"Upgraded Two","damage_taken":0,"max_hp_gain":0,"max_hp_loss":0,"event_name":"Designer","floor":24,"gold_loss":40,"cards_upgraded":["ats:Hook Shot","ats:Defend"]}],"is_beta":false,"boss_relics":[{"not_picked":["infinitespire:Cupcake","Philosopher\u0027s Stone"],"picked":"aspiration:RitualDagger"}],"items_purged_floors":[14],"is_endless":false,"potions_floor_spawned":[2,4,10,16,25],"killed_by":"Replay:Snechameleon","ascension_level":0}}