{"host":"qj91dvco5uhu9oti","time":1610422879,"event":{"mods":["BaseMod","Colored Map","Downfall","Keyboard Shortcuts","Minty Spire (QoL Compilation)","Permanent Neow","Relic Stats","StSLib","SuperFastMode","everything is the same but u backflip on backflip"],"gold_per_floor":[99,115,134,134,151,162,188,338,69,89,108,126,126,139,156,260,260,260,278,278,293,307,307,377,377,377,107,122,151,151,151,151],"floor_reached":30,"playtime":1378,"items_purged":["Slimebound:Tackle","Slimebound:CorrosiveSpit"],"score":321,"play_id":"b14c86f4-e67a-4daa-b66a-782ff708d33f","local_time":"20210112124119","is_ascension_mode":false,"campfire_choices":[{"data":"Slimebound:MassFeed","floor":1,"key":"SMITH"},{"data":"Slimebound:Split","floor":13,"key":"SMITH"},{"data":"Slimebound:Schlurp","floor":18,"key":"SMITH"},{"data":"Slimebound:TongueLash","floor":25,"key":"SMITH"}],"circlet_count":0,"master_deck":["Slimebound:Defend_Slimebound","Slimebound:Defend_Slimebound","Slimebound:Split+1","Slimebound:MassFeed+1","Slimebound:TongueLash+1","Slimebound:SplitMire","Slimebound:TongueLash","Slimebound:ItLooksTasty","Slimebound:LeadByExample","Slimebound:Schlurp+1","Slimebound:FormOfPuddle","Slimebound:LeechEnergy","Slimebound:AcidTongue","Slimebound:AcidTongue","Slimebound:RainOfGoop+1","Slimebound:DuplicatedForm","Slimebound:GoopSpray","Slimebound:Schlurp","Slimebound:LivingWall","Sadistic Nature+1","Slimebound:HauntingLick","Slimebound:TongueLash"],"relics":["Slimebound:AbsorbEndCombat","Bronze Scales","Membership Card","Philosopher\u0027s Stone","Frozen Egg 2","Toy Ornithopter","Pen Nib"],"acts_visited":["Exordium","TheCity"],"potions_floor_usage":[6,16,22,29,29],"damage_taken":[{"damage":17,"enemies":"Small Slimes","floor":2,"turns":4},{"damage":4,"enemies":"2 Louse","floor":3,"turns":2},{"damage":21,"enemies":"Cultist","floor":5,"turns":4},{"damage":27,"enemies":"Large Slime","floor":6,"turns":6},{"damage":18,"enemies":"downfall:FleeingMerchant","floor":9,"turns":4},{"damage":13,"enemies":"Gremlin Gang","floor":10,"turns":3},{"damage":9,"enemies":"2 Fungi Beasts","floor":11,"turns":3},{"damage":22,"enemies":"Large Slime","floor":12,"turns":5},{"damage":39,"enemies":"Red Slaver","floor":14,"turns":5},{"damage":16,"enemies":"Blue Slaver","floor":15,"turns":3},{"damage":43,"enemies":"downfall:Silent","floor":16,"turns":6},{"damage":51,"enemies":"Shell Parasite","floor":19,"turns":4},{"damage":17,"enemies":"Spheric Guardian","floor":21,"turns":4},{"damage":39,"enemies":"Cultist and Chosen","floor":22,"turns":4},{"damage":47,"enemies":"downfall:FleeingMerchant","floor":27,"turns":4},{"damage":3,"enemies":"Snake Plant","floor":28,"turns":2},{"damage":54,"enemies":"Slavers","floor":29,"turns":4},{"damage":45,"enemies":"Sentry and Sphere","floor":30,"turns":5}],"seed_played":"6049133485055703007","potions_obtained":[{"floor":3,"key":"Weak Potion"},{"floor":5,"key":"Block Potion"},{"floor":10,"key":"Weak Potion"},{"floor":15,"key":"PowerPotion"},{"floor":16,"key":"Explosive Potion"},{"floor":22,"key":"Block Potion"}],"is_trial":false,"path_per_floor":["R","M","M","?","M","M","T","?","$","M","M","M","R","M","M","B",null,"R","M","?","M","M","?","T","R","?","$","M","E","M"],"character_chosen":"SLIMEBOUND","items_purchased":["Membership Card","Slimebound:Schlurp","Slimebound:FormOfPuddle","Sadistic Nature+1","Toy Ornithopter","Slimebound:HauntingLick"],"campfire_rested":0,"item_purchase_floors":[9,9,9,27,27,27],"current_hp_per_floor":[54,51,61,58,57,54,54,54,54,63,66,68,68,39,39,22,94,94,80,72,73,79,79,79,79,79,63,60,34,0,0,0],"gold":151,"neow_bonus":"TRANSFORM_TWO_CARDS","is_daily":false,"chose_seed":false,"campfire_upgraded":4,"win_rate":0.0,"timestamp":1610422879,"path_taken":["R","M","M","?","M","M","T","?","$","M","M","M","R","?","M","BOSS","R","M","?","M","?","?","T","R","?","$","M","E","M"],"items_purchased_type":["Relic","Card","Card","Card","Relic","Card"],"build_version":"2020-12-22","purchased_purges":2,"victory":false,"max_hp_per_floor":[54,62,70,70,74,78,78,78,78,86,86,90,90,90,90,94,94,94,98,98,102,106,106,106,106,106,106,106,106,110,110,110],"relic_stats":{"counters":[18,71],"Bronze Scales":[130],"Pen Nib":[0],"obtain_stats":[{"Bronze Scales":7,"Philosopher\u0027s Stone":17,"Pen Nib":29,"Slimebound:AbsorbEndCombat":0,"Juzu Bracelet":4,"Membership Card":9,"Frozen Egg 2":24,"Toy Ornithopter":27},{"Bronze Scales":4,"Philosopher\u0027s Stone":11,"Pen Nib":17,"Slimebound:AbsorbEndCombat":0,"Juzu Bracelet":2,"Membership Card":5,"Frozen Egg 2":14,"Toy Ornithopter":15},{"Bronze Scales":16,"Philosopher\u0027s Stone":44,"Pen Nib":66,"Slimebound:AbsorbEndCombat":0,"Juzu Bracelet":6,"Membership Card":20,"Frozen Egg 2":56,"Toy Ornithopter":60}],"Toy Ornithopter":10},"card_choices":[{"not_picked":["Slimebound:LeechingTouch","Slimebound:SlimeBrawl","Slimebound:SpikyOuterGoop"],"picked":"SKIP","floor":2},{"not_picked":["Slimebound:Nibble","Slimebound:DisruptingSlam"],"picked":"Slimebound:SplitMire","floor":3},{"not_picked":["Slimebound:Nibble","Slimebound:PressTheAttack"],"picked":"Slimebound:TongueLash","floor":5},{"not_picked":["Slimebound:SamplingLick","Slimebound:AcidTongue"],"picked":"Slimebound:ItLooksTasty","floor":6},{"not_picked":["Slimebound:Grow","Slimebound:GoopSpray"],"picked":"Slimebound:LeadByExample","floor":9},{"not_picked":["Slimebound:ComboTackle","Slimebound:SelfFormingGoo"],"picked":"Slimebound:LeechEnergy","floor":10},{"not_picked":["Slimebound:ViciousTackle","Slimebound:Nibble"],"picked":"Slimebound:AcidTongue","floor":11},{"not_picked":["Slimebound:SplitMire","Slimebound:SplitLeeching"],"picked":"Slimebound:AcidTongue","floor":12},{"not_picked":["Slimebound:LevelUp","Slimebound:FormOfPuddle","Slimebound:ProtectTheBoss"],"picked":"SKIP","floor":14},{"not_picked":["Slimebound:LevelUp","Slimebound:FormOfPuddle","Slimebound:ProtectTheBoss"],"picked":"SKIP","floor":14},{"not_picked":["Slimebound:ViciousTackle","Slimebound:Grow"],"picked":"Slimebound:RainOfGoop","floor":15},{"not_picked":["Slimebound:Teamwork","Slimebound:PrepareCrush"],"picked":"Slimebound:DuplicatedForm","floor":16},{"not_picked":["Slimebound:Chomp","Slimebound:Nibble","Slimebound:PressTheAttack+1"],"picked":"SKIP","floor":19},{"not_picked":["Slimebound:FlameTackle","Slimebound:ComboTackle"],"picked":"Slimebound:GoopSpray","floor":21},{"not_picked":["Slimebound:GoopSpray","Slimebound:SlimeBarrage+1"],"picked":"Slimebound:Schlurp","floor":22},{"not_picked":["Slimebound:SplitMire","Slimebound:Grow+1"],"picked":"Slimebound:LivingWall","floor":27},{"not_picked":["Slimebound:SplitAcid+1","Slimebound:SplitBruiser+1"],"picked":"Slimebound:TongueLash","floor":28},{"not_picked":["Slimebound:GrowthPunch","Slimebound:PressTheAttack+1","Slimebound:SlimeSpikes"],"picked":"SKIP","floor":29}],"player_experience":357663,"relics_obtained":[{"floor":7,"key":"Bronze Scales"},{"floor":24,"key":"Frozen Egg 2"},{"floor":29,"key":"Pen Nib"}],"event_choices":[{"damage_healed":0,"gold_gain":0,"player_choice":"Success","damage_taken":3,"relics_obtained":["Juzu Bracelet"],"max_hp_gain":0,"max_hp_loss":0,"event_name":"Scrap Ooze","floor":4,"gold_loss":0},{"cards_removed":["Slimebound:Defend_Slimebound"],"damage_healed":0,"gold_gain":0,"player_choice":"Purged","damage_taken":0,"max_hp_gain":0,"max_hp_loss":0,"event_name":"Purifier","floor":26,"gold_loss":0}],"is_beta":false,"boss_relics":[{"not_picked":["Fusion Hammer","Snecko Eye"],"picked":"Philosopher\u0027s Stone"}],"items_purged_floors":[9,27],"is_endless":false,"potions_floor_spawned":[3,5,10,15,16,21,22,28],"killed_by":"Sentry and Sphere","ascension_level":0}}