{"host":"tzyzz5n7hg2ni9q2","time":1610457245,"event":{"mods":["BaseMod","Minty Spire (QoL Compilation)","Quick Restart"],"gold_per_floor":[118,118,118,118,142,142,176,191,191,191,73,111,111,9,9,149,149,162,16,39,39,39],"floor_reached":21,"playtime":537,"items_purged":["Strike_G"],"score":241,"play_id":"c8d81d73-e253-43b9-886e-80168575422d","local_time":"20210112141405","is_ascension_mode":true,"campfire_choices":[{"data":"Sucker Punch","floor":6.0,"key":"SMITH"},{"floor":10.0,"key":"REST"},{"floor":13.0,"key":"REST"},{"data":"1","floor":15.0,"key":"LIFT"}],"circlet_count":0,"master_deck":["Strike_G","Strike_G","Strike_G","Defend_G","Defend_G","Defend_G","Defend_G","Defend_G","Survivor","Neutralize","Infinite Blades","Sucker Punch+1","A Thousand Cuts","Bullet Time","Calculated Gamble","Accuracy","Prepared","Cloak And Dagger"],"relics":["Ring of the Snake","Golden Idol","The Courier","Girya","ClockworkSouvenir","CeramicFish","Sozu","Orrery"],"acts_visited":["Exordium","TheCity"],"potions_floor_usage":[20],"damage_taken":[{"damage":1.0,"enemies":"Jaw Worm","floor":1.0,"turns":5.0},{"damage":1.0,"enemies":"Cultist","floor":5.0,"turns":4.0},{"damage":19.0,"enemies":"Lagavulin","floor":7.0,"turns":7.0},{"damage":0.0,"enemies":"2 Louse","floor":8.0,"turns":3.0},{"damage":17.0,"enemies":"Gremlin Nob","floor":12.0,"turns":5.0},{"damage":22.0,"enemies":"Hexaghost","floor":16.0,"turns":8.0},{"damage":19.0,"enemies":"Spheric Guardian","floor":18.0,"turns":6.0},{"damage":4,"enemies":"2 Thieves","floor":20,"turns":4},{"damage":0,"enemies":"Snake Plant","floor":21,"turns":1}],"seed_played":"-1805303759347871382","potions_obtained":[{"floor":0.0,"key":"Swift Potion"},{"floor":0.0,"key":"Swift Potion"},{"floor":0.0,"key":"DuplicationPotion"},{"floor":7.0,"key":"CultistPotion"},{"floor":12.0,"key":"ColorlessPotion"},{"floor":16.0,"key":"Strength Potion"}],"is_trial":false,"path_per_floor":["M","?","$","?","M","R","E","M","T","R","$","E","R","$","R","B",null,"M","$","M","M"],"character_chosen":"THE_SILENT","items_purchased":["ClockworkSouvenir","A Thousand Cuts","Orrery"],"campfire_rested":2,"item_purchase_floors":[11,14,19],"current_hp_per_floor":[62,62,62,45,44,44,25,25,25,46,46,29,50,50,50,28,60,41,41,37,37,37],"gold":39,"neow_bonus":"THREE_SMALL_POTIONS","is_daily":false,"chose_seed":false,"campfire_upgraded":1,"win_rate":0.0,"timestamp":1610457245,"path_taken":["M","?","?","?","M","R","E","M","T","R","?","E","R","$","R","BOSS","M","$","M","M"],"items_purchased_type":["Relic","Card","Relic"],"build_version":"2020-12-22","purchased_purges":1,"victory":false,"max_hp_per_floor":[70,70,70,70,70,70,70,70,70,70,70,70,70,70,70,70,70,70,70,70,70,70],"card_choices":[{"not_picked":["PiercingWail","Slice"],"picked":"Infinite Blades","floor":1.0},{"not_picked":["Poisoned Stab","Crippling Poison"],"picked":"Sucker Punch","floor":5.0},{"not_picked":["Finisher","Dagger Throw","Calculated Gamble"],"picked":"SKIP","floor":7.0},{"not_picked":["Eviscerate","Concentrate","Outmaneuver"],"picked":"SKIP","floor":8.0},{"not_picked":["Flying Knee","Calculated Gamble","Dagger Throw"],"picked":"SKIP","floor":12.0},{"not_picked":["Doppelganger","Grand Finale"],"picked":"Bullet Time","floor":16.0},{"not_picked":["Acrobatics","Riddle With Holes","Sucker Punch+1"],"picked":"SKIP","floor":18.0},{"not_picked":["Underhanded Strike","Sucker Punch"],"picked":"Calculated Gamble","floor":19.0},{"not_picked":["Quick Slash+1","Noxious Fumes"],"picked":"Accuracy","floor":19.0},{"not_picked":["Outmaneuver","Bane+1"],"picked":"Prepared","floor":19.0},{"not_picked":["Predator","Wraith Form v2"],"picked":"Cloak And Dagger","floor":19.0},{"not_picked":["PiercingWail","Bane","Deadly Poison"],"picked":"SKIP","floor":20}],"player_experience":275116,"relics_obtained":[{"floor":7.0,"key":"The Courier"},{"floor":9.0,"key":"Girya"},{"floor":12.0,"key":"CeramicFish"}],"event_choices":[{"cards_removed":["Strike_G"],"damage_healed":0.0,"max_hp_gain":0.0,"max_hp_loss":0.0,"gold_gain":0.0,"event_name":"Bonfire Elementals","player_choice":"Offered Basic","floor":2.0,"gold_loss":0.0,"damage_taken":0.0},{"damage_healed":0.0,"max_hp_gain":0.0,"max_hp_loss":0.0,"gold_gain":0.0,"event_name":"Golden Idol","player_choice":"Take Damage","floor":4.0,"gold_loss":0.0,"damage_taken":17.0,"relics_obtained":["Golden Idol"]}],"is_beta":false,"boss_relics":[{"not_picked":["Ectoplasm","Runic Pyramid"],"picked":"Sozu"}],"items_purged_floors":[19],"is_endless":false,"potions_floor_spawned":[7,12,16],"killed_by":"Snake Plant","ascension_level":6}}