{"host":"csp9nt53rootlkah","time":1610454818,"event":{"mods":["Act Like it!","BaseMod","Colored Powertips","Downfall","Friendly Minions","Gensokyo","Highlight Path","Minty Spire (QoL Compilation)","Quick Restart","Replay The Spire","StSLib","TestMod","The Factory","The Jungle","¡¾ÒÅÎï¿¨ÅÆ¡¿REMEMod"],"gold_per_floor":[99,99,99,24,24,24,24,405,405,405,405,424,512,512,577,679,692,740,740,740],"floor_reached":18,"playtime":1147,"items_purged":["hexamod:Strike"],"score":122,"play_id":"072d67d0-ea91-44ea-9d85-1e41a2cb63e6","local_time":"20210112203338","is_ascension_mode":true,"campfire_choices":[{"data":"testmod-SelfRegulatingSystem","floor":1.0,"key":"SMITH"},{"data":"hexamod:GhostflameBarrier","floor":11.0,"key":"SMITH"},{"data":"hexamod:HeatCrush","floor":14.0,"key":"SMITH"}],"circlet_count":0,"master_deck":["hexamod:Strike","hexamod:Strike","hexamod:Strike","hexamod:Defend","hexamod:Defend","hexamod:Defend","hexamod:Defend","hexamod:Sear","hexamod:Float","testmod-SelfRegulatingSystem+1","hexamod:GhostflameBarrier+1","hexamod:TimeOfNeed","hexamod:HeatCrush+1"],"relics":["hexamod:SpiritBrand","testmod-TestBox","REME_ComplimentaryCards","testmod-TheFather","downfall:HeartsMalice","ReplayTheSpireMod:Ring of Challenge","Ring of Hypnosis","Old Coin","FossilizedHelix","testmod-LifeArmor","downfall:CloakOfManyFaces","CultistMask","FaceOfCleric","NlothsMask","GremlinMask","SsserpentHead"],"acts_visited":["Exordium"],"potions_floor_usage":[18],"damage_taken":[{"damage":0.0,"enemies":"Small Slimes","floor":2.0,"turns":1.0},{"damage":0.0,"enemies":"2 Louse","floor":3.0,"turns":1.0},{"damage":0.0,"enemies":"downfall:FleeingMerchant","floor":4.0,"turns":1.0},{"damage":8.0,"enemies":"Lagavulin","floor":8.0,"turns":11.0},{"damage":0.0,"enemies":"Cultist","floor":12.0,"turns":5.0},{"damage":39.0,"enemies":"3 Sentries","floor":13.0,"turns":11.0},{"damage":0.0,"enemies":"2 Fungi Beasts","floor":15.0,"turns":5.0},{"damage":2.0,"enemies":"downfall:FaceTrader","floor":16.0,"turns":7.0},{"damage":0.0,"enemies":"Red Slaver","floor":17.0,"turns":2.0},{"damage":17,"enemies":"downfall:Ironclad","floor":18,"turns":13}],"seed_played":"7218870310372726099","potions_obtained":[{"floor":10.0,"key":"Elixir"},{"floor":10.0,"key":"SkillPotion"},{"floor":10.0,"key":"Strength Potion"},{"floor":12.0,"key":"Guardian:BlockOnCardUsePotion"},{"floor":17.0,"key":"EntropicBrew"}],"is_trial":false,"path_per_floor":["R","M","M","$","?","PTL","PTL","E","T","?","R","M","E","R","M","?","M","B"],"character_chosen":"THE_SPIRIT","items_purchased":[],"campfire_rested":0,"item_purchase_floors":[],"current_hp_per_floor":[70,70,70,70,70,70,70,62,62,62,62,62,23,23,23,21,22,5,5,5],"gold":740,"neow_bonus":"THREE_ENEMY_KILL","is_daily":false,"chose_seed":false,"campfire_upgraded":3,"win_rate":0.0,"timestamp":1610454818,"path_taken":["R","M","M","$","?","PTL","PTL","E","T","?","R","M","E","R","?","?","M","BOSS"],"items_purchased_type":[],"build_version":"2020-12-22","purchased_purges":1,"victory":false,"max_hp_per_floor":[70,70,70,70,70,70,70,70,70,70,70,70,70,70,70,70,71,71,71,71],"card_choices":[{"not_picked":["hexamod:ThermalTransfer","hexamod:ShieldOfDarkness"],"picked":"hexamod:GhostflameBarrier","floor":2.0},{"not_picked":["hexamod:AdvancingGuard","hexamod:NightmareGuise","hexamod:SwordOfDarkness"],"picked":"SKIP","floor":3.0},{"not_picked":["hexamod:GhostLash","hexamod:InspiringFlames"],"picked":"hexamod:TimeOfNeed","floor":4.0},{"not_picked":["hexamod:StepThrough","hexamod:ThirdSeal","hexamod:ShieldOfDarkness"],"picked":"SKIP","floor":8.0},{"not_picked":["hexamod:GhostShield","hexamod:InspiringFlames"],"picked":"hexamod:HeatCrush","floor":12.0},{"not_picked":["hexamod:Again","hexamod:RetreatToShadows","hexamod:CatchUp"],"picked":"SKIP","floor":13.0},{"not_picked":["hexamod:SpectersWail","hexamod:GhostShield","hexamod:NecessarySacrifice"],"picked":"SKIP","floor":15.0},{"not_picked":["hexamod:RecurringNightmare","hexamod:RainOfEmbers","hexamod:GhostflameBarrier"],"picked":"SKIP","floor":17.0}],"player_experience":122787,"relics_obtained":[{"floor":5.0,"key":"ReplayTheSpireMod:Ring of Challenge"},{"floor":5.0,"key":"Ring of Hypnosis"},{"floor":8.0,"key":"Old Coin"},{"floor":9.0,"key":"FossilizedHelix"},{"floor":13.0,"key":"testmod-LifeArmor"},{"floor":16.0,"key":"downfall:CloakOfManyFaces"}],"event_choices":[{"damage_healed":0.0,"max_hp_gain":0.0,"max_hp_loss":0.0,"gold_gain":0.0,"event_name":"Lab","player_choice":"Got Potions","floor":10.0,"gold_loss":0.0,"damage_taken":0.0}],"is_beta":false,"boss_relics":[],"items_purged_floors":[4],"is_endless":false,"potions_floor_spawned":[12,13,15,17],"killed_by":"downfall:Ironclad","ascension_level":1}}