{"host":"dwppbb1tkuy5qbmv","time":1610459497,"event":{"mods":["AchievementEnabler","BaseMod","Better Third Choice","BetterRewards","Minty Spire (QoL Compilation)","Shop Mod","StSLib","UnlockEverythingMod"],"gold_per_floor":[115,115,127,144,160,160,160,160,186,198,198,231,263,297,297,400,400,412,426,437,456,17,44,75,109,132,159,171,212,243,283,295,408,420,449,478,17,36,48,78,109,109,109,138,164,164,190,218,218,218],"floor_reached":51,"playtime":3529,"items_purged":[],"score":1688,"play_id":"deb18a8a-81c7-4579-afd4-dcf61e3a1025","local_time":"20210112215137","daily_mods":["SealedDeck","Specialized","Vintage","Heirloom","Time Dilation","Flight","Elite Swarm","Binary"],"is_ascension_mode":false,"campfire_choices":[{"data":"Fusion","floor":6.0,"key":"SMITH"},{"data":"Fusion","floor":7.0,"key":"SMITH"},{"data":"Fusion","floor":8.0,"key":"SMITH"},{"data":"Fusion","floor":11.0,"key":"SMITH"},{"data":"Hologram","floor":15,"key":"SMITH"},{"data":"Go for the Eyes","floor":28,"key":"SMITH"},{"data":"Go for the Eyes","floor":32,"key":"SMITH"},{"data":"1","floor":42,"key":"LIFT"},{"data":"2","floor":46,"key":"LIFT"},{"data":"3","floor":49,"key":"LIFT"}],"circlet_count":0,"master_deck":["Fusion+1","Fusion+1","Fusion+1","Fusion+1","Fusion+1","Hologram+1","Rebound","Streamline","Streamline","Barrage","Steam","Steam","Gash","Go for the Eyes+1","Go for the Eyes+1","Steam+1","Gash","Steam+1"],"relics":["Unceasing Top","Busted Crown","Thread and Needle","Bronze Scales","Emotion Chip","Juzu Bracelet","Bag of Marbles","Pantograph","Torii","Black Star","Lantern","Cables","Letter Opener","Pen Nib","MerchantsRug","PreservedInsect","HornCleat","TungstenRod","CeramicFish","Smiling Mask","Matryoshka","Du-Vu Doll","Mercury Hourglass","InkBottle","Tiny Chest","Oddly Smooth Stone","Regal Pillow","Mummified Hand","Eternal Feather","Happy Flower","Vajra","SlaversCollar","Ancient Tea Set","Calipers","Girya","Toy Ornithopter","MealTicket","Bottled Lightning","Omamori","CaptainsWheel","Blood Vial","Nunchaku","Frozen Egg 2","Strawberry","Shuriken","Toxic Egg 2","Akabeko","Anchor","Dead Branch","Lizard Tail","War Paint"],"acts_visited":["Exordium","TheCity","TheBeyond"],"potions_floor_usage":[22],"damage_taken":[{"damage":0.0,"enemies":"Cultist","floor":1.0,"turns":3.0},{"damage":0.0,"enemies":"2 Louse","floor":3.0,"turns":3.0},{"damage":4.0,"enemies":"Jaw Worm","floor":4.0,"turns":2.0},{"damage":3.0,"enemies":"Red Slaver","floor":5.0,"turns":2.0},{"damage":3.0,"enemies":"Gremlin Gang","floor":10.0,"turns":2.0},{"damage":0.0,"enemies":"3 Sentries","floor":12.0,"turns":4.0},{"damage":0,"enemies":"Lagavulin","floor":13,"turns":2},{"damage":2,"enemies":"3 Sentries","floor":14,"turns":4},{"damage":0,"enemies":"Slime Boss","floor":16,"turns":3},{"damage":0,"enemies":"2 Thieves","floor":18,"turns":2},{"damage":0,"enemies":"Chosen","floor":19,"turns":2},{"damage":0,"enemies":"Shelled Parasite and Fungi","floor":20,"turns":2},{"damage":3,"enemies":"Snake Plant","floor":21,"turns":2},{"damage":1,"enemies":"Gremlin Leader","floor":23,"turns":2},{"damage":0,"enemies":"Book of Stabbing","floor":24,"turns":2},{"damage":0,"enemies":"Slavers","floor":25,"turns":2},{"damage":0,"enemies":"Book of Stabbing","floor":27,"turns":2},{"damage":6,"enemies":"Slavers","floor":29,"turns":2},{"damage":0,"enemies":"Centurion and Healer","floor":30,"turns":2},{"damage":0,"enemies":"Gremlin Leader","floor":31,"turns":1},{"damage":0,"enemies":"Collector","floor":33,"turns":2},{"damage":0,"enemies":"3 Darklings","floor":35,"turns":2},{"damage":8,"enemies":"3 Shapes","floor":36,"turns":2},{"damage":0,"enemies":"Writhing Mass","floor":38,"turns":2},{"damage":0,"enemies":"Jaw Worm Horde","floor":39,"turns":2},{"damage":0,"enemies":"Giant Head","floor":40,"turns":2},{"damage":0,"enemies":"Reptomancer","floor":41,"turns":1},{"damage":0,"enemies":"Giant Head","floor":44,"turns":2},{"damage":0,"enemies":"Reptomancer","floor":45,"turns":1},{"damage":0,"enemies":"Giant Head","floor":47,"turns":1},{"damage":0,"enemies":"Reptomancer","floor":48,"turns":1},{"damage":0,"enemies":"Donu and Deca","floor":50,"turns":1}],"seed_played":"3604740476024585489","potions_obtained":[{"floor":3.0,"key":"LiquidBronze"},{"floor":5.0,"key":"Dexterity Potion"},{"floor":10.0,"key":"SkillPotion"},{"floor":12,"key":"EssenceOfDarkness"},{"floor":13,"key":"FearPotion"},{"floor":16,"key":"LiquidBronze"},{"floor":18,"key":"EntropicBrew"},{"floor":19,"key":"ColorlessPotion"},{"floor":30,"key":"SpeedPotion"},{"floor":31,"key":"EssenceOfSteel"},{"floor":35,"key":"Regen Potion"},{"floor":38,"key":"PotionOfCapacity"},{"floor":41,"key":"AttackPotion"},{"floor":45,"key":"Ancient Potion"}],"is_trial":true,"path_per_floor":["M","?","M","M","M","R","R","R","T","M","R","E","E","E","R","B",null,"M","M","M","M","$","E","E","E","T","E","R","E","M","E","R","B",null,"M","M","$","M","M","E","E","R","T","E","E","R","E","E","R","B",null],"character_chosen":"DEFECT","items_purchased":["MerchantsRug","PreservedInsect","HornCleat","Steam","Calipers","Gash","Steam","Girya"],"campfire_rested":0,"item_purchase_floors":[22,22,22,22,37,37,37,37],"current_hp_per_floor":[75,75,75,71,68,68,68,68,68,65,65,65,79,77,77,89,89,89,89,89,86,86,85,85,85,85,85,85,79,79,79,88,89,89,89,81,81,81,81,81,81,89,89,96,96,96,96,96,96,96],"gold":218,"neow_bonus":"","is_daily":false,"chose_seed":false,"campfire_upgraded":7,"win_rate":0.0,"timestamp":1610459497,"path_taken":["M","?","M","M","M","R","R","R","T","M","R","E","E","E","R","BOSS","M","M","M","M","$","E","E","E","T","E","R","E","M","E","R","BOSS","M","M","$","M","M","E","E","R","T","E","E","R","E","E","R","BOSS"],"items_purchased_type":["Relic","Relic","Relic","Card","Relic","Card","Card","Relic"],"build_version":"2020-12-22","purchased_purges":0,"victory":true,"max_hp_per_floor":[75,75,75,75,75,75,75,75,75,75,75,75,89,89,89,89,89,89,89,89,89,89,89,89,89,89,89,89,89,89,89,89,89,89,89,89,89,89,89,89,89,89,89,96,96,96,96,96,96,96],"card_choices":[],"player_experience":120284,"relics_obtained":[{"floor":1.0,"key":"Bronze Scales"},{"floor":3.0,"key":"Emotion Chip"},{"floor":4.0,"key":"Juzu Bracelet"},{"floor":5.0,"key":"Bag of Marbles"},{"floor":9.0,"key":"Art of War"},{"floor":10.0,"key":"Dream Catcher"},{"floor":12,"key":"Pantograph"},{"floor":13,"key":"Mango"},{"floor":14,"key":"Torii"},{"floor":18,"key":"Lantern"},{"floor":19,"key":"Cables"},{"floor":20,"key":"Letter Opener"},{"floor":21,"key":"Pen Nib"},{"floor":23,"key":"TungstenRod"},{"floor":23,"key":"CeramicFish"},{"floor":24,"key":"Smiling Mask"},{"floor":24,"key":"Matryoshka"},{"floor":25,"key":"Du-Vu Doll"},{"floor":25,"key":"Mercury Hourglass"},{"floor":26,"key":"InkBottle"},{"floor":26,"key":"Tiny Chest"},{"floor":27,"key":"MawBank"},{"floor":27,"key":"Oddly Smooth Stone"},{"floor":29,"key":"Regal Pillow"},{"floor":29,"key":"Mummified Hand"},{"floor":30,"key":"Eternal Feather"},{"floor":31,"key":"Happy Flower"},{"floor":31,"key":"Vajra"},{"floor":35,"key":"Ancient Tea Set"},{"floor":36,"key":"Prayer Wheel"},{"floor":38,"key":"Toy Ornithopter"},{"floor":39,"key":"MealTicket"},{"floor":40,"key":"Bottled Lightning"},{"floor":40,"key":"Omamori"},{"floor":41,"key":"CaptainsWheel"},{"floor":41,"key":"Blood Vial"},{"floor":43,"key":"Nunchaku"},{"floor":43,"key":"Frozen Egg 2"},{"floor":44,"key":"Strawberry"},{"floor":44,"key":"Shuriken"},{"floor":45,"key":"Toxic Egg 2"},{"floor":45,"key":"Akabeko"},{"floor":47,"key":"Anchor"},{"floor":47,"key":"Dead Branch"},{"floor":48,"key":"Lizard Tail"},{"floor":48,"key":"War Paint"}],"event_choices":[{"damage_healed":0.0,"max_hp_gain":0.0,"max_hp_loss":0.0,"gold_gain":0.0,"event_name":"Living Wall","player_choice":"Grow","floor":2.0,"gold_loss":0.0,"damage_taken":0.0,"cards_upgraded":["Fusion"]}],"is_beta":false,"boss_relics":[{"not_picked":["SacredBark","Philosopher\u0027s Stone"],"picked":"Black Star"},{"not_picked":["Fusion Hammer","Sozu"],"picked":"SlaversCollar"}],"items_purged_floors":[],"is_endless":false,"potions_floor_spawned":[3,5,10,12,13,16,18,19,20,30,31,35,38,41,45],"ascension_level":0}}