{"host":"k4v81cw6j0eb8mtc","time":1610443601,"event":{"mods":["BaseMod","Duelist Mod","GifTheSpireLib","Minty Spire (QoL Compilation)","Replay The Spire","StSLib"],"gold_per_floor":[142,217,67,79,106,106,139,139,163,190,190,224,237,237,237,337,337,337,337],"floor_reached":18,"playtime":735,"items_purged":[],"score":226,"play_id":"33dd9997-ca53-4dee-bd5d-858ee3c7e06f","local_time":"20210112042641","is_ascension_mode":false,"campfire_choices":[{"floor":6,"key":"REST"},{"data":"theDuelist:Raigeki","floor":8,"key":"SMITH"},{"floor":15,"key":"REST"}],"circlet_count":0,"master_deck":["theDuelist:BeaverWarrior","theDuelist:BeaverWarrior","theDuelist:CastleWalls","theDuelist:CastleWalls","theDuelist:FinalFlame","theDuelist:GiantSoldier","theDuelist:GiantSoldier","theDuelist:ScrapFactory","theDuelist:Sparks","theDuelist:Raigeki+1","theDuelist:MillenniumShield","theDuelist:ElectromagneticShield","theDuelist:EarthquakeGiant","theDuelist:Reinforcements","theDuelist:MiraculousDescent","theDuelist:RainbowNeos","theDuelist:CurseArmaments","theDuelist:GridRod"],"relics":["theDuelist:MillenniumPuzzle","theDuelist:CardPoolRelic","theDuelist:CardPoolBasicRelic","theDuelist:BoosterPackPoolRelic","theDuelist:CardPoolAddRelic","theDuelist:CardPoolMinusRelic","theDuelist:CardPoolSaveRelic","theDuelist:CardPoolOptionsRelic","NeowsBlessing","Vajra","Juzu Bracelet","Pet Ghost","White Beast Statue","theDuelist:ElectricKey"],"acts_visited":["Exordium","TheCity"],"potions_floor_usage":[12,16],"damage_taken":[{"damage":0,"enemies":"Jaw Worm","floor":1,"turns":1},{"damage":0,"enemies":"2 Louse","floor":4,"turns":1},{"damage":0,"enemies":"Lagavulin","floor":7,"turns":2},{"damage":0,"enemies":"3 Sentries","floor":10,"turns":8},{"damage":14,"enemies":"Lagavulin","floor":12,"turns":7},{"damage":0,"enemies":"Cultist","floor":13,"turns":4},{"damage":20,"enemies":"Hexaghost","floor":16,"turns":12},{"damage":11,"enemies":"3 Byrds","floor":18,"turns":6}],"seed_played":"117009278816742524","potions_obtained":[{"floor":7,"key":"Strength Potion"},{"floor":13,"key":"DistilledChaos"},{"floor":16,"key":"ColorlessPotion"}],"is_trial":false,"path_per_floor":["M","?","$","M","?","R","E","R","T","E","?","E","M","?","R","B",null,"M"],"character_chosen":"THE_DUELIST","items_purchased":["theDuelist:MillenniumShield"],"campfire_rested":2,"item_purchase_floors":[3],"current_hp_per_floor":[80,69,69,69,69,80,80,80,80,80,80,66,66,66,80,60,80,69,69],"gold":337,"neow_bonus":"THREE_ENEMY_KILL","is_daily":false,"chose_seed":false,"campfire_upgraded":1,"win_rate":0.0,"timestamp":1610443601,"path_taken":["M","?","$","M","?","R","E","R","T","E","?","E","M","?","R","BOSS","M"],"items_purchased_type":["Card"],"build_version":"2020-12-22","purchased_purges":0,"victory":false,"max_hp_per_floor":[80,80,80,80,80,80,80,80,80,80,80,80,80,80,80,80,80,80,80],"card_choices":[{"not_picked":["theDuelist:SwordDeepSeated","theDuelist:MagnumShield","theDuelist:Electrowhip","theDuelist:AfterGenocide"],"picked":"theDuelist:Raigeki","floor":1},{"not_picked":["theDuelist:LightningDarts","theDuelist:FluteKuriboh","theDuelist:PreventRat","theDuelist:HeavyStorm"],"picked":"theDuelist:ElectromagneticShield","floor":4},{"not_picked":["theDuelist:FuryFire","theDuelist:HammerShot","theDuelist:Blockman","theDuelist:Fissure"],"picked":"theDuelist:EarthquakeGiant","floor":7},{"not_picked":["theDuelist:UnderworldCannon","theDuelist:PreventRat","theDuelist:GravityAxe","theDuelist:SwordsRevealing"],"picked":"theDuelist:Reinforcements","floor":10},{"not_picked":["theDuelist:WhiteHowling","theDuelist:GravityAxe","theDuelist:Electrowhip"],"picked":"theDuelist:MiraculousDescent","floor":12},{"not_picked":["theDuelist:SpellShatteringArrow","theDuelist:Hinotama","theDuelist:CombinationAttack","theDuelist:SparkBlaster"],"picked":"theDuelist:RainbowNeos","floor":13},{"not_picked":["theDuelist:YamiForm","theDuelist:LightLaser","theDuelist:FeatherShot","theDuelist:AmuletAmbition"],"picked":"theDuelist:GridRod","floor":16}],"player_experience":224333,"relics_obtained":[{"floor":7,"key":"Vajra"},{"floor":9,"key":"Juzu Bracelet"},{"floor":10,"key":"Pet Ghost"},{"floor":12,"key":"White Beast Statue"}],"event_choices":[{"damage_healed":0,"gold_gain":75,"player_choice":"Gather Gold","damage_taken":11,"max_hp_gain":0,"max_hp_loss":0,"event_name":"World of Goop","floor":2,"gold_loss":0},{"damage_healed":0,"gold_gain":0,"player_choice":"Sold Sparks for 27 Gold.","duelist":true,"damage_taken":0,"max_hp_gain":0,"max_hp_loss":0,"event_name":"Card Trader","floor":5,"gold_loss":0},{"damage_healed":0,"gold_gain":0,"player_choice":"Ignored","damage_taken":0,"max_hp_gain":0,"max_hp_loss":0,"event_name":"NoteForYourself","floor":11,"gold_loss":0},{"damage_healed":0,"gold_gain":0,"player_choice":"Worship - 20% roll at +12 Max HP","duelist":true,"damage_taken":0,"max_hp_gain":0,"max_hp_loss":0,"event_name":"Tomb of the Nameless","floor":14,"gold_loss":0}],"is_beta":false,"boss_relics":[{"not_picked":["Runic Dome","theDuelist:HauntedRelic"],"picked":"theDuelist:ElectricKey"}],"items_purged_floors":[],"is_endless":false,"potions_floor_spawned":[7,13,16],"killed_by":"3 Byrds","ascension_level":0}}