{"host":"g8a0qo0vjtg6u5wv","time":1610453648,"event":{"mods":["BaseMod","Colored Map","Custom Start","KOR Keyword Fix","Minty Spire (QoL Compilation)","StSLib","SuperFastMode"],"gold_per_floor":[114,114,128,128,153,153,174,212,212,212,227,80,80,80,80,200,200,214,214,38,51,67,67,101,101,101,101,120,86,103,141,141,248,257,285,314,189,189,246,246,265,265,338,352,352,376,376,385,385,385],"floor_reached":51,"playtime":1268,"items_purged":["Defend_P","Shame","Strike_P"],"score":875,"play_id":"fc7cab85-8209-4584-bbbd-443f8310a537","local_time":"20210112211408","is_ascension_mode":true,"campfire_choices":[{"data":"Eruption","floor":6.0,"key":"SMITH"},{"data":"FlurryOfBlows","floor":10.0,"key":"SMITH"},{"data":"MentalFortress","floor":15.0,"key":"SMITH"},{"data":"Brilliance","floor":23.0,"key":"SMITH"},{"floor":25.0,"key":"REST"},{"data":"Vault","floor":32.0,"key":"SMITH"},{"data":"Adaptation","floor":40,"key":"SMITH"},{"data":"Scrawl","floor":42,"key":"SMITH"},{"data":"Tantrum","floor":45,"key":"SMITH"},{"data":"ClearTheMind","floor":47,"key":"SMITH"},{"data":"Panacea","floor":49,"key":"SMITH"}],"circlet_count":0,"master_deck":["Strike_P","Strike_P","Defend_P","Defend_P","Eruption+1","Vigilance","Pray","Protect","Worship","FlurryOfBlows+1","EmptyBody","MentalFortress+1","Brilliance+1","Swivel","Tantrum+1","CrushJoints+1","Crescendo+1","ClearTheMind+1","Adaptation+1","WheelKick+1","Vault+1","Scrawl+1","CurseOfTheBell","Adaptation+1","Prostrate+1","EmptyFist+1","CarveReality+1","Panacea+1"],"relics":["PureWater","Bloody Idol","Nunchaku","Blood Vial","Strawberry","Runic Pyramid","Eternal Feather","Molten Egg 2","HornCleat","CeramicFish","Calling Bell","Bag of Marbles","Mercury Hourglass","Du-Vu Doll","GoldenEye","Pantograph"],"acts_visited":["Exordium","TheCity","TheBeyond"],"potions_floor_usage":[44,50,50],"damage_taken":[{"damage":2.0,"enemies":"Cultist","floor":1.0,"turns":3.0},{"damage":0.0,"enemies":"2 Louse","floor":3.0,"turns":1.0},{"damage":2.0,"enemies":"Jaw Worm","floor":5.0,"turns":4.0},{"damage":0.0,"enemies":"Looter","floor":7.0,"turns":2.0},{"damage":7.0,"enemies":"Lagavulin","floor":8.0,"turns":5.0},{"damage":0.0,"enemies":"Exordium Wildlife","floor":11.0,"turns":2.0},{"damage":18.0,"enemies":"The Guardian","floor":16.0,"turns":14.0},{"damage":18.0,"enemies":"Chosen","floor":18.0,"turns":4.0},{"damage":0.0,"enemies":"Shell Parasite","floor":21.0,"turns":2.0},{"damage":18.0,"enemies":"Centurion and Healer","floor":22.0,"turns":4.0},{"damage":51.0,"enemies":"Slavers","floor":24.0,"turns":4.0},{"damage":10.0,"enemies":"Cultist and Chosen","floor":28.0,"turns":5.0},{"damage":0.0,"enemies":"3 Cultists","floor":30.0,"turns":5.0},{"damage":0.0,"enemies":"Book of Stabbing","floor":31.0,"turns":3.0},{"damage":8.0,"enemies":"Champ","floor":33.0,"turns":7.0},{"damage":12.0,"enemies":"Orb Walker","floor":35.0,"turns":2.0},{"damage":10.0,"enemies":"3 Darklings","floor":36.0,"turns":4.0},{"damage":4,"enemies":"2 Orb Walkers","floor":39,"turns":3},{"damage":0,"enemies":"Sphere and 2 Shapes","floor":41,"turns":5},{"damage":3,"enemies":"Jaw Worm Horde","floor":44,"turns":3},{"damage":14,"enemies":"Writhing Mass","floor":46,"turns":3},{"damage":24,"enemies":"Donu and Deca","floor":50,"turns":6}],"seed_played":"2751090454970902788","potions_obtained":[{"floor":1.0,"key":"EntropicBrew"},{"floor":8.0,"key":"CultistPotion"},{"floor":11.0,"key":"SteroidPotion"},{"floor":21.0,"key":"LiquidMemories"},{"floor":28.0,"key":"FearPotion"},{"floor":30.0,"key":"DistilledChaos"},{"floor":33.0,"key":"Weak Potion"},{"floor":35.0,"key":"Block Potion"},{"floor":39,"key":"BottledMiracle"}],"is_trial":false,"path_per_floor":["M","?","M","?","M","R","M","E","T","R","M","$","?","T","R","B",null,"M","?","$","M","M","R","E","R","T","?","M","$","M","E","R","B",null,"M","M","$","?","?","R","M","R","T","M","R","M","R","?","R","B",null],"character_chosen":"WATCHER","items_purchased":["MentalFortress","Tantrum","WheelKick+1"],"campfire_rested":1,"item_purchase_floors":[12,20,29],"current_hp_per_floor":[70,52,52,45,43,43,43,36,36,36,38,38,43,50,50,34,72,56,56,56,58,42,51,2,39,39,39,36,36,43,55,67,71,82,82,84,84,84,84,84,84,84,84,84,84,80,84,84,84,60],"gold":385,"neow_bonus":"TRANSFORM_CARD","is_daily":false,"chose_seed":false,"campfire_upgraded":10,"win_rate":0.0,"timestamp":1610453648,"path_taken":["M","?","M","?","M","R","?","E","T","R","M","$","?","?","R","BOSS","M","?","$","M","M","R","E","R","T","?","M","$","M","E","R","BOSS","M","M","$","?","?","R","M","R","T","M","R","?","R","?","R","BOSS"],"items_purchased_type":["Card","Card","Card"],"build_version":"2020-12-22","purchased_purges":3,"victory":true,"max_hp_per_floor":[72,72,72,72,72,72,72,72,72,72,72,72,77,84,84,84,84,84,84,84,84,84,84,84,84,84,84,84,84,84,84,84,84,84,84,84,84,84,84,84,84,84,84,84,84,84,84,84,84,84],"card_choices":[{"not_picked":["Prostrate","FlurryOfBlows"],"picked":"FearNoEvil","floor":1.0},{"not_picked":["BowlingBash","LikeWater"],"picked":"Protect","floor":3.0},{"not_picked":["Consecrate","Protect","JustLucky"],"picked":"SKIP","floor":5.0},{"not_picked":["ReachHeaven","Fasting2"],"picked":"Worship","floor":7.0},{"not_picked":["Worship","Evaluate"],"picked":"FlurryOfBlows","floor":8.0},{"not_picked":["Prostrate","InnerPeace"],"picked":"EmptyBody","floor":11.0},{"not_picked":["ConjureBlade","DeusExMachina"],"picked":"Brilliance","floor":16.0},{"not_picked":["WindmillStrike","EmptyBody"],"picked":"Swivel","floor":18.0},{"not_picked":["Evaluate","SashWhip"],"picked":"CrushJoints+1","floor":21.0},{"not_picked":["FearNoEvil","FlurryOfBlows"],"picked":"Crescendo+1","floor":22.0},{"not_picked":["Crescendo+1","Consecrate+1"],"picked":"ClearTheMind","floor":24.0},{"not_picked":["CutThroughFate+1","DeceiveReality"],"picked":"Adaptation","floor":28.0},{"not_picked":["Halt","WheelKick+1","WindmillStrike+1"],"picked":"SKIP","floor":30.0},{"not_picked":["FlyingSleeves+1","FollowUp+1"],"picked":"Vault","floor":31.0},{"not_picked":["ConjureBlade","Establishment"],"picked":"Scrawl","floor":33.0},{"not_picked":["FlurryOfBlows+1","JustLucky+1"],"picked":"Adaptation+1","floor":35.0},{"not_picked":["WindmillStrike+1","Fasting2"],"picked":"Prostrate+1","floor":36.0},{"not_picked":["Tantrum+1","Crescendo"],"picked":"EmptyFist+1","floor":39},{"not_picked":["Evaluate","CutThroughFate+1","Adaptation+1"],"picked":"SKIP","floor":41},{"not_picked":["WreathOfFlame","BattleHymn","Consecrate+1"],"picked":"SKIP","floor":44},{"not_picked":["Adaptation","CutThroughFate+1"],"picked":"CarveReality+1","floor":46},{"not_picked":["Impatience","Purity"],"picked":"Panacea","floor":48}],"player_experience":563261,"relics_obtained":[{"floor":8.0,"key":"Nunchaku"},{"floor":9.0,"key":"Blood Vial"},{"floor":14.0,"key":"Strawberry"},{"floor":24.0,"key":"Molten Egg 2"},{"floor":26.0,"key":"HornCleat"},{"floor":31.0,"key":"CeramicFish"},{"floor":34.0,"key":"Bag of Marbles"},{"floor":34.0,"key":"Mercury Hourglass"},{"floor":34.0,"key":"Du-Vu Doll"},{"floor":39,"key":"GoldenEye"},{"floor":43,"key":"Pantograph"}],"event_choices":[{"damage_healed":0.0,"max_hp_gain":0.0,"max_hp_loss":0.0,"gold_gain":0.0,"event_name":"Golden Idol","player_choice":"Take Damage","floor":2.0,"gold_loss":0.0,"damage_taken":18.0,"relics_obtained":["Golden Idol"]},{"cards_removed":["Defend_P"],"damage_healed":0.0,"max_hp_gain":0.0,"max_hp_loss":0.0,"gold_gain":0.0,"event_name":"Golden Wing","player_choice":"Card Removal","floor":4.0,"gold_loss":0.0,"damage_taken":7.0},{"damage_healed":0.0,"max_hp_gain":5.0,"max_hp_loss":0.0,"gold_gain":0.0,"event_name":"Big Fish","player_choice":"Donut","floor":13.0,"gold_loss":0.0,"damage_taken":0.0},{"damage_healed":0.0,"max_hp_gain":0.0,"max_hp_loss":0.0,"gold_gain":0.0,"event_name":"Addict","player_choice":"Stole Relic","floor":19.0,"gold_loss":0.0,"damage_taken":0.0,"relics_obtained":["Eternal Feather"],"cards_obtained":["Shame"]},{"damage_healed":0.0,"max_hp_gain":0.0,"max_hp_loss":0.0,"gold_gain":0.0,"event_name":"Forgotten Altar","player_choice":"Gave Idol","floor":27.0,"relics_lost":["Golden Idol"],"gold_loss":0.0,"damage_taken":0.0,"relics_obtained":["Bloody Idol"]},{"cards_removed":["FearNoEvil"],"damage_healed":0.0,"max_hp_gain":0.0,"max_hp_loss":0.0,"gold_gain":0.0,"event_name":"Falling","player_choice":"Removed Attack","floor":38.0,"gold_loss":0.0,"damage_taken":0.0},{"damage_healed":0,"gold_gain":0,"player_choice":"Fight","damage_taken":0,"max_hp_gain":0,"max_hp_loss":0,"event_name":"Mysterious Sphere","floor":39,"gold_loss":0},{"damage_healed":0,"gold_gain":0,"player_choice":"Memory 1","damage_taken":0,"max_hp_gain":0,"max_hp_loss":0,"event_name":"SensoryStone","floor":48,"gold_loss":0}],"is_beta":false,"boss_relics":[{"not_picked":["Fusion Hammer","Black Star"],"picked":"Runic Pyramid"},{"not_picked":["Cursed Key","Velvet Choker"],"picked":"Calling Bell"}],"items_purged_floors":[12,20,37],"is_endless":false,"potions_floor_spawned":[1,8,11,21,28,30,33,35,36,39],"ascension_level":5}}