{"host":"2sr8q4b3ioepghas","time":1610415240,"event":{"mods":["BaseMod","Bestiary","Colored Map","Curses Come First","FTL Soundtrack","Minty Spire (QoL Compilation)","Permanent Neow","Quick Restart","Rare Cards Sparkle","StSLib","UnlockEverythingMod"],"gold_per_floor":[119,394,1,18,28,28,60,60,60,60,72,99,99,121,121,121,121],"floor_reached":16,"playtime":976,"items_purged":["Regret"],"score":216,"play_id":"21937e9f-ed0b-4121-bbf3-c4e612aafa86","local_time":"20210112113400","is_ascension_mode":true,"campfire_choices":[{"data":"Bash","floor":6,"key":"SMITH"},{"floor":8,"key":"REST"},{"data":"Clothesline","floor":10,"key":"SMITH"},{"data":"Blood for Blood","floor":15,"key":"SMITH"}],"circlet_count":0,"master_deck":["AscendersBane","Strike_R","Strike_R","Strike_R","Defend_R","Defend_R","Defend_R","Defend_R","Bash+1","Anger","Clothesline+1","Combust+1","Feel No Pain+1","Blood for Blood+1","Corruption+1"],"relics":["Empty Cage","Frozen Egg 2","Lizard Tail","Charon\u0027s Ashes","Bag of Preparation","Odd Mushroom"],"acts_visited":["Exordium"],"potions_floor_usage":[16],"damage_taken":[{"damage":7,"enemies":"Small Slimes","floor":1,"turns":5},{"damage":8,"enemies":"Cultist","floor":4,"turns":4},{"damage":1,"enemies":"2 Louse","floor":5,"turns":4},{"damage":32,"enemies":"Gremlin Nob","floor":7,"turns":4},{"damage":9,"enemies":"Looter","floor":11,"turns":3},{"damage":35,"enemies":"Lagavulin","floor":12,"turns":8},{"damage":1,"enemies":"The Mushroom Lair","floor":14,"turns":3},{"damage":46,"enemies":"Hexaghost","floor":16,"turns":8}],"seed_played":"-6803757733239997290","potions_obtained":[{"floor":12,"key":"Fire Potion"}],"is_trial":false,"path_per_floor":["M","?","$","M","M","R","E","R","T","R","M","E","?","?","R","B"],"character_chosen":"IRONCLAD","items_purchased":["Clothesline","Frozen Egg 2"],"campfire_rested":1,"item_purchase_floors":[3,3],"current_hp_per_floor":[61,61,61,53,52,52,20,42,42,42,33,37,42,41,41,0,0],"gold":121,"neow_bonus":"BOSS_RELIC","is_daily":false,"chose_seed":false,"campfire_upgraded":3,"win_rate":0.0,"timestamp":1610415240,"path_taken":["M","?","$","?","M","R","E","R","T","R","M","E","?","?","R","BOSS"],"items_purchased_type":["Card","Relic"],"build_version":"2020-12-22","purchased_purges":1,"victory":false,"max_hp_per_floor":[75,75,75,75,75,75,75,75,75,75,75,75,80,80,80,80,80],"card_choices":[{"not_picked":["Warcry","Heavy Blade"],"picked":"Anger","floor":1},{"not_picked":["Shrug It Off","Dropkick","Body Slam"],"picked":"SKIP","floor":4},{"not_picked":["Shrug It Off","Dropkick","Body Slam"],"picked":"SKIP","floor":4},{"not_picked":["Thunderclap","Intimidate"],"picked":"Combust+1","floor":5},{"not_picked":["Clothesline","Headbutt"],"picked":"Feel No Pain+1","floor":7},{"not_picked":["Anger","Clash"],"picked":"Blood for Blood","floor":11},{"not_picked":["Body Slam","Carnage"],"picked":"Corruption+1","floor":12}],"player_experience":45156,"relics_obtained":[{"floor":7,"key":"Lizard Tail"},{"floor":9,"key":"Charon\u0027s Ashes"},{"floor":12,"key":"Bag of Preparation"},{"floor":14,"key":"Odd Mushroom"}],"event_choices":[{"damage_healed":0,"gold_gain":275,"player_choice":"Desecrate","damage_taken":0,"max_hp_gain":0,"max_hp_loss":0,"event_name":"Golden Shrine","floor":2,"gold_loss":0,"cards_obtained":["Regret"]},{"damage_healed":0,"gold_gain":0,"player_choice":"Donut","damage_taken":0,"max_hp_gain":5,"max_hp_loss":0,"event_name":"Big Fish","floor":13,"gold_loss":0},{"damage_healed":0,"gold_gain":0,"player_choice":"Fought Mushrooms","damage_taken":0,"max_hp_gain":0,"max_hp_loss":0,"event_name":"Mushrooms","floor":14,"gold_loss":0}],"is_beta":false,"boss_relics":[],"items_purged_floors":[3],"is_endless":false,"potions_floor_spawned":[12],"killed_by":"Hexaghost","ascension_level":20}}