{"host":"dpbezu80jg8zk7un","time":1610450128,"event":{"mods":["BaseMod","Colored Map","Colored Powertips","Custom Start","DeckTracker","Minty Spire (QoL Compilation)","Quick Restart","StSLib","SuperFastMode"],"gold_per_floor":[113,132,149,168,168,168,195,195,195,195,345,75,75,100,100,172,172,182,182,97,97,147,176,176,176,203,229,229,240,240,160,160,234,234,247,247,83,83,83,116,129,129,129,162,162,174,208,223,223,223,223,223],"floor_reached":51,"playtime":1565,"items_purged":["Doubt","Defend_P","Defend_P"],"score":1660,"play_id":"d4b58d21-690e-47d2-83de-7ed72d3acb49","local_time":"20210112201528","is_ascension_mode":true,"campfire_choices":[{"data":"Eruption","floor":6.0,"key":"SMITH"},{"data":"Conclude","floor":8.0,"key":"SMITH"},{"data":"WheelKick","floor":10.0,"key":"SMITH"},{"data":"MentalFortress","floor":15.0,"key":"SMITH"},{"data":"EmptyMind","floor":24.0,"key":"SMITH"},{"floor":28.0,"key":"REST"},{"data":"Purity","floor":30.0,"key":"SMITH"},{"floor":32.0,"key":"DIG"},{"floor":45.0,"key":"RECALL"},{"floor":49,"key":"DIG"}],"circlet_count":0,"master_deck":["AscendersBane","Defend_P+1","Eruption+1","Vigilance","TalkToTheHand+1","FlurryOfBlows","FearNoEvil","FollowUp","Conclude+1","WheelKick+1","MentalFortress+1","Purity+1","InnerPeace","EmptyMind+1","Vault","Tantrum"],"relics":["PureWater","Ginger","Shovel","Runic Pyramid","Oddly Smooth Stone","The Courier","Dream Catcher","PreservedInsect","Letter Opener","Coffee Dripper","Bag of Marbles","Toy Ornithopter","Regal Pillow","Sundial","Lantern"],"acts_visited":["Exordium","TheCity","TheBeyond"],"potions_floor_usage":[47,48,50],"damage_taken":[{"damage":0.0,"enemies":"Cultist","floor":1.0,"turns":2.0},{"damage":0.0,"enemies":"2 Louse","floor":2.0,"turns":3.0},{"damage":6.0,"enemies":"Small Slimes","floor":3.0,"turns":3.0},{"damage":7.0,"enemies":"2 Fungi Beasts","floor":4.0,"turns":3.0},{"damage":0.0,"enemies":"Gremlin Nob","floor":7.0,"turns":3.0},{"damage":0.0,"enemies":"Lagavulin","floor":14.0,"turns":5.0},{"damage":14.0,"enemies":"The Guardian","floor":16.0,"turns":10.0},{"damage":16.0,"enemies":"Spheric Guardian","floor":18.0,"turns":4.0},{"damage":9.0,"enemies":"Book of Stabbing","floor":23.0,"turns":4.0},{"damage":0.0,"enemies":"Chosen","floor":29.0,"turns":3.0},{"damage":0.0,"enemies":"Automaton","floor":33.0,"turns":5.0},{"damage":24.0,"enemies":"3 Darklings","floor":35.0,"turns":4.0},{"damage":20.0,"enemies":"Nemesis","floor":40.0,"turns":7.0},{"damage":0.0,"enemies":"3 Shapes","floor":41.0,"turns":1.0},{"damage":0.0,"enemies":"Giant Head","floor":44.0,"turns":3.0},{"damage":0.0,"enemies":"Spire Growth","floor":46.0,"turns":3.0},{"damage":6,"enemies":"Nemesis","floor":47,"turns":3},{"damage":0,"enemies":"Jaw Worm Horde","floor":48,"turns":2},{"damage":29,"enemies":"Time Eater","floor":50,"turns":8},{"damage":15,"enemies":"Donu and Deca","floor":51,"turns":1}],"seed_played":"6287508980144358808","potions_obtained":[{"floor":1.0,"key":"Ancient Potion"},{"floor":2.0,"key":"GamblersBrew"},{"floor":4.0,"key":"SpeedPotion"},{"floor":18.0,"key":"FearPotion"},{"floor":23.0,"key":"Explosive Potion"},{"floor":40.0,"key":"DuplicationPotion"},{"floor":46.0,"key":"Weak Potion"},{"floor":47,"key":"Weak Potion"}],"is_trial":false,"path_per_floor":["M","M","M","M","?","R","E","R","T","R","?","$","?","E","R","B",null,"M","?","?","$","?","E","R","?","T","T","R","M","R","$","R","B",null,"M","?","$","?","?","E","M","?","T","E","R","M","E","M","R","B","B"],"character_chosen":"WATCHER","items_purchased":["MentalFortress","Purity","Regen Potion"],"campfire_rested":1,"item_purchase_floors":[12,12,37],"current_hp_per_floor":[61,61,55,48,29,29,29,29,29,29,29,29,29,29,29,15,50,34,34,34,34,34,25,25,25,25,25,43,43,43,43,43,43,57,33,33,33,33,33,13,13,13,13,27,27,27,26,31,31,7,0,0],"gold":223,"neow_bonus":"TRANSFORM_TWO_CARDS","is_daily":false,"chose_seed":false,"campfire_upgraded":6,"win_rate":0.0,"timestamp":1610450128,"path_taken":["M","?","M","M","?","R","E","R","T","R","?","$","?","E","R","BOSS","M","?","?","$","?","E","R","?","T","?","R","M","R","$","R","BOSS","M","?","$","?","?","E","M","?","T","E","R","?","E","M","R","BOSS","BOSS"],"items_purchased_type":["Card","Card","Potion"],"build_version":"2020-12-22","purchased_purges":3,"victory":false,"max_hp_per_floor":[62,62,62,62,62,62,62,62,62,62,62,62,62,62,62,62,62,62,62,62,62,62,62,62,62,62,62,62,62,62,62,62,62,62,62,62,62,59,59,59,59,59,59,59,59,59,59,59,59,59,59,59],"card_choices":[{"not_picked":["WreathOfFlame","FlurryOfBlows"],"picked":"FearNoEvil","floor":1.0},{"not_picked":["Meditate","ThirdEye"],"picked":"FollowUp","floor":2.0},{"not_picked":["Crescendo","ReachHeaven"],"picked":"Conclude","floor":3.0},{"not_picked":["Judgement","Consecrate","WindmillStrike"],"picked":"SKIP","floor":4.0},{"not_picked":["BowlingBash","WaveOfTheHand"],"picked":"WheelKick","floor":7.0},{"not_picked":["Conclude","EmptyBody"],"picked":"InnerPeace","floor":14.0},{"not_picked":["ClearTheMind","JustLucky","SignatureMove"],"picked":"SKIP","floor":18.0},{"not_picked":["PathToVictory","LikeWater"],"picked":"EmptyMind","floor":23.0},{"not_picked":["SignatureMove","PathToVictory","Collect"],"picked":"SKIP","floor":29.0},{"not_picked":["Vengeance","Pray+1","BowlingBash"],"picked":"SKIP","floor":35.0},{"not_picked":["EmptyFist","WreathOfFlame","ThirdEye"],"picked":"SKIP","floor":40.0},{"not_picked":["Halt","LikeWater+1","Collect+1"],"picked":"SKIP","floor":41.0},{"not_picked":["CutThroughFate","EmptyBody+1"],"picked":"Vault","floor":44.0},{"not_picked":["BowlingBash","BattleHymn","Vengeance+1"],"picked":"SKIP","floor":46.0},{"not_picked":["SignatureMove+1","EmptyMind","Prostrate"],"picked":"SKIP","floor":47},{"not_picked":["SashWhip","Worship"],"picked":"Tantrum","floor":48}],"player_experience":2867927,"relics_obtained":[{"floor":7.0,"key":"Ginger"},{"floor":14.0,"key":"Shovel"},{"floor":23.0,"key":"The Courier"},{"floor":26.0,"key":"Dream Catcher"},{"floor":27.0,"key":"PreservedInsect"},{"floor":32.0,"key":"Letter Opener"},{"floor":40.0,"key":"Bag of Marbles"},{"floor":43.0,"key":"Toy Ornithopter"},{"floor":44.0,"key":"Regal Pillow"},{"floor":47,"key":"Sundial"},{"floor":49,"key":"Lantern"}],"event_choices":[{"damage_healed":0.0,"max_hp_gain":0.0,"max_hp_loss":0.0,"gold_gain":0.0,"event_name":"Shining Light","player_choice":"Entered Light","floor":5.0,"gold_loss":0.0,"damage_taken":19.0,"cards_upgraded":["Defend_P","TalkToTheHand"]},{"damage_healed":0.0,"max_hp_gain":0.0,"max_hp_loss":0.0,"gold_gain":150.0,"event_name":"Liars Game","player_choice":"AGREE","floor":11.0,"gold_loss":0.0,"damage_taken":0.0,"cards_obtained":["Doubt"]},{"cards_removed":["Strike_P"],"damage_healed":0.0,"max_hp_gain":0.0,"max_hp_loss":0.0,"gold_gain":0.0,"event_name":"Living Wall","player_choice":"Forget","floor":13.0,"gold_loss":0.0,"damage_taken":0.0},{"damage_healed":0.0,"max_hp_gain":0.0,"max_hp_loss":0.0,"gold_gain":0.0,"event_name":"Vampires","player_choice":"Ignored","floor":19.0,"gold_loss":0.0,"damage_taken":0.0},{"damage_healed":0.0,"max_hp_gain":0.0,"max_hp_loss":0.0,"gold_gain":0.0,"event_name":"Addict","player_choice":"Obtained Relic","floor":20.0,"gold_loss":85.0,"damage_taken":0.0,"relics_obtained":["Oddly Smooth Stone"]},{"damage_healed":0.0,"max_hp_gain":0.0,"max_hp_loss":0.0,"gold_gain":50.0,"event_name":"Nest","player_choice":"Stole From Cult","floor":22.0,"gold_loss":0.0,"damage_taken":0.0},{"damage_healed":0.0,"max_hp_gain":0.0,"max_hp_loss":0.0,"gold_gain":0.0,"event_name":"Cursed Tome","player_choice":"Ignored","floor":25.0,"gold_loss":0.0,"damage_taken":0.0},{"cards_removed":["Strike_P"],"damage_healed":0.0,"max_hp_gain":0.0,"max_hp_loss":0.0,"gold_gain":0.0,"event_name":"Falling","player_choice":"Removed Attack","floor":36.0,"gold_loss":0.0,"damage_taken":0.0},{"damage_healed":0.0,"max_hp_gain":0.0,"max_hp_loss":3.0,"gold_gain":0.0,"event_name":"Winding Halls","player_choice":"Max HP","floor":38.0,"gold_loss":0.0,"damage_taken":0.0},{"damage_healed":0.0,"max_hp_gain":0.0,"max_hp_loss":0.0,"gold_gain":0.0,"event_name":"Mysterious Sphere","player_choice":"Ignored","floor":39.0,"gold_loss":0.0,"damage_taken":0.0},{"cards_removed":["Strike_P"],"damage_healed":0.0,"max_hp_gain":0.0,"max_hp_loss":0.0,"gold_gain":0.0,"event_name":"Wheel of Change","player_choice":"Card Removal","floor":42.0,"gold_loss":0.0,"damage_taken":0.0}],"is_beta":false,"boss_relics":[{"not_picked":["Busted Crown","Black Star"],"picked":"Runic Pyramid"},{"not_picked":["Velvet Choker","Snecko Eye"],"picked":"Coffee Dripper"}],"items_purged_floors":[12,31,37],"is_endless":false,"potions_floor_spawned":[1,2,4,14,18,23,40,46,47],"killed_by":"Donu and Deca","ascension_level":20}}