{"host":"8by3m8mve9y2rhh4","time":1610458561,"event":{"mods":["BaseMod","Minty Spire (QoL Compilation)","Quick Restart"],"gold_per_floor":[116,129,142,0,19,49,49,74,121,121,121,121,141,141,141,261,324,347,367,383,407,407,407,437,2,2,2,2,20,40,65,65,163,163,181,181,195,42,42,67,67,97,120,120,135,190,216,233,233,233,233,233,29,63,63],"floor_reached":56,"playtime":2484,"items_purged":["Strike_G","Strike_G","Strike_G"],"score":1436,"play_id":"d62e83e3-607e-4324-a5bc-d0c416212b62","local_time":"20210112133601","is_ascension_mode":true,"campfire_choices":[{"floor":7,"key":"REST"},{"floor":12,"key":"RECALL"},{"data":"Catalyst","floor":15,"key":"SMITH"},{"floor":23,"key":"REST"},{"floor":28,"key":"REST"},{"floor":32,"key":"REST"},{"floor":41,"key":"REST"},{"floor":49,"key":"REST"},{"data":"Footwork","floor":52,"key":"SMITH"}],"circlet_count":0,"master_deck":["Strike_G+1","Strike_G","Defend_G","Defend_G","Defend_G","Defend_G","Survivor","Neutralize","Bane","Bouncing Flask","Deadly Poison","Blur","Catalyst+1","Bouncing Flask","Envenom","Footwork+1","Noxious Fumes+1","Catalyst+1","Escape Plan+1","Footwork","Leg Sweep","Dodge and Roll+1","Venomology","Footwork"],"relics":["Velvet Choker","Mercury Hourglass","Sundial","Bloody Idol","Singing Bowl","Tiny House","Regal Pillow","Oddly Smooth Stone","Medical Kit","Dream Catcher","Enchiridion","White Beast Statue","Busted Crown","Lantern","Du-Vu Doll","Snake Skull","Girya","Question Card","Gremlin Horn"],"acts_visited":["Exordium","TheCity","TheBeyond","TheEnding"],"potions_floor_usage":[18,18,21,21,40,45,46,46,47,48,48,48,50,50,50,54,55,55],"damage_taken":[{"damage":4,"enemies":"2 Louse","floor":1,"turns":5},{"damage":0,"enemies":"Cultist","floor":2,"turns":4},{"damage":7,"enemies":"Small Slimes","floor":3,"turns":2},{"damage":1,"enemies":"Blue Slaver","floor":5,"turns":3},{"damage":27,"enemies":"Gremlin Nob","floor":6,"turns":4},{"damage":18,"enemies":"3 Sentries","floor":8,"turns":7},{"damage":0,"enemies":"Looter","floor":13,"turns":3},{"damage":30,"enemies":"Slime Boss","floor":16,"turns":9},{"damage":20,"enemies":"2 Thieves","floor":18,"turns":4},{"damage":10,"enemies":"3 Byrds","floor":19,"turns":4},{"damage":0,"enemies":"Centurion and Healer","floor":20,"turns":4},{"damage":12,"enemies":"Cultist and Chosen","floor":21,"turns":5},{"damage":0,"enemies":"Gremlin Leader","floor":24,"turns":5},{"damage":9,"enemies":"Snake Plant","floor":29,"turns":4},{"damage":4,"enemies":"Centurion and Healer","floor":30,"turns":5},{"damage":29,"enemies":"Slavers","floor":31,"turns":5},{"damage":46,"enemies":"Collector","floor":33,"turns":6},{"damage":12,"enemies":"3 Shapes","floor":35,"turns":4},{"damage":4,"enemies":"3 Darklings","floor":37,"turns":5},{"damage":35,"enemies":"Reptomancer","floor":40,"turns":8},{"damage":30,"enemies":"Giant Head","floor":42,"turns":7},{"damage":20,"enemies":"Jaw Worm Horde","floor":45,"turns":5},{"damage":43,"enemies":"2 Orb Walkers","floor":46,"turns":5},{"damage":44,"enemies":"Reptomancer","floor":47,"turns":7},{"damage":6,"enemies":"Sphere and 2 Shapes","floor":48,"turns":4},{"damage":31,"enemies":"Donu and Deca","floor":50,"turns":8},{"damage":49,"enemies":"Shield and Spear","floor":54,"turns":5},{"damage":40,"enemies":"The Heart","floor":55,"turns":8}],"seed_played":"7024193360678200512","potions_obtained":[{"floor":6,"key":"Block Potion"},{"floor":8,"key":"PowerPotion"},{"floor":16,"key":"FairyPotion"},{"floor":19,"key":"GamblersBrew"},{"floor":20,"key":"Energy Potion"},{"floor":33,"key":"Fire Potion"},{"floor":35,"key":"Strength Potion"},{"floor":37,"key":"ColorlessPotion"},{"floor":40,"key":"SpeedPotion"},{"floor":46,"key":"LiquidMemories"},{"floor":47,"key":"SpeedPotion"},{"floor":54,"key":"CunningPotion"}],"is_trial":false,"path_per_floor":["M","M","M","$","M","E","R","E","T","?","?","R","M","T","R","B",null,"M","M","M","M","?","R","E","$","T","?","R","M","M","E","R","B",null,"M","?","M","$","?","E","R","E","T","$","M","?","E","M","R","B",null,"R","$","E","B",null],"character_chosen":"THE_SILENT","items_purchased":["Blur","Footwork","Oddly Smooth Stone","Medical Kit","FairyPotion","PowerPotion","Footwork"],"campfire_rested":6,"item_purchase_floors":[4,25,25,25,38,38,53],"current_hp_per_floor":[66,66,59,59,58,31,52,34,34,34,65,65,65,65,65,35,70,50,40,40,30,30,51,58,58,58,42,76,74,75,53,82,43,84,77,77,80,80,80,52,90,65,70,70,57,21,16,17,63,32,100,100,100,58,18],"gold":63,"neow_bonus":"BOSS_RELIC","is_daily":false,"chose_seed":false,"campfire_upgraded":2,"win_rate":0.0,"timestamp":1610458561,"path_taken":["M","M","M","$","M","E","R","E","T","?","?","R","?","?","R","BOSS","M","M","M","M","?","R","E","$","T","?","R","M","M","E","R","BOSS","M","?","?","$","?","E","R","E","T","?","M","?","E","M","R","BOSS","R","$","E","BOSS"],"items_purchased_type":["Card","Card","Relic","Relic","Potion","Potion","Card"],"build_version":"2020-12-22","purchased_purges":3,"victory":true,"max_hp_per_floor":[70,70,70,70,70,70,70,70,70,65,65,65,65,65,65,65,70,70,70,70,72,72,72,74,74,74,74,76,78,78,80,82,84,84,84,84,86,86,86,88,90,90,90,90,92,94,96,98,100,100,100,100,100,102,102],"card_choices":[{"not_picked":["Prepared","Underhanded Strike"],"picked":"Bane","floor":1},{"not_picked":["Dagger Throw","Backflip"],"picked":"Bouncing Flask","floor":2},{"not_picked":["Dodge and Roll","Cloak And Dagger"],"picked":"Deadly Poison","floor":3},{"not_picked":["Slice","Blur"],"picked":"Catalyst","floor":5},{"not_picked":["Deflect","Caltrops"],"picked":"Bouncing Flask","floor":6},{"not_picked":["Underhanded Strike","Predator","Finisher"],"picked":"SKIP","floor":8},{"not_picked":["Infinite Blades","Dagger Throw","Tactician"],"picked":"SKIP","floor":13},{"not_picked":["After Image","A Thousand Cuts"],"picked":"Envenom","floor":16},{"not_picked":["Prepared","Slice"],"picked":"Footwork","floor":17},{"not_picked":["Expertise+1","Concentrate"],"picked":"Noxious Fumes+1","floor":18},{"not_picked":["Dagger Spray+1","Deadly Poison"],"picked":"Catalyst+1","floor":19},{"not_picked":["Finisher","Heel Hook"],"picked":"Escape Plan+1","floor":20},{"not_picked":["Skewer","Terror","Dagger Spray"],"picked":"Singing Bowl","floor":21},{"not_picked":["Blade Dance+1","Glass Knife","Underhanded Strike"],"picked":"Singing Bowl","floor":24},{"not_picked":["Acrobatics","Calculated Gamble","Backflip+1"],"picked":"Singing Bowl","floor":28},{"not_picked":["Calculated Gamble+1","Blade Dance","Doppelganger"],"picked":"Singing Bowl","floor":29},{"not_picked":["Sucker Punch","Distraction"],"picked":"Leg Sweep","floor":30},{"not_picked":["Cloak And Dagger","Outmaneuver","Catalyst"],"picked":"Singing Bowl","floor":31},{"not_picked":["Cloak And Dagger","Bouncing Flask","Heel Hook"],"picked":"Singing Bowl","floor":32},{"not_picked":["Storm of Steel","Phantasmal Killer","Die Die Die"],"picked":"Singing Bowl","floor":33},{"not_picked":[],"picked":"Dodge and Roll+1","floor":35},{"not_picked":["All Out Attack+1"],"picked":"Singing Bowl","floor":37},{"not_picked":["Deflect"],"picked":"Singing Bowl","floor":40},{"not_picked":["Flying Knee+1"],"picked":"Singing Bowl","floor":41},{"not_picked":[],"picked":"Venomology","floor":42},{"not_picked":["Cloak And Dagger"],"picked":"Singing Bowl","floor":45},{"not_picked":["Choke"],"picked":"Singing Bowl","floor":46},{"not_picked":["Blade Dance"],"picked":"Singing Bowl","floor":47},{"not_picked":["All Out Attack","Quick Slash"],"picked":"Singing Bowl","floor":48},{"not_picked":["Dodge and Roll+1","Backflip"],"picked":"Singing Bowl","floor":49},{"not_picked":["Crippling Poison+1","Backflip"],"picked":"Singing Bowl","floor":54}],"player_experience":690891,"relics_obtained":[{"floor":6,"key":"Mercury Hourglass"},{"floor":8,"key":"Sundial"},{"floor":14,"key":"Singing Bowl"},{"floor":24,"key":"Regal Pillow"},{"floor":26,"key":"Dream Catcher"},{"floor":27,"key":"Enchiridion"},{"floor":31,"key":"White Beast Statue"},{"floor":40,"key":"Lantern"},{"floor":42,"key":"Du-Vu Doll"},{"floor":43,"key":"Snake Skull"},{"floor":46,"key":"Girya"},{"floor":47,"key":"Question Card"},{"floor":54,"key":"Gremlin Horn"}],"event_choices":[{"damage_healed":0,"gold_gain":0,"player_choice":"Lose Max HP","damage_taken":0,"relics_obtained":["Golden Idol"],"max_hp_gain":0,"max_hp_loss":5,"event_name":"Golden Idol","floor":10,"gold_loss":0},{"damage_healed":31,"gold_gain":0,"player_choice":"Full Heal","damage_taken":0,"max_hp_gain":0,"max_hp_loss":0,"event_name":"Wheel of Change","floor":11,"gold_loss":0},{"damage_healed":0,"gold_gain":0,"player_choice":"Gave Idol","damage_taken":0,"relics_obtained":["Bloody Idol"],"max_hp_gain":0,"max_hp_loss":0,"event_name":"Forgotten Altar","floor":22,"relics_lost":["Golden Idol"],"gold_loss":0},{"damage_healed":0,"gold_gain":0,"player_choice":"Obtained Book","damage_taken":16,"max_hp_gain":0,"max_hp_loss":0,"event_name":"Cursed Tome","floor":27,"gold_loss":0},{"damage_healed":0,"gold_gain":0,"player_choice":"Ignored","damage_taken":0,"max_hp_gain":0,"max_hp_loss":0,"event_name":"SecretPortal","floor":36,"gold_loss":0},{"cards_removed":["Defend_G"],"damage_healed":0,"gold_gain":0,"player_choice":"Removed Skill","damage_taken":0,"max_hp_gain":0,"max_hp_loss":0,"event_name":"Falling","floor":39,"gold_loss":0},{"damage_healed":0,"gold_gain":0,"player_choice":"Fight","damage_taken":0,"max_hp_gain":0,"max_hp_loss":0,"event_name":"Mysterious Sphere","floor":46,"gold_loss":0}],"is_beta":false,"boss_relics":[{"not_picked":["Fusion Hammer","Pandora\u0027s Box"],"picked":"Tiny House"},{"not_picked":["Coffee Dripper","SacredBark"],"picked":"Busted Crown"}],"items_purged_floors":[4,25,53],"is_endless":false,"potions_floor_spawned":[6,8,16,19,20,33,35,37,40,42,45,46,47,48,54],"ascension_level":1}}