{"host":"fuszjwm6fqgjjp4d","time":1610433222,"event":{"mods":["BaseMod","Bestiary","Colored Map","DeckTracker","Minty Spire (QoL Compilation)","Permanent Neow","Relic Sorter","Relic Stats","StSLib"],"gold_per_floor":[118,135,150,150,150,150,166,166,166,166,166,180,209,228,228,228,228],"floor_reached":16,"playtime":333,"items_purged":[],"score":184,"play_id":"a9da0552-750c-4a41-af78-913fbf746463","local_time":"20210112003342","is_ascension_mode":true,"campfire_choices":[{"data":"Eruption","floor":6,"key":"SMITH"},{"data":"SashWhip","floor":8,"key":"SMITH"},{"data":"CutThroughFate","floor":10,"key":"SMITH"},{"data":"Blasphemy","floor":15,"key":"SMITH"}],"circlet_count":0,"master_deck":["AscendersBane","Strike_P","Strike_P","Strike_P","Strike_P","Defend_P","Defend_P","Defend_P","Defend_P","Eruption+1","Vigilance","Violence","SashWhip+1","Evaluate","BowlingBash","CutThroughFate+1","BattleHymn","Blasphemy+1","FlurryOfBlows"],"relics":["PureWater","Blue Candle","TeardropLocket","PreservedInsect","MealTicket"],"acts_visited":["Exordium"],"potions_floor_usage":[16],"damage_taken":[{"damage":1,"enemies":"Cultist","floor":1,"turns":3},{"damage":13,"enemies":"Small Slimes","floor":2,"turns":5},{"damage":0,"enemies":"Jaw Worm","floor":3,"turns":4},{"damage":1,"enemies":"Red Slaver","floor":7,"turns":2},{"damage":0,"enemies":"Exordium Thugs","floor":12,"turns":2},{"damage":4,"enemies":"Lagavulin","floor":13,"turns":5},{"damage":0,"enemies":"3 Louse","floor":14,"turns":2},{"damage":46,"enemies":"The Guardian","floor":16,"turns":4}],"seed_played":"-894314356603416696","potions_obtained":[{"floor":3,"key":"Fire Potion"},{"floor":7,"key":"SmokeBomb"}],"is_trial":false,"path_per_floor":["M","M","M","?","T","R","M","R","T","R","T","M","E","M","R","B"],"character_chosen":"WATCHER","items_purchased":[],"campfire_rested":0,"item_purchase_floors":[],"current_hp_per_floor":[42,29,29,51,51,51,50,50,50,50,50,50,46,46,46,0,0],"gold":228,"neow_bonus":"RANDOM_COLORLESS_2","is_daily":false,"chose_seed":false,"campfire_upgraded":4,"win_rate":0.0,"timestamp":1610433222,"path_taken":["M","?","M","?","?","R","?","R","T","R","?","M","E","M","R","BOSS"],"items_purchased_type":[],"build_version":"2020-12-22","purchased_purges":0,"victory":false,"max_hp_per_floor":[68,68,68,68,68,68,68,68,68,68,68,68,68,68,68,68,68],"relic_stats":{"counters":[8,27],"Blue Candle":[0],"MealTicket":0,"PreservedInsect":28,"obtain_stats":[{"Blue Candle":5,"MealTicket":13,"PreservedInsect":11,"TeardropLocket":9,"PureWater":0},{"Blue Candle":3,"MealTicket":6,"PreservedInsect":4,"TeardropLocket":4,"PureWater":0},{"Blue Candle":12,"MealTicket":21,"PreservedInsect":14,"TeardropLocket":14,"PureWater":0}]},"card_choices":[{"not_picked":["Panache","Secret Weapon"],"picked":"Violence","floor":0.0},{"not_picked":["PathToVictory","EmptyFist"],"picked":"SashWhip","floor":1},{"not_picked":["Halt","Prostrate"],"picked":"Evaluate","floor":2},{"not_picked":["FollowUp","CrushJoints"],"picked":"BowlingBash","floor":3},{"not_picked":["CrushJoints","FlurryOfBlows"],"picked":"CutThroughFate","floor":7},{"not_picked":["Nirvana","Evaluate"],"picked":"BattleHymn","floor":12},{"not_picked":["Wallop","CutThroughFate"],"picked":"Blasphemy","floor":13},{"not_picked":["ThirdEye","FlyingSleeves"],"picked":"FlurryOfBlows","floor":14}],"player_experience":1273033,"relics_obtained":[{"floor":5,"key":"Blue Candle"},{"floor":9,"key":"TeardropLocket"},{"floor":11,"key":"PreservedInsect"},{"floor":13,"key":"MealTicket"}],"event_choices":[{"damage_healed":22,"gold_gain":0,"player_choice":"Banana","damage_taken":0,"max_hp_gain":0,"max_hp_loss":0,"event_name":"Big Fish","floor":4,"gold_loss":0}],"is_beta":false,"boss_relics":[],"items_purged_floors":[],"is_endless":false,"potions_floor_spawned":[3,7,12,14],"killed_by":"The Guardian","ascension_level":16}}