{"host":"lxihx0b6awoz2w1j","time":1610424598,"event":{"mods":["Aspiration","BaseMod","Better Third Choice","CapriCore","Colored Powertips","Downfall","Hermit","Hubris","Infinite Spire","JesterMod","Luminous","Marisa????????","Melee Mod","Minty Spire (QoL Compilation)","Prisma Mod","Quick Restart","Relic Stats","Replay The Spire","Shade Mod","Spicy Shops","StSLib","The Alterego","The Blue Laboratory","The Cursed","The Disciple","The Forsaken","The Immortal","The Jungle","The Marked","The Runesmith","The Senshi","The Servant 0.9.4","Waifu the Spire"],"gold_per_floor":[117,130,141,61,72,72,84,111,111,124,150,150,150,150,163,6,6,104,104,122,140,151,161,161,161,196,207,207,230,242,354,385,416,520,628,640,669,692,723,749,761,773,785,817,855,867,891,918,930,974,986,998],"floor_reached":53,"playtime":2455,"items_purged":[],"score":844,"play_id":"a06b7896-bbdc-4318-bcd3-210f365487e9","local_time":"20210112050958","is_ascension_mode":false,"campfire_choices":[{"data":"infinitespire:Neurotoxin","floor":6.0,"key":"SMITH"},{"data":"infinitespire:Neurotoxin","floor":14.0,"key":"SMITH"},{"data":"Dodge and Roll","floor":17.0,"key":"SMITH"},{"data":"Envenom","floor":25.0,"key":"SMITH"},{"floor":43,"key":"DIG"},{"floor":46,"key":"DIG"},{"floor":49,"key":"DIG"}],"circlet_count":0,"master_deck":["Strike_G","Strike_G","Strike_G","Strike_G","Strike_G","Defend_G","Defend_G","Defend_G","Defend_G","Defend_G","Survivor","Neutralize","Cloak And Dagger","Backstab","Infinite Blades","infinitespire:Neurotoxin+1","Dash","Backstab","Headbutt","Blade Dance","infinitespire:Neurotoxin+1","Blade Dance","Dodge and Roll+1","Envenom+1","Dagger Spray+1","Dagger Throw+1","Flying Knee","Escape Plan","Quick Slash+1","Accuracy+1","Runesmith:MetallurgicalResearch","Cloak And Dagger","Blur","Noxious Fumes","Cloak And Dagger","Bouncing Flask","Dash+1","Terror","Poisoned Stab","Burst","Sucker Punch","ReplayTheSpireMod:Tripwire","ReplayTheSpireMod:Speed Training","Dagger Spray","Outmaneuver+1","Backstab+1","Well Laid Plans","Escape Plan","Fluid Movement+1","Runesmith:Reinforce","Caltrops","Runesmith:HammerThrow+1"],"relics":["Ring of the Snake","aspiration:Nostalgia","m_RuneBlood","Happy Flower","Prayer Wheel","Replay:Ringing Soul","Membership Card","Painkiller Herb","aspiration:MobileForge","ReplayTheSpireMod:TigerMarble","MawBank","hubris:Icosahedron","hubris:Zylophone","theSenshi:FeatherClipsRelic","WristBlade","Shovel","Singing Bowl","hubris:AncientText","Basket Of Snakes","Replay:WaspNest","Iron Hammer"],"acts_visited":["Exordium","TheCity","TheBeyond"],"potions_floor_usage":[],"damage_taken":[{"damage":4.0,"enemies":"Cultist","floor":1.0,"turns":4.0},{"damage":10.0,"enemies":"infinitespire:Voidling","floor":2.0,"turns":5.0},{"damage":0.0,"enemies":"Small Slimes","floor":3.0,"turns":3.0},{"damage":4.0,"enemies":"Exordium Wildlife","floor":5.0,"turns":3.0},{"damage":0.0,"enemies":"Looter","floor":7.0,"turns":3.0},{"damage":0.0,"enemies":"3 Louse","floor":10.0,"turns":1.0},{"damage":13.0,"enemies":"Lagavulin","floor":11.0,"turns":5.0},{"damage":0.0,"enemies":"Blue Slaver","floor":15.0,"turns":2.0},{"damage":31.0,"enemies":"Fading Forest","floor":18.0,"turns":11.0},{"damage":0.0,"enemies":"2 Thieves","floor":20.0,"turns":3.0},{"damage":5.0,"enemies":"Shell Parasite","floor":21.0,"turns":2.0},{"damage":0.0,"enemies":"3 Cultists","floor":22.0,"turns":5.0},{"damage":10.0,"enemies":"Cultist and Chosen","floor":23.0,"turns":4.0},{"damage":4.0,"enemies":"Replay:Snechameleon","floor":26.0,"turns":3.0},{"damage":0.0,"enemies":"Centurion and Healer","floor":27.0,"turns":3.0},{"damage":9.0,"enemies":"Snake Plant","floor":29.0,"turns":3.0},{"damage":1.0,"enemies":"Colosseum Slavers","floor":31.0,"turns":2.0},{"damage":16.0,"enemies":"Colosseum Nobs","floor":31.0,"turns":4.0},{"damage":0.0,"enemies":"Chosen and Byrds","floor":32.0,"turns":4.0},{"damage":0.0,"enemies":"Shelled Parasite and Fungi","floor":33.0,"turns":3.0},{"damage":28.0,"enemies":"hubris:MusketHawk","floor":35.0,"turns":4.0},{"damage":1.0,"enemies":"3 Shapes","floor":37.0,"turns":3.0},{"damage":30.0,"enemies":"3 Darklings","floor":38.0,"turns":6.0},{"damage":16.0,"enemies":"Writhing Mass","floor":39.0,"turns":4.0},{"damage":18,"enemies":"Jaw Worm Horde","floor":40,"turns":5},{"damage":0,"enemies":"Sphere and 2 Shapes","floor":44,"turns":1},{"damage":1,"enemies":"Transient","floor":47,"turns":5},{"damage":24,"enemies":"Writhing Mass","floor":48,"turns":4},{"damage":26,"enemies":"Reptomancer","floor":50,"turns":3},{"damage":12,"enemies":"Time Eater","floor":52,"turns":8}],"seed_played":"298320704902332060","potions_obtained":[{"floor":1.0,"key":"Adrenaline Potion"},{"floor":2.0,"key":"ColorlessPotion"},{"floor":10.0,"key":"LifebloodPotion"},{"floor":20.0,"key":"blueLaboratory:ArtistsPotion"},{"floor":26.0,"key":"Ancient Potion"},{"floor":29.0,"key":"Poison Potion"},{"floor":38.0,"key":"Energy Potion"},{"floor":48,"key":"Block Potion"}],"is_trial":false,"path_per_floor":["M","M","M","$","M","R","M","T","T","M","E","PTL","PTL","R","M","$","R","B",null,"?","?","?","?","AVR","T","E","?","T","?","?","?","?","?","T","B",null,"?","?","?","?","?","AVR","T","?","T","T","?","?","T","E","T","B",null],"character_chosen":"THE_SILENT","items_purchased":["infinitespire:Neurotoxin","Membership Card"],"campfire_rested":0,"item_purchase_floors":[4,16],"current_hp_per_floor":[69,66,69,69,68,68,70,70,70,70,63,63,63,63,69,69,69,44,79,82,83,88,84,84,84,83,89,89,86,86,78,90,102,102,86,109,112,94,90,84,84,84,84,98,98,98,109,97,97,83,123,120],"gold":1010,"neow_bonus":"NOSTALGIA","is_daily":false,"chose_seed":false,"campfire_upgraded":4,"win_rate":0.0,"timestamp":1610424598,"path_taken":["M","M","M","$","M","R","M","?","T","M","E","PTL","PTL","R","?","$","R","BOSS","?","?","?","?","AVR","T","E","?","T","?","?","?","?","?","T","BOSS","?","?","?","?","?","AVR","T","?","T","T","?","?","T","E","T","BOSS"],"items_purchased_type":["Card","Relic"],"build_version":"2020-12-22","purchased_purges":0,"victory":true,"max_hp_per_floor":[70,70,70,70,70,70,70,70,70,70,73,73,73,73,76,76,76,79,79,82,85,88,91,91,91,91,94,94,97,97,100,103,106,106,109,109,112,115,118,121,121,121,121,126,126,126,129,132,132,135,135,135],"relic_stats":{"Shovel":3,"Happy Flower":[32],"Singing Bowl":2,"counters":[30,116],"Prayer Wheel":17,"MawBank":300,"obtain_stats":[{"Happy Flower":8,"Singing Bowl":43,"aspiration:Nostalgia":0,"Basket Of Snakes":46,"Painkiller Herb":19,"Replay:WaspNest":49,"theSenshi:FeatherClipsRelic":31,"MawBank":28,"hubris:Zylophone":31,"Replay:Ringing Soul":11,"hubris:Icosahedron":30,"Shovel":42,"WristBlade":36,"aspiration:MobileForge":24,"Prayer Wheel":9,"Iron Hammer":50,"ReplayTheSpireMod:TigerMarble":26,"Membership Card":16,"hubris:AncientText":45,"Ring of the Snake":0,"m_RuneBlood":0},{"Happy Flower":5,"Singing Bowl":25,"aspiration:Nostalgia":0,"Basket Of Snakes":26,"Painkiller Herb":9,"Replay:WaspNest":28,"theSenshi:FeatherClipsRelic":18,"MawBank":15,"hubris:Zylophone":18,"Replay:Ringing Soul":7,"hubris:Icosahedron":16,"Shovel":25,"WristBlade":21,"aspiration:MobileForge":13,"Prayer Wheel":5,"Iron Hammer":29,"ReplayTheSpireMod:TigerMarble":14,"Membership Card":8,"hubris:AncientText":26,"Ring of the Snake":0,"m_RuneBlood":0},{"Happy Flower":18,"Singing Bowl":95,"aspiration:Nostalgia":0,"Basket Of Snakes":96,"Painkiller Herb":37,"Replay:WaspNest":105,"theSenshi:FeatherClipsRelic":66,"MawBank":57,"hubris:Zylophone":66,"Replay:Ringing Soul":24,"hubris:Icosahedron":60,"Shovel":95,"WristBlade":77,"aspiration:MobileForge":51,"Prayer Wheel":18,"Iron Hammer":108,"ReplayTheSpireMod:TigerMarble":54,"Membership Card":26,"hubris:AncientText":96,"Ring of the Snake":0,"m_RuneBlood":0}],"Ring of the Snake":[60]},"card_choices":[{"not_picked":["hubris:TrickCloak","Dagger Spray"],"picked":"Cloak And Dagger","floor":1.0},{"not_picked":["Deadly Poison","Deflect"],"picked":"Backstab","floor":2.0},{"not_picked":["Runesmith:CraftFirestone","Acrobatics"],"picked":"Infinite Blades","floor":3.0},{"not_picked":["Dagger Spray","Replay:Poison Smokescreen"],"picked":"Dash","floor":5.0},{"not_picked":["Choke","Dagger Throw"],"picked":"Backstab","floor":7.0},{"not_picked":["Armaments","Deflect"],"picked":"Headbutt","floor":10.0},{"not_picked":["Toxin Wave","ReplayTheSpireMod:The Works"],"picked":"Blade Dance","floor":10.0},{"not_picked":["Flechettes","Backflip"],"picked":"infinitespire:Neurotoxin","floor":11.0},{"not_picked":["Runesmith:Reinforce","Backstab"],"picked":"Blade Dance","floor":15.0},{"not_picked":["Blade Dance","Prepared"],"picked":"Dodge and Roll","floor":15.0},{"not_picked":["Night Terror","Adrenaline"],"picked":"Envenom","floor":18.0},{"not_picked":["Deadly Poison","Prepared"],"picked":"Dagger Spray+1","floor":20.0},{"not_picked":["Concentrate+1","Runesmith:ShiftingStrike"],"picked":"Dagger Throw","floor":20.0},{"not_picked":["Cloak And Dagger+1","Rampage+1"],"picked":"Flying Knee","floor":21.0},{"not_picked":["Flying Knee","Runesmith:HammerThrow"],"picked":"Escape Plan","floor":21.0},{"not_picked":["Acrobatics","Runesmith:Grindstone"],"picked":"Quick Slash+1","floor":22.0},{"not_picked":["Dagger Spray","Fluid Movement"],"picked":"Accuracy+1","floor":22.0},{"not_picked":["Bouncing Flask","Dodge and Roll+1"],"picked":"Runesmith:MetallurgicalResearch","floor":23.0},{"not_picked":["PiercingWail","Heel Hook+1","Draining Mist"],"picked":"SKIP","floor":23.0},{"not_picked":["Underhanded Strike","Dagger Throw","Slice"],"picked":"SKIP","floor":26.0},{"not_picked":["Tactician","Skewer"],"picked":"Cloak And Dagger","floor":27.0},{"not_picked":["Prepared","hubris:Counter"],"picked":"Blur","floor":27.0},{"not_picked":["Headbutt","Runesmith:Grindstone"],"picked":"Noxious Fumes","floor":29.0},{"not_picked":["Hidden Blade","hubris:SlightOfHand","Replay:Poison Smokescreen+1"],"picked":"SKIP","floor":29.0},{"not_picked":["Endless Agony","Runesmith:Grindstone+1"],"picked":"Cloak And Dagger","floor":31.0},{"not_picked":["Runesmith:Grindstone","Wraith Form v2"],"picked":"Bouncing Flask","floor":32.0},{"not_picked":["Cloak And Dagger","ReplayTheSpireMod:LeadingStrike"],"picked":"Dash+1","floor":32.0},{"not_picked":["Runesmith:FieryHammer+1","Acrobatics"],"picked":"Terror","floor":33.0},{"not_picked":["Sneak Up","Backflip"],"picked":"Poisoned Stab","floor":33.0},{"not_picked":["ReplayTheSpireMod:From All Sides","Doppelganger"],"picked":"Burst","floor":35.0},{"not_picked":["Underhanded Strike","Prepared+1"],"picked":"Sucker Punch","floor":37.0},{"not_picked":["Deflect","hubris:Sniper","Dagger Throw"],"picked":"SKIP","floor":37.0},{"not_picked":["hubris:SlightOfHand+1","Dodge and Roll"],"picked":"ReplayTheSpireMod:Tripwire","floor":38.0},{"not_picked":["Backflip+1","Hidden Blade+1"],"picked":"ReplayTheSpireMod:Speed Training","floor":38.0},{"not_picked":["hubris:Sniper","Flechettes+1"],"picked":"Dagger Spray","floor":39.0},{"not_picked":["Flying Knee","Skewer+1"],"picked":"Outmaneuver+1","floor":39.0},{"not_picked":["Quick Slash+1","Bash"],"picked":"Backstab+1","floor":40},{"not_picked":["hubris:SlightOfHand","Prepared","ReplayTheSpireMod:Armaments MK-II-B"],"picked":"SKIP","floor":40},{"not_picked":["Dagger Throw","Riddle With Holes","Outmaneuver+1"],"picked":"Singing Bowl","floor":44},{"not_picked":["Unload","Acrobatics+1"],"picked":"Well Laid Plans","floor":44},{"not_picked":["Perfected Strike+1","Runesmith:HammerThrow"],"picked":"Escape Plan","floor":47},{"not_picked":["Sucker Punch","Dagger Spray+1"],"picked":"Fluid Movement+1","floor":47},{"not_picked":["Draining Mist+1","Runesmith:Fortify+1"],"picked":"Runesmith:Reinforce","floor":48},{"not_picked":["Wraith Form v2","Sucker Punch+1"],"picked":"Caltrops","floor":48},{"not_picked":["hubris:Sniper","Dagger Throw"],"picked":"Runesmith:HammerThrow+1","floor":50}],"player_experience":579601,"relics_obtained":[{"floor":8.0,"key":"Happy Flower"},{"floor":9.0,"key":"Prayer Wheel"},{"floor":11.0,"key":"Replay:Ringing Soul"},{"floor":26.0,"key":"ReplayTheSpireMod:TigerMarble"},{"floor":28.0,"key":"MawBank"},{"floor":31.0,"key":"hubris:Zylophone"},{"floor":31.0,"key":"theSenshi:FeatherClipsRelic"},{"floor":43,"key":"Singing Bowl"},{"floor":45,"key":"hubris:AncientText"},{"floor":46,"key":"Basket Of Snakes"},{"floor":49,"key":"Replay:WaspNest"},{"floor":50,"key":"Iron Hammer"}],"event_choices":[{"damage_healed":0.0,"max_hp_gain":0.0,"max_hp_loss":0.0,"gold_gain":0.0,"event_name":"Colosseum","player_choice":"Fight","floor":31.0,"gold_loss":0.0,"damage_taken":0.0},{"damage_healed":0.0,"max_hp_gain":0.0,"max_hp_loss":0.0,"gold_gain":0.0,"event_name":"Colosseum","player_choice":"Fought Nobs","floor":31.0,"gold_loss":0.0,"damage_taken":0.0}],"is_beta":false,"boss_relics":[{"not_picked":["hubris:GrandSneckoEye","Tiny House"],"picked":"Painkiller Herb"},{"not_picked":["Busted Crown","jesterMod:MachoBrace"],"picked":"WristBlade"}],"items_purged_floors":[],"is_endless":false,"potions_floor_spawned":[1,2,10,20,26,29,31,38,39,40,48,50],"ascension_level":0}}