{"host":"480qzmvu0s2e3e6w","time":1610466774,"event":{"mods":["BaseMod","Colored Map","DeckTracker","Lobotomy","Minty Spire (QoL Compilation)","StSLib","SuperFastMode"],"gold_per_floor":[117,127,140,41,41,41,72,72,72,72,98,117,152,152,152,231,231,250,263,313,327,24,24,49,49,49,99,99,149,199,216,216,216,216],"floor_reached":33,"playtime":1319,"items_purged":["Defend_R"],"score":536,"play_id":"adfcf885-2146-459e-9792-18ed4b84a809","local_time":"20210113005254","is_ascension_mode":true,"campfire_choices":[{"data":"Bludgeon","floor":6.0,"key":"SMITH"},{"data":"True Grit","floor":8.0,"key":"SMITH"},{"data":"Body Slam","floor":15,"key":"SMITH"},{"data":"Fiend Fire","floor":23,"key":"SMITH"},{"floor":25,"key":"REST"},{"floor":28,"key":"REST"},{"data":"Dark Embrace","floor":32,"key":"SMITH"}],"circlet_count":0,"master_deck":["AscendersBane","Bash","Flex+1","Bludgeon+1","Second Wind","Second Wind","Shrug It Off","True Grit+1","Spot Weakness","Anger","Immolate","Body Slam+1","Fiend Fire+1","Immolate","Second Wind","Dark Embrace+1","Body Slam","Shrug It Off","Writhe","Clash+1"],"relics":["Burning Blood","Ornamental Fan","Potion Belt","Mummified Hand","Kunai","SsserpentHead","Pandora\u0027s Box","HornCleat","Sundial","Bag of Marbles"],"acts_visited":["Exordium","TheCity"],"potions_floor_usage":[16,24,27,33],"damage_taken":[{"damage":2.0,"enemies":"Jaw Worm","floor":1.0,"turns":3.0},{"damage":0.0,"enemies":"Small Slimes","floor":2.0,"turns":2.0},{"damage":1.0,"enemies":"Cultist","floor":3.0,"turns":3.0},{"damage":0.0,"enemies":"Lagavulin","floor":7.0,"turns":5.0},{"damage":26.0,"enemies":"Gremlin Nob","floor":11.0,"turns":5.0},{"damage":13.0,"enemies":"Blue Slaver","floor":12.0,"turns":3.0},{"damage":16.0,"enemies":"3 Sentries","floor":13.0,"turns":5.0},{"damage":26,"enemies":"Hexaghost","floor":16,"turns":8},{"damage":6,"enemies":"Spheric Guardian","floor":18,"turns":3},{"damage":7,"enemies":"Chosen","floor":19,"turns":4},{"damage":32,"enemies":"Sentry and Sphere","floor":21,"turns":6},{"damage":23,"enemies":"Slavers","floor":24,"turns":4},{"damage":8,"enemies":"Colosseum Slavers","floor":27,"turns":3},{"damage":13,"enemies":"Centurion and Healer","floor":31,"turns":4},{"damage":69,"enemies":"Automaton","floor":33,"turns":8}],"seed_played":"-3598005138283111325","potions_obtained":[{"floor":3.0,"key":"ColorlessPotion"},{"floor":13,"key":"BloodPotion"},{"floor":24,"key":"Explosive Potion"},{"floor":31,"key":"DistilledChaos"}],"is_trial":false,"path_per_floor":["M","M","M","$","?","R","E","R","T","?","E","M","E","?","R","B",null,"M","M","?","M","$","R","E","R","T","?","R","?","?","M","R","B"],"character_chosen":"IRONCLAD","items_purchased":["True Grit","HornCleat","Energy Potion"],"campfire_rested":2,"item_purchase_floors":[4,22,22],"current_hp_per_floor":[68,68,68,68,48,48,54,54,54,54,34,27,17,17,17,10,54,54,53,53,27,27,27,10,30,30,28,48,48,48,41,41,0,0],"gold":216,"neow_bonus":"TRANSFORM_TWO_CARDS","is_daily":false,"chose_seed":false,"campfire_upgraded":5,"win_rate":0.0,"timestamp":1610466774,"path_taken":["M","M","M","$","?","R","E","R","T","?","E","M","E","?","R","BOSS","M","M","?","M","$","R","E","R","T","?","R","?","?","M","R","BOSS"],"items_purchased_type":["Card","Relic","Potion"],"build_version":"2020-12-22","purchased_purges":1,"victory":false,"max_hp_per_floor":[68,68,68,68,68,68,68,68,68,68,68,68,68,68,68,68,68,68,68,68,68,68,68,68,68,68,68,68,68,68,68,68,68,68],"card_choices":[{"not_picked":["Anger","Sever Soul"],"picked":"Second Wind","floor":1.0},{"not_picked":["Perfected Strike","Heavy Blade"],"picked":"Second Wind","floor":2.0},{"not_picked":["Warcry","Inflame"],"picked":"Shrug It Off","floor":3.0},{"not_picked":["Dropkick","Heavy Blade"],"picked":"Spot Weakness","floor":7.0},{"not_picked":["Second Wind","Infernal Blade","Cleave"],"picked":"SKIP","floor":11.0},{"not_picked":["Perfected Strike","Intimidate"],"picked":"Immolate","floor":12.0},{"not_picked":["Shrug It Off","Searing Blow"],"picked":"Body Slam","floor":13},{"not_picked":["Impervious","Demon Form"],"picked":"Fiend Fire","floor":16},{"not_picked":["Rupture","Clothesline","Fire Breathing"],"picked":"SKIP","floor":18},{"not_picked":["Twin Strike","Body Slam","Thunderclap+1"],"picked":"SKIP","floor":19},{"not_picked":["Flex","Twin Strike","Anger"],"picked":"SKIP","floor":21},{"not_picked":["Reckless Charge","Warcry","Anger"],"picked":"SKIP","floor":24},{"not_picked":["Twin Strike+1","Wild Strike"],"picked":"Clash+1","floor":31}],"player_experience":709473,"relics_obtained":[{"floor":7.0,"key":"Ornamental Fan"},{"floor":9.0,"key":"Potion Belt"},{"floor":11.0,"key":"Mummified Hand"},{"floor":13,"key":"Kunai"},{"floor":24,"key":"Sundial"}],"event_choices":[{"damage_healed":0.0,"max_hp_gain":0.0,"max_hp_loss":0.0,"gold_gain":0.0,"event_name":"Shining Light","player_choice":"Entered Light","floor":5.0,"gold_loss":0.0,"damage_taken":20.0,"cards_upgraded":["Flex","Strike_R"]},{"damage_healed":0.0,"max_hp_gain":0.0,"max_hp_loss":0.0,"gold_gain":0.0,"cards_transformed":["Strike_R"],"event_name":"Living Wall","player_choice":"Change","floor":10.0,"gold_loss":0.0,"damage_taken":0.0,"cards_obtained":["Anger"]},{"damage_healed":0,"gold_gain":0,"player_choice":"Trade","damage_taken":0,"relics_obtained":["SsserpentHead"],"max_hp_gain":0,"max_hp_loss":0,"event_name":"FaceTrader","floor":14,"gold_loss":0},{"damage_healed":0,"gold_gain":0,"player_choice":"Ignored","damage_taken":0,"max_hp_gain":0,"max_hp_loss":0,"event_name":"Ghosts","floor":20,"gold_loss":0},{"damage_healed":0,"gold_gain":0,"player_choice":"Fight","damage_taken":0,"max_hp_gain":0,"max_hp_loss":0,"event_name":"Colosseum","floor":27,"gold_loss":0},{"damage_healed":0,"gold_gain":0,"player_choice":"Fled From Nobs","damage_taken":0,"max_hp_gain":0,"max_hp_loss":0,"event_name":"Colosseum","floor":27,"gold_loss":0},{"damage_healed":0,"gold_gain":0,"player_choice":"Opened","damage_taken":0,"relics_obtained":["Bag of Marbles"],"max_hp_gain":0,"max_hp_loss":0,"event_name":"The Mausoleum","floor":29,"gold_loss":0,"cards_obtained":["Writhe"]},{"damage_healed":0,"gold_gain":0,"player_choice":"Ignored","damage_taken":0,"max_hp_gain":0,"max_hp_loss":0,"event_name":"Vampires","floor":30,"gold_loss":0}],"is_beta":false,"boss_relics":[{"not_picked":["Black Blood","Black Star"],"picked":"Pandora\u0027s Box"}],"items_purged_floors":[4],"is_endless":false,"potions_floor_spawned":[3,13,24,31],"killed_by":"Automaton","ascension_level":15}}