{"host":"ch0czqmvyp36vaf6","time":1610431475,"event":{"mods":["BaseMod","CapriCore","Friendly Minions","GungeonMod","Hermit","Highlight Path","Koishi","Lobotomy","Marisa£¨Ùöéë¡¡Øª×âÞÞ£©","Minty Spire (QoL Compilation)","Quick Restart","StSLib","The Animator","The Bug Knight","The Cursed","The Dragon Tamer","The Gatherer","The Hierophant","The Immortal","The Poker Player","The Runesmith"],"gold_per_floor":[128,148,167,167,167,167,185,110,191,211,226,226,244,244,244],"floor_reached":14,"playtime":376,"items_purged":["animator:Strike"],"score":84,"play_id":"73141cc8-ee9d-4e08-bf41-609ca062f27e","local_time":"20210112150435","is_ascension_mode":false,"campfire_choices":[{"data":"animator:Berserker","floor":6,"key":"SMITH"}],"circlet_count":0,"master_deck":["animator:Strike_Fate","animator:Defend_Fate","animator:Strike+1","animator:Defend","animator:Defend","animator:Defend","animator:Alexander","animator:Berserker+1","animator:Alexander+1"],"relics":["animator:LivingPicture","animator:TheMissingPiece","animator:PurgingStone","DemoMod:ChaffGrenade"],"acts_visited":["Exordium"],"potions_floor_usage":[11],"damage_taken":[{"damage":9,"enemies":"Jaw Worm","floor":1,"turns":4},{"damage":0,"enemies":"2 Louse","floor":2,"turns":2},{"damage":1,"enemies":"Cultist","floor":3,"turns":3},{"damage":22,"enemies":"Large Slime","floor":7,"turns":7},{"damage":9,"enemies":"Blue Slaver","floor":10,"turns":5},{"damage":7,"enemies":"Exordium Thugs","floor":11,"turns":4},{"damage":8,"enemies":"2 Fungi Beasts","floor":13,"turns":3},{"damage":0,"enemies":"3 Sentries","floor":14,"turns":1}],"seed_played":"3695880491028919047","potions_obtained":[{"floor":2,"key":"DuplicationPotion"},{"floor":7,"key":"SteroidPotion"},{"floor":11,"key":"Energy Potion"}],"is_trial":false,"path_per_floor":["M","M","M","?","?","R","M","$","T","M","M","?","M","E"],"character_chosen":"THE_ANIMATOR","items_purchased":[],"campfire_rested":0,"item_purchase_floors":[],"current_hp_per_floor":[57,57,56,61,61,61,39,39,39,30,23,9,1,1,1],"gold":244,"neow_bonus":"REMOVE_CARD","is_daily":false,"chose_seed":false,"campfire_upgraded":1,"win_rate":0.0,"timestamp":1610431475,"path_taken":["M","M","M","?","?","R","M","$","T","M","?","?","M","E"],"items_purchased_type":[],"build_version":"2020-12-22","purchased_purges":1,"victory":false,"max_hp_per_floor":[66,66,66,71,71,71,71,71,71,71,71,71,71,71,71],"card_choices":[{"not_picked":["animator:OrikoMikuni","animator:Emonzaemon"],"picked":"animator:Berserker","floor":1},{"not_picked":["animator:Yuuichirou","animator:Guy"],"picked":"animator:Alexander","floor":2},{"not_picked":["animator:Spearman","animator:ZankiKiguchi","animator:Emonzaemon"],"picked":"SKIP","floor":3},{"not_picked":["animator:RinTohsaka","animator:Lu","animator:Tyuule"],"picked":"SKIP","floor":10},{"not_picked":["animator:Rena","animator:Spearman","animator:Demiurge"],"picked":"SKIP","floor":11},{"not_picked":["animator:Pride","animator:SwordMaiden","animator:MumenRider"],"picked":"SKIP","floor":13}],"player_experience":420059,"relics_obtained":[{"floor":9,"key":"DemoMod:ChaffGrenade"}],"event_choices":[{"damage_healed":0,"gold_gain":0,"player_choice":"Donut","damage_taken":0,"max_hp_gain":5,"max_hp_loss":0,"event_name":"Big Fish","floor":4,"gold_loss":0},{"cards_removed":["animator:Strike"],"damage_healed":0,"gold_gain":0,"player_choice":"Offered Basic","damage_taken":0,"max_hp_gain":0,"max_hp_loss":0,"event_name":"Bonfire Elementals","floor":5,"gold_loss":0},{"damage_healed":0,"gold_gain":0,"player_choice":"Entered Light","damage_taken":14,"max_hp_gain":0,"max_hp_loss":0,"event_name":"Shining Light","floor":12,"gold_loss":0,"cards_upgraded":["animator:Strike","animator:Alexander"]}],"is_beta":false,"boss_relics":[],"items_purged_floors":[8],"is_endless":false,"potions_floor_spawned":[2,7,11],"killed_by":"3 Sentries","ascension_level":0}}