{"host":"3y2rtlgteqp2nuo3","time":1610419971,"event":{"mods":["2.2 Compatiblity","AchievementEnabler","BaseMod","Colored Map","DeckTracker","Highlight Path","Keyboard Shortcuts","Minty Spire (QoL Compilation)","Permanent Neow","Quick Restart","StSLib","SuperFastMode","everything is the same but u backflip on backflip"],"gold_per_floor":[117,132,149,159,170,170,25,25,25,25,200,215,234,249,249,349,349,319,335,353,353,88,121,121,137,219,219,219],"floor_reached":27,"playtime":895,"items_purged":["Strike_G"],"score":321,"play_id":"2971d9bb-34d5-404f-ac30-1cdcbba638a1","local_time":"20210112115251","is_ascension_mode":true,"campfire_choices":[{"data":"Dodge and Roll","floor":6.0,"key":"SMITH"},{"data":"Cloak And Dagger","floor":8.0,"key":"SMITH"},{"data":"Slice","floor":10.0,"key":"SMITH"},{"data":"Poisoned Stab","floor":15.0,"key":"SMITH"},{"floor":24,"key":"REST"}],"circlet_count":0,"master_deck":["Defend_G","Defend_G","Defend_G","Defend_G","Defend_G","Survivor","Neutralize+1","Backflip","Cloak And Dagger+1","Slice+1","Dodge and Roll+1","Doubt","After Image","Poisoned Stab+1","PiercingWail","Adrenaline","Poisoned Stab","PiercingWail","Night Terror","Leg Sweep","Noxious Fumes","Wraith Form v2"],"relics":["Ring of the Snake","Lee\u0027s Waffle","The Specimen","Empty Cage","TwistedFunnel","Shovel","Bottled Tornado"],"acts_visited":["Exordium","TheCity"],"potions_floor_usage":[16,16],"damage_taken":[{"damage":8.0,"enemies":"Small Slimes","floor":1.0,"turns":6.0},{"damage":0.0,"enemies":"Jaw Worm","floor":2.0,"turns":6.0},{"damage":4.0,"enemies":"2 Louse","floor":3.0,"turns":3.0},{"damage":20.0,"enemies":"Lots of Slimes","floor":4.0,"turns":7.0},{"damage":4.0,"enemies":"2 Fungi Beasts","floor":5.0,"turns":4.0},{"damage":0.0,"enemies":"Red Slaver","floor":12.0,"turns":6.0},{"damage":0.0,"enemies":"Blue Slaver","floor":13.0,"turns":5.0},{"damage":9.0,"enemies":"Large Slime","floor":14.0,"turns":6.0},{"damage":8,"enemies":"The Guardian","floor":16,"turns":11},{"damage":11,"enemies":"2 Thieves","floor":18,"turns":5},{"damage":2,"enemies":"Shell Parasite","floor":19,"turns":11},{"damage":17,"enemies":"Shelled Parasite and Fungi","floor":20,"turns":12},{"damage":14,"enemies":"Gremlin Leader","floor":23,"turns":9},{"damage":24,"enemies":"Snake Plant","floor":25,"turns":6},{"damage":28,"enemies":"3 Cultists","floor":27,"turns":4}],"seed_played":"-58155290756461596","potions_obtained":[{"floor":4.0,"key":"BlessingOfTheForge"},{"floor":5.0,"key":"CultistPotion"},{"floor":12.0,"key":"Explosive Potion"},{"floor":13.0,"key":"Poison Potion"},{"floor":18,"key":"CunningPotion"},{"floor":20,"key":"FearPotion"}],"is_trial":false,"path_per_floor":["M","M","M","M","M","R","$","R","T","R","?","M","M","M","R","B",null,"M","M","M","?","$","E","R","M","T","M"],"character_chosen":"THE_SILENT","items_purchased":["Lee\u0027s Waffle","TwistedFunnel","Noxious Fumes"],"campfire_rested":1,"item_purchase_floors":[7,22,22],"current_hp_per_floor":[55,55,51,31,27,27,77,77,77,77,77,77,77,68,68,60,73,62,60,43,43,43,29,52,28,28,0,0],"gold":219,"neow_bonus":"UPGRADE_CARD","is_daily":false,"chose_seed":false,"campfire_upgraded":4,"win_rate":0.0,"timestamp":1610419971,"path_taken":["M","M","M","M","M","R","$","R","T","R","?","M","M","M","R","BOSS","M","M","M","?","$","E","R","M","T","M"],"items_purchased_type":["Relic","Relic","Card"],"build_version":"2020-12-22","purchased_purges":1,"victory":false,"max_hp_per_floor":[70,70,70,70,70,70,77,77,77,77,77,77,77,77,77,77,77,77,77,77,77,77,77,77,77,77,77,77],"card_choices":[{"not_picked":["Dodge and Roll","Infinite Blades"],"picked":"Backflip","floor":1.0},{"not_picked":["Infinite Blades","Prepared"],"picked":"Cloak And Dagger","floor":2.0},{"not_picked":["PiercingWail","Deflect"],"picked":"Slice","floor":3.0},{"not_picked":["Finisher","Underhanded Strike"],"picked":"Dodge and Roll","floor":4.0},{"not_picked":["Caltrops","Deflect","Expertise"],"picked":"SKIP","floor":5.0},{"not_picked":["Dodge and Roll","Setup"],"picked":"After Image","floor":12.0},{"not_picked":["Slice","Outmaneuver"],"picked":"Poisoned Stab","floor":13.0},{"not_picked":["Sucker Punch","Dagger Spray"],"picked":"PiercingWail","floor":14.0},{"not_picked":["Tools of the Trade","Storm of Steel"],"picked":"Adrenaline","floor":16},{"not_picked":["Caltrops","Dodge and Roll","Underhanded Strike"],"picked":"SKIP","floor":18},{"not_picked":["Dodge and Roll","Reflex+1"],"picked":"Poisoned Stab","floor":19},{"not_picked":["Acrobatics+1","Prepared"],"picked":"PiercingWail","floor":20},{"not_picked":["Expertise","Dodge and Roll","Concentrate+1"],"picked":"SKIP","floor":23},{"not_picked":["PiercingWail","Heel Hook+1"],"picked":"Wraith Form v2","floor":25}],"player_experience":675465,"relics_obtained":[{"floor":9.0,"key":"The Specimen"},{"floor":23,"key":"Shovel"},{"floor":26,"key":"Bottled Tornado"}],"event_choices":[{"damage_healed":0.0,"max_hp_gain":0.0,"max_hp_loss":0.0,"gold_gain":175.0,"event_name":"Liars Game","player_choice":"AGREE","floor":11.0,"gold_loss":0.0,"damage_taken":0.0,"cards_obtained":["Doubt"]},{"damage_healed":0,"gold_gain":0,"cards_transformed":["Strike_G","Strike_G"],"player_choice":"Became Test Subject","damage_taken":0,"max_hp_gain":0,"max_hp_loss":0,"event_name":"Drug Dealer","floor":21,"gold_loss":0,"cards_obtained":["Night Terror","Leg Sweep"]}],"is_beta":false,"boss_relics":[{"not_picked":["Ectoplasm","Coffee Dripper"],"picked":"Empty Cage"}],"items_purged_floors":[22],"is_endless":false,"potions_floor_spawned":[4,5,12,13,14,18,20,25],"killed_by":"3 Cultists","ascension_level":8}}