{"host":"1a3cjta80tad0aqj","time":1610442467,"event":{"mods":["2.2 Compatiblity","AchievementEnabler","BaseMod","Colored Map","DeckTracker","KOR Keyword Fix","Keyboard Shortcuts","Minty Spire (QoL Compilation)","Permanent Neow","Quick Restart","Random Character Button","StSLib","SuperFastMode","everything is the same but u backflip on backflip"],"gold_per_floor":[114,127,143,170,185,185,185,185,185,96,121,121,121,141,141,253,262,284,199,124,143,169,178,278,290,290],"floor_reached":25,"playtime":1320,"items_purged":["Strike_R"],"score":226,"play_id":"eab86b9a-18de-46a8-9441-2f2088cd4a9e","local_time":"20210112180747","is_ascension_mode":false,"campfire_choices":[{"data":"Bash","floor":6.0,"key":"SMITH"},{"floor":8.0,"key":"REST"},{"data":"True Grit","floor":13.0,"key":"SMITH"},{"data":"Feed","floor":15.0,"key":"SMITH"},{"floor":23,"key":"REST"}],"circlet_count":0,"master_deck":["Strike_R","Strike_R+1","Strike_R","Strike_R","Defend_R","Defend_R+1","Defend_R","Bash+1","Bandage Up","Pommel Strike+1","Feed+1","True Grit+1","Offering+1","CurseOfTheBell","Second Wind+1","Flex+1"],"relics":["Burning Blood","Dream Catcher","CeramicFish","Lizard Tail","Calling Bell","War Paint","The Courier","Shovel","Darkstone Periapt","Red Mask"],"acts_visited":["Exordium","TheCity"],"potions_floor_usage":[21],"damage_taken":[{"damage":1.0,"enemies":"Cultist","floor":1.0,"turns":3.0},{"damage":7.0,"enemies":"2 Louse","floor":2.0,"turns":4.0},{"damage":8.0,"enemies":"Small Slimes","floor":3.0,"turns":6.0},{"damage":20.0,"enemies":"Red Slaver","floor":5.0,"turns":5.0},{"damage":30.0,"enemies":"Lagavulin","floor":11.0,"turns":8.0},{"damage":5.0,"enemies":"3 Louse","floor":14.0,"turns":4.0},{"damage":46.0,"enemies":"Hexaghost","floor":16.0,"turns":9.0},{"damage":55.0,"enemies":"3 Byrds","floor":18.0,"turns":10.0},{"damage":37,"enemies":"Shell Parasite","floor":21,"turns":9},{"damage":81,"enemies":"Masked Bandits","floor":22,"turns":8},{"damage":45,"enemies":"3 Cultists","floor":25,"turns":7}],"seed_played":"6841993288305465951","potions_obtained":[{"floor":2.0,"key":"Weak Potion"},{"floor":3.0,"key":"CultistPotion"},{"floor":5.0,"key":"FearPotion"},{"floor":18.0,"key":"SkillPotion"},{"floor":22,"key":"FearPotion"}],"is_trial":false,"path_per_floor":["M","M","M","T","M","R","?","R","T","$","E","?","R","M","R","B",null,"M","?","?","M","?","R","?","M"],"character_chosen":"IRONCLAD","items_purchased":["True Grit"],"campfire_rested":2,"item_purchase_floors":[10],"current_hp_per_floor":[80,80,80,80,70,70,54,78,78,78,61,61,61,69,69,37,90,49,49,49,26,12,42,42,11,11],"gold":290,"neow_bonus":"RANDOM_COLORLESS","is_daily":false,"chose_seed":true,"campfire_upgraded":3,"win_rate":0.0,"timestamp":1610442467,"path_taken":["M","M","M","?","M","R","?","R","T","$","E","?","R","?","R","BOSS","M","?","?","M","?","R","?","M"],"items_purchased_type":["Card"],"build_version":"2020-12-22","purchased_purges":1,"victory":false,"max_hp_per_floor":[80,80,80,80,80,80,80,80,80,80,83,83,83,86,86,90,90,94,94,94,98,102,102,102,106,106],"card_choices":[{"not_picked":["Madness","Deep Breath"],"picked":"Bandage Up","floor":0.0},{"not_picked":["Flame Barrier","Clash","Evolve"],"picked":"SKIP","floor":1.0},{"not_picked":["Iron Wave","Clothesline","Dual Wield"],"picked":"SKIP","floor":2.0},{"not_picked":["Cleave","Clothesline"],"picked":"Pommel Strike","floor":3.0},{"not_picked":["Iron Wave","Rupture","Pommel Strike"],"picked":"SKIP","floor":5.0},{"not_picked":["Pommel Strike","Metallicize"],"picked":"Feed","floor":8.0},{"not_picked":["Havoc","Sword Boomerang","True Grit"],"picked":"SKIP","floor":11.0},{"not_picked":["Sentinel","Berserk","Battle Trance"],"picked":"SKIP","floor":14.0},{"not_picked":["Berserk","Barricade"],"picked":"Offering","floor":16.0},{"not_picked":["Pommel Strike+1","Searing Blow"],"picked":"Second Wind+1","floor":18.0},{"not_picked":["Whirlwind","Inflame","Warcry+1"],"picked":"SKIP","floor":21},{"not_picked":["Havoc","Limit Break"],"picked":"Flex+1","floor":23}],"player_experience":323461,"relics_obtained":[{"floor":4.0,"key":"Dream Catcher"},{"floor":9.0,"key":"CeramicFish"},{"floor":11.0,"key":"Lizard Tail"},{"floor":17.0,"key":"War Paint"},{"floor":17.0,"key":"The Courier"},{"floor":17.0,"key":"Shovel"},{"floor":22,"key":"Red Mask"}],"event_choices":[{"damage_healed":0.0,"max_hp_gain":0.0,"max_hp_loss":0.0,"gold_gain":0.0,"event_name":"Shining Light","player_choice":"Entered Light","floor":7.0,"gold_loss":0.0,"damage_taken":16.0,"cards_upgraded":["Pommel Strike","Strike_R"]},{"damage_healed":0.0,"max_hp_gain":0.0,"max_hp_loss":0.0,"gold_gain":0.0,"event_name":"NoteForYourself","player_choice":"Ignored","floor":12.0,"gold_loss":0.0,"damage_taken":0.0},{"damage_healed":0.0,"max_hp_gain":0.0,"max_hp_loss":0.0,"gold_gain":0.0,"event_name":"Addict","player_choice":"Obtained Relic","floor":19.0,"gold_loss":85.0,"damage_taken":0.0,"relics_obtained":["Darkstone Periapt"]},{"cards_removed":["Defend_R"],"damage_healed":0.0,"max_hp_gain":0.0,"max_hp_loss":0.0,"gold_gain":0.0,"event_name":"Beggar","player_choice":"Gave Gold","floor":20.0,"gold_loss":75.0,"damage_taken":0.0},{"damage_healed":0,"gold_gain":0,"player_choice":"Fought Bandits","damage_taken":0,"max_hp_gain":0,"max_hp_loss":0,"event_name":"Masked Bandits","floor":22,"gold_loss":0},{"damage_healed":0,"gold_gain":100,"player_choice":"Pray","damage_taken":0,"max_hp_gain":0,"max_hp_loss":0,"event_name":"Golden Shrine","floor":24,"gold_loss":0}],"is_beta":false,"boss_relics":[{"not_picked":["Tiny House","Busted Crown"],"picked":"Calling Bell"}],"items_purged_floors":[10],"is_endless":false,"potions_floor_spawned":[2,3,5,18,22],"killed_by":"3 Cultists","ascension_level":0}}