{"host":"cjhtzh7tp54jdfyv","time":1610433894,"event":{"mods":["AchievementEnabler","BaseMod","Colored Map","Colored Powertips","Curses Come First","DeckTracker","Filter the Spire","Minty Spire (QoL Compilation)","RNG Fix","Relic Sorter","Relic Stats","StSLib","UnlockEverythingMod","ojb\u0027s Better Paths Mod","ojb\u0027s Info Mod"],"gold_per_floor":[114,134,59,134,153,153,169,200,200,200,229,240,290,300,300,376,376,389,409,419,419,63,75,75,75],"floor_reached":24,"playtime":1155,"items_purged":["Defend_P","Defend_P"],"score":420,"play_id":"dff516ca-196e-4916-9c7e-ae89933db216","local_time":"20210112014454","is_ascension_mode":true,"campfire_choices":[{"data":"Eruption","floor":6,"key":"SMITH"},{"data":"WheelKick","floor":10,"key":"SMITH"},{"data":"EmptyFist","floor":15,"key":"SMITH"}],"circlet_count":0,"master_deck":["AscendersBane","Strike_P","Strike_P","Strike_P","Strike_P","Defend_P+1","Defend_P","Eruption+1","Vigilance","WheelKick+1","JustLucky","EmptyFist+1","Omniscience","BowlingBash+1","LessonLearned","DeceiveReality","Tantrum"],"relics":["Coffee Dripper","Ancient Tea Set","Frozen Egg 2","Philosopher\u0027s Stone","Nloth\u0027s Gift"],"acts_visited":["Exordium","TheCity"],"potions_floor_usage":[16,19,19,23],"damage_taken":[{"damage":0,"enemies":"Cultist","floor":1,"turns":2},{"damage":4,"enemies":"Small Slimes","floor":2,"turns":4},{"damage":0,"enemies":"Jaw Worm","floor":5,"turns":3},{"damage":16,"enemies":"Exordium Wildlife","floor":7,"turns":3},{"damage":9,"enemies":"Lagavulin","floor":8,"turns":5},{"damage":14,"enemies":"Gremlin Nob","floor":11,"turns":3},{"damage":1,"enemies":"Looter","floor":12,"turns":2},{"damage":0,"enemies":"2 Fungi Beasts","floor":14,"turns":2},{"damage":1,"enemies":"Hexaghost","floor":16,"turns":5},{"damage":7,"enemies":"Shell Parasite","floor":18,"turns":3},{"damage":28,"enemies":"3 Byrds","floor":19,"turns":5},{"damage":6,"enemies":"Snake Plant","floor":20,"turns":3},{"damage":0,"enemies":"Cultist and Chosen","floor":23,"turns":3},{"damage":12,"enemies":"Gremlin Leader","floor":24,"turns":1}],"seed_played":"1962619350113808326","potions_obtained":[{"floor":7,"key":"LiquidBronze"},{"floor":8,"key":"SteroidPotion"},{"floor":12,"key":"DistilledChaos"},{"floor":18,"key":"Block Potion"},{"floor":19,"key":"Block Potion"}],"is_trial":false,"path_per_floor":["M","M","$","?","M","R","M","E","T","R","E","M","?","M","R","B",null,"M","M","M","?","$","M","E"],"character_chosen":"WATCHER","items_purchased":["LessonLearned","DeceiveReality"],"campfire_rested":0,"item_purchase_floors":[22,22],"current_hp_per_floor":[61,57,57,46,46,46,30,21,21,21,7,6,6,6,6,5,52,45,17,11,11,11,11,0,0],"gold":75,"neow_bonus":"BOSS_RELIC","is_daily":false,"chose_seed":false,"campfire_upgraded":3,"win_rate":0.0,"timestamp":1610433894,"path_taken":["M","M","$","?","M","R","M","E","T","R","E","M","?","M","R","BOSS","M","M","M","?","$","M","E"],"items_purchased_type":["Card","Card"],"build_version":"2020-12-22","purchased_purges":2,"victory":false,"max_hp_per_floor":[68,68,68,68,68,68,68,68,68,68,68,68,68,68,68,68,68,68,68,68,68,68,68,68,68],"relic_stats":{"counters":[14,44],"Nloth\u0027s Gift":0,"obtain_stats":[{"Philosopher\u0027s Stone":17,"Pen Nib":8,"Coffee Dripper":0,"Nloth\u0027s Gift":21,"PureWater":0,"Frozen Egg 2":11,"Ancient Tea Set":9},{"Philosopher\u0027s Stone":9,"Pen Nib":5,"Coffee Dripper":0,"Nloth\u0027s Gift":12,"PureWater":0,"Frozen Egg 2":6,"Ancient Tea Set":5},{"Philosopher\u0027s Stone":29,"Pen Nib":17,"Coffee Dripper":0,"Nloth\u0027s Gift":40,"PureWater":0,"Frozen Egg 2":20,"Ancient Tea Set":17}]},"card_choices":[{"not_picked":["Crescendo","Evaluate","WreathOfFlame"],"picked":"SKIP","floor":1},{"not_picked":["Vengeance","LikeWater","PathToVictory"],"picked":"SKIP","floor":2},{"not_picked":["EmptyBody","JustLucky"],"picked":"WheelKick","floor":5},{"not_picked":["WindmillStrike","FlyingSleeves","Fasting2"],"picked":"SKIP","floor":7},{"not_picked":["Halt","WheelKick"],"picked":"JustLucky","floor":8},{"not_picked":["Protect","ReachHeaven"],"picked":"EmptyFist","floor":11},{"not_picked":["Halt","Establishment+1","PathToVictory"],"picked":"SKIP","floor":12},{"not_picked":["Pray","Consecrate","FollowUp"],"picked":"SKIP","floor":14},{"not_picked":["Blasphemy","Scrawl"],"picked":"Omniscience","floor":16},{"not_picked":["FlyingSleeves","EmptyBody","JustLucky"],"picked":"SKIP","floor":18},{"not_picked":["Protect+1","Crescendo"],"picked":"BowlingBash+1","floor":19},{"not_picked":["EmptyBody","Worship","PathToVictory"],"picked":"SKIP","floor":20},{"not_picked":["JustLucky","Consecrate"],"picked":"Tantrum","floor":23}],"player_experience":4471841,"relics_obtained":[{"floor":8,"key":"Pen Nib"},{"floor":9,"key":"Ancient Tea Set"},{"floor":11,"key":"Frozen Egg 2"}],"event_choices":[{"damage_healed":0,"gold_gain":75,"player_choice":"Gather Gold","damage_taken":11,"max_hp_gain":0,"max_hp_loss":0,"event_name":"World of Goop","floor":4,"gold_loss":0},{"damage_healed":0,"gold_gain":50,"player_choice":"Pray","damage_taken":0,"max_hp_gain":0,"max_hp_loss":0,"event_name":"Golden Shrine","floor":13,"gold_loss":0},{"damage_healed":0,"gold_gain":0,"player_choice":"Traded Relic","damage_taken":0,"relics_obtained":["Nloth\u0027s Gift"],"max_hp_gain":0,"max_hp_loss":0,"event_name":"N\u0027loth","floor":21,"relics_lost":["Pen Nib"],"gold_loss":0}],"is_beta":false,"boss_relics":[{"not_picked":["Velvet Choker","Cursed Key"],"picked":"Philosopher\u0027s Stone"}],"items_purged_floors":[3,22],"is_endless":false,"potions_floor_spawned":[7,8,11,12,18,19],"killed_by":"Gremlin Leader","ascension_level":20}}