{"host":"dhr6iszse2qz12e2","time":1610460206,"event":{"mods":["100% Spire Juice","2.2 Compatiblity","A Magickal Journey","Act Like it!","BaseMod","Bestiary","Better Note","BetterRewards","Colored Map","Downfall","Gensokyo","Hermit","Hubris","Infinite Spire","Marisa????????","Minty Spire (QoL Compilation)","Permanent Neow","Quick Restart","Reimu??????","Replay The Spire","Shop Mod","StSLib","Td1madao Mod","The Administrix","The Animator","The Bug Knight","The Cursed","The Gatherer","The Hierophant","The IronCluck","The Jungle","The Servant 0.9.4","everything is the same but u backflip on backflip","slay the spire mod where everything is the same but ironclad has a cowboy hat","??????REMEMod"],"gold_per_floor":[110,185,198,158,38,38,48,48,48,48,48,48,48,68,68,173,53,69,49,67,27,27,27,27,27,27,27,27],"floor_reached":27,"playtime":1064,"items_purged":["Moonworks:Strike"],"score":222,"play_id":"d5b2c329-6779-4d84-b430-2b0aa8da6035","local_time":"20210112160326","is_ascension_mode":false,"campfire_choices":[{"data":"Moonworks:Defend","floor":8,"key":"SMITH"},{"data":"Moonworks:BigBangBell","floor":15,"key":"SMITH"},{"data":"Moonworks:EvilMastermind","floor":23,"key":"SMITH"},{"data":"Moonworks:Flamethrower","floor":26,"key":"SMITH"}],"circlet_count":0,"master_deck":["Moonworks:Strike","Moonworks:Strike","Moonworks:Strike","Moonworks:Defend+1","Moonworks:Defend","Moonworks:Defend","Moonworks:Defend","Moonworks:Ambush","Moonworks:LongDistanceShot","Moonworks:JonathanRush","Moonworks:Flamethrower+1","Moonworks:BigBangBell+1","Moonworks:EvilMastermind+1"],"relics":["Moonworks:BrokenBomb","Moonworks:Homemark","REME_ComplimentaryCards","Juzu Bracelet","hubris:EmptyBottle","Replay:Mystery Machine","Mummified Hand","WingedGreaves","Snack Pack","Black Star"],"acts_visited":["Exordium","TheCity"],"potions_floor_usage":[7,14,16,16,16,27,27,27,27],"damage_taken":[{"damage":1,"enemies":"Jaw Worm","floor":1,"turns":4},{"damage":1,"enemies":"Cultist","floor":3,"turns":3},{"damage":0,"enemies":"Small Slimes","floor":7,"turns":2},{"damage":5,"enemies":"Exordium Thugs","floor":14,"turns":6},{"damage":3,"enemies":"Hexaghost","floor":16,"turns":6},{"damage":1,"enemies":"Chosen","floor":18,"turns":4},{"damage":21,"enemies":"2 Thieves","floor":20,"turns":4},{"damage":44,"enemies":"Slavers","floor":27,"turns":5}],"seed_played":"-4574953792700401469","potions_obtained":[{"floor":4,"key":"LiquidMemories"},{"floor":4,"key":"Swift Potion"},{"floor":4,"key":"ColorlessPotion"},{"floor":6,"key":"Adrenaline Potion"},{"floor":16,"key":"Swift Potion"},{"floor":20,"key":"BlessingOfTheForge"}],"is_trial":false,"path_per_floor":["M","?","M","?","$","?","M","R","T","?","?","$","?","M","R","B",null,"M","?","M","?","?","R","PTL","PTL","R","E"],"character_chosen":"THE_STARBREAKER","items_purchased":["Juzu Bracelet","hubris:EmptyBottle","Replay:Mystery Machine","Mummified Hand"],"campfire_rested":0,"item_purchase_floors":[5,5,5,5],"current_hp_per_floor":[65,59,58,58,5,5,5,5,5,10,10,10,10,7,7,6,71,71,71,50,50,38,38,38,38,38,0,0],"gold":27,"neow_bonus":"TEN_PERCENT_HP_BONUS","is_daily":false,"chose_seed":false,"campfire_upgraded":4,"win_rate":0.0,"timestamp":1610460206,"path_taken":["M","?","?","?","?","?","M","R","T","?","?","$","?","M","R","BOSS","M","?","M","?","?","R","PTL","PTL","R","E"],"items_purchased_type":["Relic","Relic","Relic","Relic"],"build_version":"2020-12-22","purchased_purges":1,"victory":false,"max_hp_per_floor":[66,66,66,66,66,66,66,66,66,71,71,71,71,71,71,71,71,71,71,71,71,71,71,71,71,71,71,71],"card_choices":[{"not_picked":["Moonworks:Dash","Moonworks:SakisCookie"],"picked":"Moonworks:JonathanRush","floor":1},{"not_picked":["Moonworks:IndiscriminateFireSupport","Moonworks:Assault"],"picked":"Moonworks:Flamethrower","floor":3},{"not_picked":["Moonworks:Bloodlust","Moonworks:BackdoorTrade","Moonworks:DeployBits"],"picked":"SKIP","floor":7},{"not_picked":["Moonworks:SakisCookie","Moonworks:EvilSpyWorkPreparation"],"picked":"Moonworks:BigBangBell","floor":14},{"not_picked":["Moonworks:StarBlastingFuse","Moonworks:RocketCannon"],"picked":"Moonworks:EvilMastermind","floor":16},{"not_picked":["Moonworks:SakisCookie","Moonworks:SealedMemories","Moonworks:EvilSpyWorkPreparation"],"picked":"SKIP","floor":18},{"not_picked":["Moonworks:SakisCookie","Moonworks:EvilSpyWorkPreparation","Moonworks:BackdoorTrade"],"picked":"SKIP","floor":20}],"player_experience":456268,"relics_obtained":[{"floor":9,"key":"WingedGreaves"}],"event_choices":[{"damage_healed":0,"gold_gain":75,"player_choice":"Touch","damage_taken":6,"max_hp_gain":0,"max_hp_loss":0,"event_name":"FaceTrader","floor":2,"gold_loss":0},{"damage_healed":0,"gold_gain":0,"player_choice":"Bought 3 Potions","damage_taken":0,"max_hp_gain":0,"max_hp_loss":0,"event_name":"The Woman in Blue","floor":4,"gold_loss":0},{"damage_healed":0,"gold_gain":0,"player_choice":"Got Potions","damage_taken":0,"max_hp_gain":0,"max_hp_loss":0,"event_name":"Lab","floor":6,"gold_loss":0},{"damage_healed":0,"gold_gain":0,"player_choice":"Donut","damage_taken":0,"max_hp_gain":5,"max_hp_loss":0,"event_name":"Big Fish","floor":10,"gold_loss":0},{"damage_healed":0,"gold_gain":0,"player_choice":"Gave Potion","damage_taken":0,"relics_obtained":["Snack Pack"],"max_hp_gain":0,"max_hp_loss":0,"event_name":"WeMeetAgain","floor":13,"gold_loss":0},{"damage_healed":0,"gold_gain":100,"player_choice":"Pray","damage_taken":0,"max_hp_gain":0,"max_hp_loss":0,"event_name":"Golden Shrine","floor":19,"gold_loss":0},{"damage_healed":0,"gold_gain":250,"player_choice":"Bet on Owner","damage_taken":0,"max_hp_gain":0,"max_hp_loss":0,"event_name":"The Joust","floor":21,"gold_loss":50},{"damage_healed":0,"gold_gain":0,"player_choice":"POTION ","damage_taken":12,"max_hp_gain":0,"max_hp_loss":0,"event_name":"Knowing Skull","floor":22,"potions_obtained":["Swift Potion"],"gold_loss":0,"cards_obtained":[]}],"is_beta":false,"boss_relics":[{"not_picked":["Ectoplasm","ReplayTheSpireMod:DimensionalGlitch"],"picked":"Black Star"}],"items_purged_floors":[5],"is_endless":false,"potions_floor_spawned":[16,20],"killed_by":"Slavers","ascension_level":0}}