{"host":"l4kdldlios54gl54","time":1610412268,"event":{"mods":["AchievementEnabler","BaseMod","Colored Map","Colored Powertips","Minty Spire (QoL Compilation)","Random Character Button"],"gold_per_floor":[209,46,46,46,63,63,95,119,143,155,12,29,39,39,39,115,115,131,131,131,6,21,21,33,33,33],"floor_reached":25,"playtime":897,"items_purged":["Strike_B","Strike_B","Defend_B"],"score":388,"play_id":"04b0cba9-3579-489f-8fc7-f06d713e2011","local_time":"20210112014428","is_ascension_mode":true,"campfire_choices":[{"data":"Zap","floor":6,"key":"SMITH"},{"floor":15,"key":"REST"},{"data":"Beam Cell","floor":23,"key":"SMITH"}],"circlet_count":0,"master_deck":["AscendersBane","Defend_B+1","Defend_B+1","Zap+1","Dualcast","Conserve Battery","Sunder+1","Steam","Sweeping Beam","Beam Cell","Cold Snap","Machine Learning","Steam","Beam Cell+1","Conserve Battery"],"relics":["Cracked Core","War Paint","Tiny Chest","MawBank","Pocketwatch","Cursed Key"],"acts_visited":["Exordium","TheCity"],"potions_floor_usage":[7,18,25],"damage_taken":[{"damage":9,"enemies":"Jaw Worm","floor":1,"turns":4},{"damage":0,"enemies":"Small Slimes","floor":5,"turns":2},{"damage":17,"enemies":"Lagavulin","floor":7,"turns":6},{"damage":0,"enemies":"Cultist","floor":12,"turns":2},{"damage":0,"enemies":"Exordium Thugs","floor":13,"turns":2},{"damage":24,"enemies":"Hexaghost","floor":16,"turns":9},{"damage":13,"enemies":"3 Byrds","floor":18,"turns":7},{"damage":10,"enemies":"Chosen","floor":22,"turns":4},{"damage":31,"enemies":"Snake Plant","floor":24,"turns":3},{"damage":7,"enemies":"Sentry and Sphere","floor":25,"turns":3}],"seed_played":"-1794899385434691720","potions_obtained":[{"floor":5,"key":"EssenceOfDarkness"},{"floor":12,"key":"EssenceOfSteel"},{"floor":16,"key":"PowerPotion"},{"floor":24,"key":"LiquidMemories"}],"is_trial":false,"path_per_floor":["M","$","?","?","M","R","E","T","T","?","$","M","M","T","R","B",null,"M","?","?","$","M","R","M","M"],"character_chosen":"DEFECT","items_purchased":["Sunder","Cold Snap"],"campfire_rested":1,"item_purchase_floors":[2,11],"current_hp_per_floor":[55,55,55,55,55,55,38,38,38,31,31,31,31,31,52,28,60,47,47,47,47,37,37,6,0,0],"gold":33,"neow_bonus":"HUNDRED_GOLD","is_daily":false,"chose_seed":false,"campfire_upgraded":2,"win_rate":0.0,"timestamp":1610412268,"path_taken":["M","$","?","?","?","R","E","?","T","?","?","M","?","?","R","BOSS","M","?","?","$","?","R","M","M"],"items_purchased_type":["Card","Card"],"build_version":"2020-12-22","purchased_purges":3,"victory":false,"max_hp_per_floor":[71,71,71,71,71,71,71,71,71,71,71,71,71,71,71,71,71,71,71,71,71,71,71,71,71,71],"card_choices":[{"not_picked":["Turbo","Hologram"],"picked":"Conserve Battery","floor":1},{"not_picked":["Self Repair","Chill"],"picked":"Sweeping Beam","floor":5},{"not_picked":["Redo","Streamline"],"picked":"Beam Cell","floor":7},{"not_picked":["Gash","Coolheaded","Loop"],"picked":"SKIP","floor":12},{"not_picked":["Beam Cell","Blizzard","Turbo"],"picked":"SKIP","floor":13},{"not_picked":["Meteor Strike","Creative AI"],"picked":"Machine Learning","floor":16},{"not_picked":["Coolheaded","Ball Lightning"],"picked":"Steam","floor":18},{"not_picked":["Barrage","Loop"],"picked":"Beam Cell","floor":22},{"not_picked":["Barrage","Static Discharge"],"picked":"Conserve Battery","floor":24}],"player_experience":846863,"relics_obtained":[{"floor":7,"key":"War Paint"},{"floor":8,"key":"Tiny Chest"},{"floor":9,"key":"MawBank"},{"floor":14,"key":"Pocketwatch"}],"event_choices":[{"damage_healed":0,"gold_gain":0,"player_choice":"Grow","damage_taken":0,"max_hp_gain":0,"max_hp_loss":0,"event_name":"Living Wall","floor":3,"gold_loss":0,"cards_upgraded":["Sunder"]},{"damage_healed":0,"gold_gain":0,"cards_transformed":["Strike_B"],"player_choice":"Transformed","damage_taken":0,"max_hp_gain":0,"max_hp_loss":0,"event_name":"Transmorgrifier","floor":4,"gold_loss":0,"cards_obtained":["Steam"]},{"cards_removed":["Strike_B"],"damage_healed":0,"gold_gain":0,"player_choice":"Card Removal","damage_taken":7,"max_hp_gain":0,"max_hp_loss":0,"event_name":"Golden Wing","floor":10,"gold_loss":0},{"damage_healed":0,"gold_gain":0,"player_choice":"Ignored","damage_taken":0,"max_hp_gain":0,"max_hp_loss":0,"event_name":"Ghosts","floor":19,"gold_loss":0},{"cards_removed":["Defend_B"],"damage_healed":0,"gold_gain":0,"player_choice":"Card Removal","damage_taken":0,"max_hp_gain":0,"max_hp_loss":0,"event_name":"Wheel of Change","floor":20,"gold_loss":0}],"is_beta":false,"boss_relics":[{"not_picked":["Nuclear Battery","SlaversCollar"],"picked":"Cursed Key"}],"items_purged_floors":[2,11,21],"is_endless":false,"potions_floor_spawned":[5,12,16,24],"killed_by":"Sentry and Sphere","ascension_level":19}}