{"host":"7rmsgc3rayi00cdt","time":1610465606,"event":{"mods":["BaseMod","Minty Spire (QoL Compilation)"],"gold_per_floor":[112,37,54,54,70,70,17,17,17,28,28,42,68,68,68,144,144,163,6,6,38,38,38,69,69,69,69,88,106,106,120,120,120,120],"floor_reached":33,"playtime":1067,"items_purged":[],"score":498,"play_id":"88ce9cd6-36e2-4dc2-852f-dc7d7e341b70","local_time":"20210112153326","is_ascension_mode":true,"campfire_choices":[{"floor":6,"key":"REST"},{"data":"Scrape","floor":8,"key":"SMITH"},{"data":"Auto Shields","floor":11,"key":"SMITH"},{"data":"Dualcast","floor":15,"key":"SMITH"},{"floor":23,"key":"REST"},{"floor":25,"key":"REST"},{"data":"Hologram","floor":27,"key":"SMITH"},{"data":"Go for the Eyes","floor":32,"key":"SMITH"}],"circlet_count":0,"master_deck":["AscendersBane","Strike_B+1","Strike_B","Strike_B","Defend_B","Defend_B","Defend_B+1","Defend_B","Zap+1","Dualcast+1","Hologram+1","Auto Shields+1","Scrape+1","Gash","Streamline","Reboot","All For One","CurseOfTheBell","Beam Cell","Stack","Go for the Eyes+1"],"relics":["Cracked Core","Pear","StrikeDummy","Calling Bell","Regal Pillow","Frozen Egg 2","Thread and Needle","Bronze Scales","Red Mask","Eternal Feather","Akabeko"],"acts_visited":["Exordium","TheCity"],"potions_floor_usage":[16,21,31],"damage_taken":[{"damage":12,"enemies":"Small Slimes","floor":1,"turns":4},{"damage":2,"enemies":"Jaw Worm","floor":3,"turns":3},{"damage":0,"enemies":"2 Louse","floor":5,"turns":2},{"damage":4,"enemies":"Red Slaver","floor":10,"turns":3},{"damage":0,"enemies":"Looter","floor":12,"turns":3},{"damage":4,"enemies":"3 Sentries","floor":13,"turns":7},{"damage":15,"enemies":"The Guardian","floor":16,"turns":10},{"damage":0,"enemies":"Spheric Guardian","floor":18,"turns":3},{"damage":29,"enemies":"Masked Bandits","floor":21,"turns":4},{"damage":44,"enemies":"Book of Stabbing","floor":24,"turns":6},{"damage":4,"enemies":"2 Thieves","floor":28,"turns":4},{"damage":9,"enemies":"Snake Plant","floor":29,"turns":3},{"damage":0,"enemies":"Cultist and Chosen","floor":31,"turns":4},{"damage":85,"enemies":"Collector","floor":33,"turns":7}],"seed_played":"-2793195385226699280","potions_obtained":[{"floor":1,"key":"AttackPotion"},{"floor":10,"key":"Weak Potion"},{"floor":13,"key":"Fruit Juice"},{"floor":21,"key":"Energy Potion"},{"floor":24,"key":"GamblersBrew"}],"is_trial":false,"path_per_floor":["M","?","M","?","M","R","$","R","T","M","R","M","E","?","R","B",null,"M","$","?","?","$","R","E","R","T","R","M","M","?","M","R","B"],"character_chosen":"DEFECT","items_purchased":["Gash","Bronze Scales"],"campfire_rested":3,"item_purchase_floors":[7,19],"current_hp_per_floor":[52,52,50,29,29,50,50,50,60,56,56,56,52,52,52,42,75,75,75,50,21,21,63,19,73,73,85,81,72,72,72,84,0,0],"gold":120,"neow_bonus":"UPGRADE_CARD","is_daily":false,"chose_seed":false,"campfire_upgraded":5,"win_rate":0.0,"timestamp":1610465606,"path_taken":["M","?","M","?","M","R","$","R","T","M","R","M","E","?","R","BOSS","M","?","?","?","$","R","E","R","T","R","?","M","?","M","R","BOSS"],"items_purchased_type":["Card","Relic"],"build_version":"2020-12-22","purchased_purges":0,"victory":false,"max_hp_per_floor":[71,71,71,71,71,71,71,71,81,81,81,81,81,81,81,86,86,86,86,91,91,91,91,91,91,91,91,91,91,91,91,91,91,91],"card_choices":[{"not_picked":["Compile Driver","Cold Snap"],"picked":"Hologram","floor":1},{"not_picked":["Stack","Barrage"],"picked":"Auto Shields","floor":3},{"not_picked":["Conserve Battery","Recycle"],"picked":"Scrape","floor":5},{"not_picked":["Darkness","Leap"],"picked":"Streamline","floor":10},{"not_picked":["Loop","Sweeping Beam","Rainbow"],"picked":"SKIP","floor":12},{"not_picked":["Turbo","Hologram","Capacitor"],"picked":"SKIP","floor":13},{"not_picked":["Creative AI","Multi-Cast"],"picked":"All For One","floor":16},{"not_picked":["Rip and Tear","Coolheaded"],"picked":"Beam Cell","floor":18},{"not_picked":["Genetic Algorithm","Conserve Battery"],"picked":"Stack","floor":21},{"not_picked":["Hyperbeam","Hologram","Turbo"],"picked":"SKIP","floor":24},{"not_picked":["Blizzard","Barrage"],"picked":"Go for the Eyes","floor":28},{"not_picked":["Conserve Battery","Compile Driver","Turbo"],"picked":"SKIP","floor":29},{"not_picked":["Reinforced Body","Force Field+1","Doom and Gloom"],"picked":"SKIP","floor":31}],"player_experience":759795,"relics_obtained":[{"floor":9,"key":"Pear"},{"floor":13,"key":"StrikeDummy"},{"floor":17,"key":"Regal Pillow"},{"floor":17,"key":"Frozen Egg 2"},{"floor":17,"key":"Thread and Needle"},{"floor":21,"key":"Red Mask"},{"floor":24,"key":"Eternal Feather"},{"floor":26,"key":"Akabeko"}],"event_choices":[{"cards_removed":["Strike_B"],"damage_healed":0,"gold_gain":0,"player_choice":"Card Removal","damage_taken":0,"max_hp_gain":0,"max_hp_loss":0,"event_name":"The Cleric","floor":2,"gold_loss":75},{"damage_healed":0,"gold_gain":0,"player_choice":"Entered Light","damage_taken":21,"max_hp_gain":0,"max_hp_loss":0,"event_name":"Shining Light","floor":4,"gold_loss":0,"cards_upgraded":["Strike_B","Defend_B"]},{"damage_healed":0,"gold_gain":0,"player_choice":"1 cards matched","damage_taken":0,"max_hp_gain":0,"max_hp_loss":0,"event_name":"Match and Keep!","floor":14,"gold_loss":0,"cards_obtained":["Reboot"]},{"damage_healed":0,"gold_gain":0,"player_choice":"Shed Blood","damage_taken":30,"max_hp_gain":5,"max_hp_loss":0,"event_name":"Forgotten Altar","floor":20,"gold_loss":0},{"damage_healed":0,"gold_gain":0,"player_choice":"Fought Bandits","damage_taken":0,"max_hp_gain":0,"max_hp_loss":0,"event_name":"Masked Bandits","floor":21,"gold_loss":0},{"damage_healed":0,"gold_gain":0,"player_choice":"Ignored","damage_taken":0,"max_hp_gain":0,"max_hp_loss":0,"event_name":"Ghosts","floor":30,"gold_loss":0}],"is_beta":false,"boss_relics":[{"not_picked":["Sozu","Runic Dome"],"picked":"Calling Bell"}],"items_purged_floors":[],"is_endless":false,"potions_floor_spawned":[1,10,13,21,24],"killed_by":"Collector","ascension_level":16}}