{"host":"n264v15x7h51zqzc","time":1610464642,"event":{"mods":["AchievementEnabler","BaseMod","Colored Powertips","Googly Eyes","Infinite Spire","Minty Spire (QoL Compilation)","StSLib"],"gold_per_floor":[109,121,192,208,208,240,240,254,254,268,297,313,340,360,360,463,463,452,452,83,8,31,31,50,78,78,112,126,160,160,176,176,273,273,290,290,310,290,310,643,643,583,583,583,593,593,161,161,161,161],"floor_reached":51,"playtime":2124,"items_purged":["Strike_B","Parasite"],"score":895,"play_id":"b790abb3-4794-47ab-a4a4-2265877f3a43","local_time":"20210112091722","is_ascension_mode":true,"campfire_choices":[{"data":"Chaos","floor":7.0,"key":"SMITH"},{"floor":15.0,"key":"REST"},{"data":"Defragment","floor":23.0,"key":"SMITH"},{"floor":32.0,"key":"REST"},{"data":"Loop","floor":32.0,"key":"SMITH"},{"data":"Echo Form","floor":41,"key":"SMITH"},{"floor":49,"key":"REST"},{"floor":49,"key":"RECALL"}],"circlet_count":1,"master_deck":["Strike_B","Strike_B","Defend_B","Defend_B","Zap","Dualcast","Madness","Defragment","Static Discharge","Chaos+1","Glacier","Cold Snap","Machine Learning","Consume","Coolheaded","Defragment+1","Echo Form+1","Loop+1","Leap+1","Conserve Battery+1","Amplify+1","Creative AI+1","Ball Lightning+1","Seek+1","Hyperbeam","infinitespire:Collect+1","White Noise+1"],"relics":["Cracked Core","Toy Ornithopter","Art of War","infinitespire:CheckeredPen","Toxic Egg 2","Snecko Eye","PreservedInsect","Circlet","infinitespire:Beetle Shell","infinitespire:Magic Flask","Singing Bowl","Bronze Scales","Astrolabe","Old Coin","infinitespire:CursedDice","Inserter","Strawberry","Runic Capacitor"],"acts_visited":["Exordium","TheCity","TheBeyond"],"potions_floor_usage":[39,39,40,44,50],"damage_taken":[{"damage":0.0,"enemies":"Small Slimes","floor":1.0,"turns":3.0},{"damage":7.0,"enemies":"2 Louse","floor":2.0,"turns":2.0},{"damage":5.0,"enemies":"Cultist","floor":4.0,"turns":3.0},{"damage":0.0,"enemies":"Lagavulin","floor":6.0,"turns":5.0},{"damage":1.0,"enemies":"Blue Slaver","floor":8.0,"turns":4.0},{"damage":8.0,"enemies":"3 Louse","floor":10.0,"turns":2.0},{"damage":9.0,"enemies":"3 Sentries","floor":11.0,"turns":6.0},{"damage":5.0,"enemies":"2 Fungi Beasts","floor":12.0,"turns":3.0},{"damage":18.0,"enemies":"Gremlin Nob","floor":13.0,"turns":4.0},{"damage":2.0,"enemies":"Exordium Wildlife","floor":14.0,"turns":4.0},{"damage":23.0,"enemies":"Hexaghost","floor":16.0,"turns":15.0},{"damage":31.0,"enemies":"2 Thieves","floor":18.0,"turns":4.0},{"damage":10.0,"enemies":"Spheric Guardian","floor":24.0,"turns":3.0},{"damage":0.0,"enemies":"Book of Stabbing","floor":25.0,"turns":5.0},{"damage":14.0,"enemies":"Slavers","floor":27.0,"turns":4.0},{"damage":5.0,"enemies":"3 Cultists","floor":28.0,"turns":5.0},{"damage":12.0,"enemies":"Book of Stabbing","floor":29.0,"turns":5.0},{"damage":0.0,"enemies":"Centurion and Healer","floor":31.0,"turns":10.0},{"damage":15.0,"enemies":"Champ","floor":33.0,"turns":11.0},{"damage":16.0,"enemies":"3 Darklings","floor":35.0,"turns":6.0},{"damage":15.0,"enemies":"Orb Walker","floor":37.0,"turns":4.0},{"damage":30,"enemies":"Transient","floor":39,"turns":5},{"damage":8,"enemies":"Reptomancer","floor":40,"turns":8},{"damage":0,"enemies":"4 Shapes","floor":44,"turns":1},{"damage":42,"enemies":"Writhing Mass","floor":45,"turns":5},{"damage":53,"enemies":"Donu and Deca","floor":50,"turns":5}],"seed_played":"5098105773988070968","potions_obtained":[{"floor":1.0,"key":"Weak Potion"},{"floor":2.0,"key":"Fire Potion"},{"floor":4.0,"key":"SpeedPotion"},{"floor":14.0,"key":"Ancient Potion"},{"floor":24.0,"key":"Dexterity Potion"},{"floor":28.0,"key":"SmokeBomb"},{"floor":31.0,"key":"infinitespire:BlackPotion"},{"floor":33.0,"key":"Weak Potion"},{"floor":37.0,"key":"Strength Potion"},{"floor":38,"key":"Regen Potion"},{"floor":39,"key":"LiquidBronze"},{"floor":45,"key":"EssenceOfSteel"}],"is_trial":false,"path_per_floor":["M","M","?","M","?","E","R","M","T","M","E","M","E","M","R","B",null,"M","?","$","?","T","R","M","E","T","E","M","E","?","M","R","B",null,"M","?","M","?","M","E","R","?","T","M","M","AVR","$","?","R","B",null],"character_chosen":"DEFECT","items_purchased":["Loop","Leap+1","Guardian:PocketSentry","Cold Snap","Strawberry","Runic Capacitor","White Noise+1"],"campfire_rested":3,"item_purchase_floors":[20,20,20,20,47,47,47],"current_hp_per_floor":[75,68,68,63,63,63,63,62,62,54,45,40,22,20,42,24,75,44,44,44,44,44,44,34,39,39,25,20,10,10,12,35,35,79,65,65,52,52,49,48,48,48,48,53,13,13,20,20,47,33],"gold":161,"neow_bonus":"RANDOM_COLORLESS","is_daily":false,"chose_seed":false,"campfire_upgraded":4,"win_rate":0.0,"timestamp":1610464642,"path_taken":["M","M","?","M","?","E","R","M","T","M","E","?","E","M","R","BOSS","M","?","$","?","?","R","M","E","T","E","M","E","?","M","R","BOSS","M","?","M","?","M","E","R","?","T","?","M","AVR","?","?","R","BOSS"],"items_purchased_type":["Card","Card","Undefined","Card","Relic","Relic","Card"],"build_version":"2020-12-22","purchased_purges":2,"victory":true,"max_hp_per_floor":[75,75,75,75,75,75,75,75,75,75,75,75,75,75,75,75,75,75,75,75,75,75,75,75,75,75,75,75,77,77,79,79,79,79,81,81,83,83,85,87,87,87,87,87,89,89,93,93,93,93],"card_choices":[{"not_picked":["Swift Strike","Purity"],"picked":"expansioncontent:DarkVoid","floor":0.0},{"not_picked":["Genetic Algorithm","Fusion"],"picked":"Defragment","floor":1.0},{"not_picked":["Redo","Coolheaded"],"picked":"Static Discharge","floor":2.0},{"not_picked":["Redo","Barrage"],"picked":"Chaos","floor":4.0},{"not_picked":["Leap","Steam Power"],"picked":"Glacier","floor":6.0},{"not_picked":["Reprogram","Turbo"],"picked":"Cold Snap","floor":8.0},{"not_picked":["Conserve Battery","Leap"],"picked":"Machine Learning","floor":10.0},{"not_picked":["Auto Shields","Rip and Tear"],"picked":"Consume","floor":11.0},{"not_picked":["Gash","Self Repair"],"picked":"Coolheaded","floor":12.0},{"not_picked":["All For One","Fission+1","Sweeping Beam"],"picked":"SKIP","floor":13.0},{"not_picked":["Coolheaded+1","Redo+1"],"picked":"Defragment","floor":14.0},{"not_picked":["Multi-Cast+1","Fission+1"],"picked":"Echo Form","floor":16.0},{"not_picked":["Gash","FTL","Double Energy+1"],"picked":"SKIP","floor":18.0},{"not_picked":["Steam+1","Go for the Eyes+1","Gash"],"picked":"SKIP","floor":24.0},{"not_picked":["Steam+1","Compile Driver","Sweeping Beam"],"picked":"SKIP","floor":25.0},{"not_picked":["Doom and Gloom","Undo+1"],"picked":"Chill+1","floor":27.0},{"not_picked":["Genetic Algorithm+1","Hologram+1"],"picked":"Conserve Battery+1","floor":28.0},{"not_picked":["Doom and Gloom","Echo Form","Rip and Tear"],"picked":"Singing Bowl","floor":29.0},{"not_picked":["Go for the Eyes+1","BootSequence+1","Conserve Battery+1"],"picked":"Singing Bowl","floor":31.0},{"not_picked":["Fission+1","Thunder Strike"],"picked":"Amplify+1","floor":33.0},{"not_picked":["Fusion+1","Beam Cell+1","Barrage"],"picked":"Singing Bowl","floor":35.0},{"not_picked":["Doom and Gloom","Fusion+1","Stack+1"],"picked":"Singing Bowl","floor":37.0},{"not_picked":["Undo+1","Sweeping Beam+1","Cold Snap+1"],"picked":"Singing Bowl","floor":39},{"not_picked":["Cold Snap+1","Steam+1","Capacitor"],"picked":"Singing Bowl","floor":40},{"not_picked":["Steam+1","Redo+1","Tempest+1"],"picked":"Singing Bowl","floor":45}],"player_experience":154100,"relics_obtained":[{"floor":6.0,"key":"Toy Ornithopter"},{"floor":9.0,"key":"Art of War"},{"floor":11.0,"key":"infinitespire:CheckeredPen"},{"floor":13.0,"key":"Toxic Egg 2"},{"floor":25.0,"key":"infinitespire:Beetle Shell"},{"floor":26.0,"key":"infinitespire:Magic Flask"},{"floor":27.0,"key":"Singing Bowl"},{"floor":29.0,"key":"Bronze Scales"},{"floor":40,"key":"Old Coin"},{"floor":43,"key":"infinitespire:CursedDice"}],"event_choices":[{"damage_healed":0.0,"max_hp_gain":0.0,"max_hp_loss":0.0,"gold_gain":71.0,"event_name":"Golden Wing","player_choice":"Gained Gold","floor":3.0,"gold_loss":0.0,"damage_taken":0.0},{"damage_healed":0.0,"max_hp_gain":0.0,"max_hp_loss":0.0,"gold_gain":0.0,"event_name":"NoteForYourself","player_choice":"Ignored","floor":5.0,"gold_loss":0.0,"damage_taken":0.0},{"damage_healed":0.0,"max_hp_gain":0.0,"max_hp_loss":0.0,"gold_gain":0.0,"event_name":"The Mausoleum","player_choice":"Opened","floor":19.0,"gold_loss":0.0,"damage_taken":0.0,"relics_obtained":["PreservedInsect"],"cards_obtained":["Writhe"]},{"cards_removed":["Defend_B"],"damage_healed":0.0,"max_hp_gain":0.0,"max_hp_loss":0.0,"gold_gain":0.0,"event_name":"Beggar","player_choice":"Gave Gold","floor":21.0,"gold_loss":75.0,"damage_taken":0.0},{"damage_healed":0.0,"max_hp_gain":0.0,"max_hp_loss":0.0,"gold_gain":0.0,"event_name":"Vampires","player_choice":"Ignored","floor":30.0,"gold_loss":0.0,"damage_taken":0.0},{"damage_healed":0.0,"max_hp_gain":0.0,"max_hp_loss":0.0,"gold_gain":0.0,"event_name":"Tomb of Lord Red Mask","player_choice":"Ignored","floor":36.0,"gold_loss":0.0,"damage_taken":0.0},{"damage_healed":0,"gold_gain":0,"player_choice":"Bought 1 Potion","damage_taken":0,"max_hp_gain":0,"max_hp_loss":0,"event_name":"The Woman in Blue","floor":38,"gold_loss":0},{"damage_healed":0,"gold_gain":0,"cards_transformed":["Defend_B","Auto Shields"],"player_choice":"Transformed Cards","damage_taken":0,"max_hp_gain":0,"max_hp_loss":0,"event_name":"Designer","floor":42,"gold_loss":60,"cards_obtained":["Seek","Hyperbeam"]},{"cards_removed":["Writhe"],"damage_healed":0,"gold_gain":0,"player_choice":"Removed Curses","damage_taken":0,"max_hp_gain":0,"max_hp_loss":0,"event_name":"Fountain of Cleansing","floor":48,"gold_loss":0}],"is_beta":false,"boss_relics":[{"not_picked":["Pandora\u0027s Box","Sozu"],"picked":"Snecko Eye"},{"not_picked":["Busted Crown","Cursed Key"],"picked":"Astrolabe"}],"items_purged_floors":[20,47],"is_endless":false,"potions_floor_spawned":[1,2,4,14,24,28,31,33,37,39,45],"ascension_level":1}}