{"host":"w9yruvs4bqht6bhw","time":1610419875,"event":{"mods":["BaseMod","Colored Powertips","Minty Spire (QoL Compilation)"],"gold_per_floor":[119,134,7,62,62,62,94,108,134,134,154,169,169,179,179,283,283,302,302,176,176,102,102,102],"floor_reached":23,"playtime":933,"items_purged":[],"score":274,"play_id":"d404fc6e-c5d4-42dc-af2a-d9d203eb6489","local_time":"20210111215115","is_ascension_mode":true,"campfire_choices":[{"data":"Uppercut","floor":6,"key":"SMITH"},{"data":"Armaments","floor":13,"key":"SMITH"},{"data":"True Grit","floor":15,"key":"SMITH"}],"circlet_count":0,"master_deck":["Strike_R","Strike_R","Strike_R","Strike_R","Strike_R","Defend_R","Defend_R","Defend_R","Defend_R","Bash","True Grit","True Grit+1","Body Slam","Uppercut+1","Barricade","Headbutt","Rampage","Armaments+1","Shrug It Off","Reaper","Shrug It Off+1","RitualDagger","Feel No Pain"],"relics":["Black Blood","Red Skull","Smiling Mask","Pen Nib"],"acts_visited":["Exordium","TheCity"],"potions_floor_usage":[7,11,16],"damage_taken":[{"damage":9,"enemies":"Cultist","floor":1,"turns":4},{"damage":8,"enemies":"Small Slimes","floor":2,"turns":5},{"damage":30,"enemies":"Lagavulin","floor":7,"turns":8},{"damage":7,"enemies":"Jaw Worm","floor":8,"turns":2},{"damage":14,"enemies":"Exordium Wildlife","floor":11,"turns":6},{"damage":0,"enemies":"2 Fungi Beasts","floor":12,"turns":3},{"damage":1,"enemies":"3 Louse","floor":14,"turns":4},{"damage":24,"enemies":"Slime Boss","floor":16,"turns":14},{"damage":29,"enemies":"Shell Parasite","floor":18,"turns":12},{"damage":51,"enemies":"3 Byrds","floor":23,"turns":4}],"seed_played":"-8132639167816344604","potions_obtained":[{"floor":2,"key":"Energy Potion"},{"floor":8,"key":"ElixirPotion"},{"floor":16,"key":"FearPotion"}],"is_trial":false,"path_per_floor":["M","M","$","?","?","R","E","M","T","T","M","M","R","M","R","B",null,"M","?","$","?","$","M"],"character_chosen":"IRONCLAD","items_purchased":["Uppercut","BlessingOfTheForge","Ancient Potion","Dexterity Potion","Feel No Pain"],"campfire_rested":0,"item_purchase_floors":[3,3,20,20,22],"current_hp_per_floor":[69,67,67,67,72,72,48,47,47,47,39,45,45,50,50,32,72,55,55,55,49,49,0,0],"gold":102,"neow_bonus":"THREE_CARDS","is_daily":false,"chose_seed":false,"campfire_upgraded":3,"win_rate":0.0,"timestamp":1610419875,"path_taken":["M","?","$","?","?","R","E","M","T","?","?","M","R","M","R","BOSS","M","?","$","?","$","M"],"items_purchased_type":["Card","Potion","Potion","Potion","Card"],"build_version":"2020-12-22","purchased_purges":0,"victory":false,"max_hp_per_floor":[80,80,80,80,85,85,85,85,85,85,85,85,85,85,85,85,85,85,85,85,85,85,85,85],"card_choices":[{"not_picked":["Warcry","Sword Boomerang"],"picked":"True Grit","floor":0},{"not_picked":["Twin Strike","Bloodletting"],"picked":"True Grit","floor":1},{"not_picked":["Perfected Strike","Hemokinesis"],"picked":"Body Slam","floor":2},{"not_picked":["Dual Wield","Flex"],"picked":"Barricade","floor":7},{"not_picked":["Twin Strike","Havoc"],"picked":"Headbutt","floor":8},{"not_picked":["Heavy Blade","Flex"],"picked":"Rampage","floor":11},{"not_picked":["Rage","Headbutt"],"picked":"Armaments","floor":12},{"not_picked":["Sword Boomerang","Clash"],"picked":"Shrug It Off","floor":14},{"not_picked":["Double Tap","Juggernaut"],"picked":"Reaper","floor":16},{"not_picked":["Dual Wield","Flex+1"],"picked":"Shrug It Off+1","floor":18}],"player_experience":377378,"relics_obtained":[{"floor":7,"key":"Red Skull"},{"floor":9,"key":"Smiling Mask"},{"floor":10,"key":"Pen Nib"}],"event_choices":[{"damage_healed":0,"gold_gain":55,"player_choice":"Gained Gold","damage_taken":0,"max_hp_gain":0,"max_hp_loss":0,"event_name":"Golden Wing","floor":4,"gold_loss":0},{"damage_healed":0,"gold_gain":0,"player_choice":"Donut","damage_taken":0,"max_hp_gain":5,"max_hp_loss":0,"event_name":"Big Fish","floor":5,"gold_loss":0},{"damage_healed":0,"gold_gain":0,"player_choice":"Ignored","damage_taken":0,"max_hp_gain":0,"max_hp_loss":0,"event_name":"Vampires","floor":19,"gold_loss":0},{"damage_healed":0,"gold_gain":0,"player_choice":"Joined the Cult","damage_taken":6,"max_hp_gain":0,"max_hp_loss":0,"event_name":"Nest","floor":21,"gold_loss":0,"cards_obtained":["RitualDagger"]}],"is_beta":false,"boss_relics":[{"not_picked":["Black Star","Ectoplasm"],"picked":"Black Blood"}],"items_purged_floors":[],"is_endless":false,"potions_floor_spawned":[2,8,16],"killed_by":"3 Byrds","ascension_level":9}}