{"host":"ai2zab3l3qrfb1vu","time":1610461072,"event":{"mods":["2.2 Compatiblity","Act Like it!","BaseMod","Better Third Choice","BetterRewards","Friendly Minions","Gensokyo","GifTheSpireLib","Highlight Path","Hubris","Infinite Spire","Marked Mod","Mimic Mod","Minty Spire (QoL Compilation)","Relic Filter","Replay The Spire","Shop Mod","StSLib","Wandering Minibosses"],"gold_per_floor":[111,4,4,23,23,23,0,28,260,300,300,300],"floor_reached":11,"playtime":1116,"items_purged":["Strike_P"],"score":78,"play_id":"7a1fbe68-aa0d-4db2-bd7e-a1e823a2e8af","local_time":"20210112071752","is_ascension_mode":true,"campfire_choices":[{"data":"Replay:Battleflow","floor":6,"key":"SMITH"}],"circlet_count":0,"master_deck":["Strike_P","Strike_P","Defend_P","Defend_P","Defend_P","Eruption+1","Vigilance","Collect+1","Replay:Battleflow+1","Replay:ManipulateFuture","MarkedMod:PinPointDefense","MarkedMod:GentlePulse"],"relics":["PureWater","BargainBundle","Tiny Chest","hubris:DisguiseKit","Regal Pillow"],"acts_visited":["Gensokyo:Gensokyo"],"potions_floor_usage":[8],"damage_taken":[{"damage":0,"enemies":"Gensokyo:Gryphon","floor":1,"turns":2},{"damage":7,"enemies":"Gensokyo:Python","floor":4,"turns":4},{"damage":18,"enemies":"Gensokyo:Aya","floor":8,"turns":7},{"damage":14,"enemies":"Gensokyo:2_Kodama","floor":9,"turns":10},{"damage":21,"enemies":"Gensokyo:2_Kodama","floor":10,"turns":12},{"damage":2,"enemies":"Gensokyo:Mamizou","floor":11,"turns":2}],"seed_played":"6705775903434405149","potions_obtained":[{"floor":4,"key":"PowerPotion"}],"is_trial":false,"path_per_floor":["M","COS","?","M","$","R","?","E","MIM","MIM","E"],"character_chosen":"WATCHER","items_purchased":["BargainBundle","Replay:ManipulateFuture","MarkedMod:PinPointDefense"],"campfire_rested":0,"item_purchase_floors":[5,5,5],"current_hp_per_floor":[51,51,51,44,44,44,55,37,23,2,0,0],"gold":300,"neow_bonus":"REMOVE_TWO","is_daily":false,"chose_seed":false,"campfire_upgraded":1,"win_rate":0.0,"timestamp":1610461072,"path_taken":["M","COS","?","M","?","R","?","E","MIM","?","E"],"items_purchased_type":["Relic","Card","Card"],"build_version":"2020-12-22","purchased_purges":1,"victory":false,"max_hp_per_floor":[72,72,72,72,72,72,72,72,72,72,72,72],"card_choices":[{"not_picked":["Swivel","WheelKick","ClearTheMind"],"picked":"SKIP","floor":1},{"not_picked":["Prostrate+1","Pray+1"],"picked":"Collect+1","floor":4},{"not_picked":["FollowUp","Prostrate"],"picked":"Replay:Battleflow","floor":4},{"not_picked":["Sanctity","FearNoEvil","SashWhip"],"picked":"SKIP","floor":8},{"not_picked":["WreathOfFlame","SashWhip","Rage"],"picked":"MarkedMod:GentlePulse","floor":10}],"player_experience":502143,"relics_obtained":[{"floor":8,"key":"Tiny Chest"},{"floor":9,"key":"Regal Pillow"}],"event_choices":[],"is_beta":false,"boss_relics":[],"items_purged_floors":[5],"is_endless":false,"potions_floor_spawned":[4],"killed_by":"Gensokyo:Mamizou","ascension_level":3}}