{"host":"vddnn8yddbh0df4g","time":1610490735,"event":{"mods":["Act Like it!","BaseMod","Beaked The Cultist","Bestiary","Downfall","Minty Spire (QoL Compilation)","Shop Mod","StSLib","SuperFastMode","The Bug Knight","The Runesmith"],"gold_per_floor":[349,369,369,383,533,566,644,494,509,522,522,533,633,646,656,756,756,756,767,767,6,106,117,143,143,158,174,184,184,197,197,215,317,317,317,334,196,247,247,297,297,330,343,192,218,238,163,176,187,187,187,222,68,68,68],"floor_reached":56,"language":"ENG","playtime":3617,"items_purged":["Slimebound:Icky"],"score":1441,"play_id":"ad8bd811-2b8b-4ecc-9c83-eb5652aeb624","local_time":"20210112173215","is_ascension_mode":true,"campfire_choices":[{"data":"champ:Execute","floor":1.0,"key":"SMITH"},{"data":"champ:Taunt","floor":8.0,"key":"SMITH"},{"floor":11.0,"key":"REST"},{"data":"champ:Improvising","floor":18.0,"key":"SMITH"},{"data":"champ:MurderStrike","floor":25.0,"key":"SMITH"},{"data":"champ:Backstep","floor":29.0,"key":"SMITH"},{"floor":35.0,"key":"RECALL"},{"data":"champ:LastStand","floor":47.0,"key":"SMITH"},{"data":"champ:Lariat","floor":54,"key":"SMITH"}],"circlet_count":0,"master_deck":["champ:Strike","champ:Strike+1","champ:Strike","champ:Defend","champ:Defend+1","champ:Defend","champ:Defend+1","champ:Execute+1","champ:Taunt+1","champ:GladiatorStyle","champ:BringItOn","champ:Backstep+1","champ:LastStand+1","champ:FanOfKnives","champ:BladeFlurry+1","champ:SteelEdge","champ:MurderStrike+1","champ:Improvising+1","CurseOfTheBell","champ:RisingSlash","champ:ArenaPreparation+1","champ:PerfectForm+1","champ:AdrenalArmor+1","champ:ShieldSigil+1","champ:ViciousMockery+1","champ:RageSigil+1","champ:AdrenalArmor+1","expansioncontent:Collect","champ:SwordSigil+1","champ:IronFortress","champ:GladiatorStyle+1","champ:BringItOn+1","champ:SwordSigil","champ:Lariat+1","champ:EnGarde+1"],"relics":["champ:ChampionCrown","Dead Branch","downfall:HeartBlessingGreen","downfall:HeartBlessingBlue","Calling Bell","Ancient Tea Set","HollowMod:StagPassRelic","Peace Pipe","ClockworkSouvenir","beaked:ShinyBauble","Vajra","Orichalcum","Philosopher\u0027s Stone","Thread and Needle","Prayer Wheel","Lizard Tail","Guardian:GemstoneGun","champ:BerserkersGuideToSlaughter","Pear","Runesmith:Locket","downfall:HeartBlessingRed","Bag of Marbles","Lantern"],"acts_visited":["Exordium","TheCity","TheBeyond","TheEnding"],"potions_floor_usage":[50,55,55],"damage_taken":[{"damage":5.0,"enemies":"Cultist","floor":2.0,"turns":4.0},{"damage":2.0,"enemies":"2 Louse","floor":4.0,"turns":3.0},{"damage":28.0,"enemies":"Lagavulin","floor":6.0,"turns":9.0},{"damage":19.0,"enemies":"Small Slimes","floor":9.0,"turns":6.0},{"damage":1.0,"enemies":"3 Louse","floor":10.0,"turns":4.0},{"damage":7.0,"enemies":"Large Slime","floor":12.0,"turns":6.0},{"damage":28.0,"enemies":"downfall:Heads","floor":13.0,"turns":6.0},{"damage":0.0,"enemies":"2 Fungi Beasts","floor":14.0,"turns":4.0},{"damage":0.0,"enemies":"Blue Slaver","floor":15.0,"turns":4.0},{"damage":42.0,"enemies":"downfall:Silent","floor":16.0,"turns":9.0},{"damage":31.0,"enemies":"Shell Parasite","floor":19.0,"turns":9.0},{"damage":18.0,"enemies":"downfall:FleeingMerchant","floor":21.0,"turns":4.0},{"damage":28.0,"enemies":"Chosen","floor":23.0,"turns":4.0},{"damage":33.0,"enemies":"Centurion and Healer","floor":26.0,"turns":3.0},{"damage":46.0,"enemies":"Snecko","floor":27.0,"turns":3.0},{"damage":56.0,"enemies":"Shelled Parasite and Fungi","floor":28.0,"turns":5.0},{"damage":32.0,"enemies":"Snake Plant","floor":30.0,"turns":3.0},{"damage":29.0,"enemies":"Cultist and Chosen","floor":32.0,"turns":4.0},{"damage":46.0,"enemies":"downfall:Watcher","floor":33.0,"turns":3.0},{"damage":22.0,"enemies":"3 Darklings","floor":36.0,"turns":6.0},{"damage":42.0,"enemies":"downfall:FleeingMerchant","floor":37.0,"turns":4.0},{"damage":102.0,"enemies":"2 Orb Walkers","floor":38.0,"turns":7.0},{"damage":44.0,"enemies":"Mind Bloom Boss Battle","floor":40.0,"turns":7.0},{"damage":48.0,"enemies":"Reptomancer","floor":42.0,"turns":6.0},{"damage":61.0,"enemies":"3 Shapes","floor":43.0,"turns":3.0},{"damage":47.0,"enemies":"downfall:FleeingMerchant","floor":44.0,"turns":3.0},{"damage":30.0,"enemies":"Nemesis","floor":45.0,"turns":3.0},{"damage":40.0,"enemies":"Spire Growth","floor":46.0,"turns":4.0},{"damage":24.0,"enemies":"Jaw Worm Horde","floor":48.0,"turns":3.0},{"damage":63.0,"enemies":"4 Shapes","floor":49.0,"turns":4.0},{"damage":61,"enemies":"downfall:Ironclad","floor":50,"turns":10},{"damage":75,"enemies":"downfall:CharBossMerchant","floor":52,"turns":4},{"damage":181,"enemies":"downfall:NeowBoss","floor":55,"turns":16}],"seed_played":"-8559594880940194043","potions_obtained":[{"floor":2.0,"key":"Swift Potion"},{"floor":9.0,"key":"CultistPotion"},{"floor":10.0,"key":"champ:CounterPotion"},{"floor":15.0,"key":"PowerPotion"},{"floor":23.0,"key":"DuplicationPotion"},{"floor":28.0,"key":"ColorlessPotion"},{"floor":30.0,"key":"Explosive Potion"},{"floor":33.0,"key":"Guardian:BlockOnCardUsePotion"},{"floor":36.0,"key":"Fire Potion"},{"floor":40.0,"key":"Strength Potion"},{"floor":45.0,"key":"LiquidMemories"},{"floor":46.0,"key":"sneckomod:MuddlingPotion"},{"floor":49.0,"key":"DuplicationPotion"}],"is_trial":false,"path_per_floor":["R","M","?","M","?","E","T","R","M","M","R","M","?","M","M","B",null,"R","M","?","$","?","M","T","R","M","M","M","R","M","?","M","B",null,"R","M","$","?","?","?","T","E","M","$","E","M","R","M","M","B",null,"E","$","R","B",null],"character_chosen":"THE_CHAMP","items_purchased":["ClockworkSouvenir","beaked:ShinyBauble","Vajra","champ:PerfectForm","champ:AdrenalArmor","champ:RageSigil","champ:BerserkersGuideToSlaughter","Pear","champ:GladiatorStyle","Lantern"],"campfire_rested":1,"item_purchase_floors":[21,21,21,21,21,37,44,44,44,53],"current_hp_per_floor":[63,63,63,61,61,38,38,48,39,38,68,66,46,46,46,12,100,100,84,64,59,59,55,55,55,49,40,30,30,30,30,26,26,105,105,105,103,34,34,37,37,29,29,39,49,59,59,65,55,74,115,115,115,115,101],"gold":68,"neow_bonus":"TWO_FIFTY_GOLD","is_daily":false,"chose_seed":false,"campfire_upgraded":7,"win_rate":0.0,"timestamp":1610490735,"path_taken":["R","M","?","M","?","E","T","R","M","M","R","M","?","M","M","BOSS","R","M","?","$","?","M","T","R","M","M","M","R","M","?","M","BOSS","R","M","$","?","?","?","T","E","M","$","E","M","R","M","M","BOSS","E","$","R","BOSS"],"items_purchased_type":["Relic","Relic","Relic","Card","Card","Card","Relic","Relic","Card","Relic"],"build_version":"2020-12-22","purchased_purges":1,"victory":true,"max_hp_per_floor":[90,90,90,90,90,90,90,100,100,100,100,100,100,100,100,100,100,100,100,105,105,105,105,105,105,105,105,105,105,105,105,105,105,105,105,105,105,105,105,105,105,105,105,115,115,115,115,115,115,115,115,115,115,115,115],"card_choices":[{"not_picked":["champ:StanceDance","champ:Haymaker"],"picked":"champ:GladiatorStyle","floor":2.0},{"not_picked":["champ:FocusedDefense","champ:HeartStrike"],"picked":"champ:BringItOn","floor":4.0},{"not_picked":["champ:CrookedStrike","champ:Riposte"],"picked":"champ:Backstep","floor":6.0},{"not_picked":["champ:TornadoPunch","champ:GladiatorsShout"],"picked":"champ:LastStand","floor":9.0},{"not_picked":["champ:BringItOn","champ:FightOn"],"picked":"champ:FanOfKnives","floor":10.0},{"not_picked":["champ:Control","champ:Aggression"],"picked":"champ:BladeFlurry","floor":12.0},{"not_picked":["champ:TornadoPunch","champ:AdrenalArmor"],"picked":"champ:MurderStrike","floor":13.0},{"not_picked":["champ:Balance","champ:BringItOn","champ:PerfectedStrike"],"picked":"SKIP","floor":14.0},{"not_picked":["champ:GutPunch","champ:Haymaker","champ:PerfectedStrike"],"picked":"SKIP","floor":15.0},{"not_picked":["champ:SteelEdge","champ:MurderStrike"],"picked":"champ:Improvising","floor":16.0},{"not_picked":["champ:PerfectedStrike+1","champ:IronFortress"],"picked":"champ:RisingSlash","floor":19.0},{"not_picked":["champ:TornadoPunch","champ:Shatter"],"picked":"champ:ArenaPreparation+1","floor":21.0},{"not_picked":["champ:TornadoPunch","champ:FanOfKnives+1","champ:FlashCut"],"picked":"SKIP","floor":23.0},{"not_picked":["champ:DeathBlow","champ:Haymaker"],"picked":"champ:ShieldSigil+1","floor":26.0},{"not_picked":["champ:Backstep","champ:Circumvent","champ:RisingSlash"],"picked":"SKIP","floor":27.0},{"not_picked":["champ:Aggression+1","champ:ShieldWall"],"picked":"champ:ViciousMockery+1","floor":28.0},{"not_picked":["champ:StanceDance","champ:FightOn","champ:FaceSlap"],"picked":"SKIP","floor":30.0},{"not_picked":["champ:ShieldSigil","champ:DeathBlow","champ:FlashCut+1"],"picked":"SKIP","floor":32.0},{"not_picked":["champ:RisingSlash","champ:StanceDance","champ:Circumvent"],"picked":"SKIP","floor":36.0},{"not_picked":["champ:CrownThrow","champ:BladeFlurry","champ:FanOfKnives+1"],"picked":"SKIP","floor":37.0},{"not_picked":["champ:FaceSlap+1","champ:GladiatorsShout+1"],"picked":"champ:AdrenalArmor+1","floor":38.0},{"not_picked":["expansioncontent:HyperBeam","expansioncontent:FaceSlap"],"picked":"expansioncontent:Collect","floor":39.0},{"not_picked":["champ:FlashCut","champ:StanceDance+1"],"picked":"champ:SwordSigil+1","floor":40.0},{"not_picked":["champ:HoldFirm","champ:PerfectedStrike","champ:EndlessRage"],"picked":"SKIP","floor":42.0},{"not_picked":["champ:Balance","champ:DefensiveShout"],"picked":"champ:IronFortress","floor":43.0},{"not_picked":["champ:DeathBlow","champ:GladiatorsShout+1","champ:BladeFlurry+1"],"picked":"SKIP","floor":43.0},{"not_picked":["champ:BerserkersShout+1","champ:BringItOn+1","champ:TornadoPunch+1"],"picked":"SKIP","floor":44.0},{"not_picked":["champ:StanceDance","champ:ShieldSigil+1"],"picked":"champ:BringItOn+1","floor":45.0},{"not_picked":["champ:BladeFlurry+1","champ:RisingSlash+1","champ:MurderStrike"],"picked":"SKIP","floor":46.0},{"not_picked":["champ:GladiatorsShout","champ:BerserkersShout","champ:GladiatorStyle+1"],"picked":"SKIP","floor":46.0},{"not_picked":["champ:BladeFlurry+1","champ:RisingSlash+1","champ:MurderStrike"],"picked":"SKIP","floor":46.0},{"not_picked":["champ:GladiatorsShout","champ:BerserkersShout","champ:GladiatorStyle+1"],"picked":"SKIP","floor":46.0},{"not_picked":["champ:Backstep","champ:FightOn"],"picked":"champ:SwordSigil","floor":48.0},{"not_picked":["champ:GladiatorsShout","champ:Balance","champ:SkillfulDodge+1"],"picked":"SKIP","floor":48.0},{"not_picked":["champ:RapidStrikes","champ:FocusedBerserking+1"],"picked":"champ:Lariat","floor":49.0},{"not_picked":["champ:AdrenalArmor","champ:FlashCut","champ:GladiatorsShout+1"],"picked":"SKIP","floor":49.0},{"not_picked":["champ:IgnorePain","champ:RapidStrikes"],"picked":"champ:EnGarde+1","floor":52}],"player_experience":672587,"relics_obtained":[{"floor":6.0,"key":"Dead Branch"},{"floor":17.0,"key":"Ancient Tea Set"},{"floor":17.0,"key":"HollowMod:StagPassRelic"},{"floor":17.0,"key":"Peace Pipe"},{"floor":24.0,"key":"Orichalcum"},{"floor":38.0,"key":"Thread and Needle"},{"floor":40.0,"key":"Prayer Wheel"},{"floor":41.0,"key":"Lizard Tail"},{"floor":42.0,"key":"Guardian:GemstoneGun"},{"floor":45.0,"key":"Runesmith:Locket"},{"floor":52,"key":"Bag of Marbles"}],"event_choices":[{"damage_healed":0.0,"max_hp_gain":0.0,"max_hp_loss":0.0,"gold_gain":0.0,"event_name":"Mysterious Sphere","player_choice":"Fight","floor":38.0,"gold_loss":0.0,"damage_taken":0.0}],"is_beta":false,"boss_relics":[{"not_picked":["SacredBark","Sozu"],"picked":"Calling Bell"},{"not_picked":["Runesmith:UraniumAnvil","SlaversCollar"],"picked":"Philosopher\u0027s Stone"}],"items_purged_floors":[37],"is_endless":false,"potions_floor_spawned":[2,9,10,15,23,28,30,33,36,40,45,46,49],"ascension_level":1}}