{"host":"sian7qp8a9pc9xwd","time":1610415829,"event":{"mods":["BaseMod","Minty Spire (QoL Compilation)","StSLib","SuperFastMode"],"gold_per_floor":[118,118,118,133,146,146,176,176,176,194,208,224,224,234,234,339,339,351,276,276,33,46,75,95,95,95,126,126,138,138,138],"floor_reached":30,"playtime":1220,"items_purged":["Immolate"],"score":272,"play_id":"b418d99e-c522-47f4-b10e-978e36320bfe","local_time":"20210111204349","is_ascension_mode":false,"campfire_choices":[{"data":"Bash","floor":6.0,"key":"SMITH"},{"data":"Infernal Blade","floor":8.0,"key":"SMITH"},{"data":"Searing Blow","floor":15.0,"key":"SMITH"},{"floor":25.0,"key":"REST"},{"floor":28.0,"key":"REST"}],"circlet_count":0,"master_deck":["Strike_R+1","Strike_R","Defend_R+1","Defend_R","Defend_R","Bash+1","Carnage+1","Infernal Blade+1","Shrug It Off","Searing Blow+1","Fiend Fire","Master of Strategy","Thunderclap","Armaments+1","Second Wind+1","Iron Wave"],"relics":["Burning Blood","Bottled Flame","Regal Pillow","Black Star","PreservedInsect","Smiling Mask","StoneCalendar","Toxic Egg 2","Dream Catcher"],"acts_visited":["Exordium","TheCity"],"potions_floor_usage":[],"damage_taken":[{"damage":2.0,"enemies":"2 Louse","floor":1.0,"turns":3.0},{"damage":6.0,"enemies":"Jaw Worm","floor":4.0,"turns":2.0},{"damage":0.0,"enemies":"Cultist","floor":5.0,"turns":2.0},{"damage":18.0,"enemies":"Lagavulin","floor":7.0,"turns":6.0},{"damage":4.0,"enemies":"Blue Slaver","floor":10.0,"turns":2.0},{"damage":0.0,"enemies":"2 Fungi Beasts","floor":11.0,"turns":2.0},{"damage":7.0,"enemies":"Exordium Thugs","floor":12.0,"turns":3.0},{"damage":5.0,"enemies":"Looter","floor":14.0,"turns":3.0},{"damage":46.0,"enemies":"The Guardian","floor":16.0,"turns":9.0},{"damage":20.0,"enemies":"3 Byrds","floor":18.0,"turns":4.0},{"damage":5.0,"enemies":"2 Thieves","floor":22.0,"turns":2.0},{"damage":50.0,"enemies":"Gremlin Leader","floor":23.0,"turns":8.0},{"damage":13.0,"enemies":"Snake Plant","floor":24.0,"turns":3.0},{"damage":39.0,"enemies":"Book of Stabbing","floor":27.0,"turns":6.0},{"damage":58.0,"enemies":"3 Cultists","floor":29.0,"turns":7.0},{"damage":0,"enemies":"Shelled Parasite and Fungi","floor":30,"turns":1}],"seed_played":"8148727430838166603","potions_obtained":[{"floor":4.0,"key":"EntropicBrew"},{"floor":7.0,"key":"PowerPotion"},{"floor":10.0,"key":"Fruit Juice"},{"floor":16.0,"key":"LiquidBronze"},{"floor":22.0,"key":"SpeedPotion"},{"floor":24.0,"key":"DistilledChaos"},{"floor":27.0,"key":"Ancient Potion"}],"is_trial":false,"path_per_floor":["M","?","?","M","M","R","E","R","T","M","M","M","?","M","R","B",null,"M","?","?","$","M","E","M","R","T","E","R","M","M"],"character_chosen":"IRONCLAD","items_purchased":["Master of Strategy"],"campfire_rested":2,"item_purchase_floors":[21],"current_hp_per_floor":[72,58,58,58,64,64,52,52,52,54,60,59,64,65,65,25,77,63,63,63,63,64,25,18,57,57,24,63,11,11,11],"gold":138,"neow_bonus":"REMOVE_TWO","is_daily":false,"chose_seed":false,"campfire_upgraded":3,"win_rate":0.0,"timestamp":1610415829,"path_taken":["M","?","?","M","?","R","E","R","T","M","M","M","?","M","R","BOSS","M","?","?","$","M","E","?","R","T","E","R","M","M"],"items_purchased_type":["Card"],"build_version":"2020-12-22","purchased_purges":1,"victory":false,"max_hp_per_floor":[72,72,72,72,72,72,72,72,72,72,72,72,77,77,77,77,77,77,77,77,77,77,82,82,82,82,82,82,82,82,82],"card_choices":[{"not_picked":["Body Slam","Headbutt"],"picked":"Carnage","floor":1.0},{"not_picked":["Carnage","Rampage","Flex"],"picked":"SKIP","floor":4.0},{"not_picked":["Headbutt","Perfected Strike","Clash"],"picked":"SKIP","floor":5.0},{"not_picked":["Reaper","Immolate"],"picked":"Infernal Blade","floor":7.0},{"not_picked":["True Grit","Power Through"],"picked":"Shrug It Off","floor":10.0},{"not_picked":["Twin Strike","Cleave","Thunderclap"],"picked":"SKIP","floor":11.0},{"not_picked":["Body Slam","Dark Embrace","Rage"],"picked":"SKIP","floor":12.0},{"not_picked":["Flame Barrier","Shockwave"],"picked":"Searing Blow","floor":14.0},{"not_picked":["Bludgeon","Demon Form"],"picked":"Fiend Fire","floor":16.0},{"not_picked":["Twin Strike","Blood for Blood+1","Anger"],"picked":"SKIP","floor":18.0},{"not_picked":["Thunderclap+1","Metallicize","Shockwave"],"picked":"SKIP","floor":22.0},{"not_picked":["Immolate","Body Slam+1"],"picked":"Thunderclap","floor":23.0},{"not_picked":["Metallicize","Thunderclap+1"],"picked":"Armaments+1","floor":24.0},{"not_picked":["Impervious+1","Twin Strike"],"picked":"Second Wind+1","floor":27.0},{"not_picked":["Clothesline","Combust"],"picked":"Iron Wave","floor":28.0},{"not_picked":["Perfected Strike","Headbutt","Searing Blow"],"picked":"SKIP","floor":29.0}],"player_experience":710918,"relics_obtained":[{"floor":7.0,"key":"Bottled Flame"},{"floor":9.0,"key":"Regal Pillow"},{"floor":23.0,"key":"PreservedInsect"},{"floor":23.0,"key":"Smiling Mask"},{"floor":26.0,"key":"StoneCalendar"},{"floor":27.0,"key":"Toxic Egg 2"},{"floor":27.0,"key":"Dream Catcher"}],"event_choices":[{"damage_healed":0.0,"max_hp_gain":0.0,"max_hp_loss":0.0,"gold_gain":0.0,"event_name":"Shining Light","player_choice":"Entered Light","floor":2.0,"gold_loss":0.0,"damage_taken":14.0,"cards_upgraded":["Defend_R","Strike_R"]},{"damage_healed":0.0,"max_hp_gain":0.0,"max_hp_loss":0.0,"gold_gain":0.0,"event_name":"Accursed Blacksmith","player_choice":"Forge","floor":3.0,"gold_loss":0.0,"damage_taken":0.0,"cards_upgraded":["Carnage"]},{"damage_healed":0.0,"max_hp_gain":5.0,"max_hp_loss":0.0,"gold_gain":0.0,"event_name":"Big Fish","player_choice":"Donut","floor":13.0,"gold_loss":0.0,"damage_taken":0.0},{"cards_removed":["Strike_R"],"damage_healed":0.0,"max_hp_gain":0.0,"max_hp_loss":0.0,"gold_gain":0.0,"event_name":"Beggar","player_choice":"Gave Gold","floor":19.0,"gold_loss":75.0,"damage_taken":0.0},{"damage_healed":0.0,"max_hp_gain":0.0,"max_hp_loss":0.0,"gold_gain":0.0,"cards_transformed":["Strike_R"],"event_name":"Transmorgrifier","player_choice":"Transformed","floor":20.0,"gold_loss":0.0,"damage_taken":0.0,"cards_obtained":["Immolate"]}],"is_beta":false,"boss_relics":[{"not_picked":["Fusion Hammer","Sozu"],"picked":"Black Star"}],"items_purged_floors":[21],"is_endless":false,"potions_floor_spawned":[4,7,10,16,22,24,27],"killed_by":"Shelled Parasite and Fungi","ascension_level":0}}