{"host":"njruw0b0uprlitpx","time":1610420455,"event":{"mods":["2.2 Compatiblity","Bartender","BaseMod","Better Altar","Better Match","Better Note","Better Sensory Stone","Better Skull","Better Third Choice","BetterRewards","Block Reminder","Colored Map","Colored Powertips","Energized Spire","Jedi Mod","Keyboard Shortcuts","Magitek Elite","Minty Spire (QoL Compilation)","Quick Restart","Rare Cards Sparkle","Relic Stats","Replay The Spire","SacredBarkPlus","Spicy Shops","StSLib","SuperFastMode","The Blackbeard","The Bug Knight","The Construct","The Dragon Tamer","The Mystic","The Necromancer","The Runesmith","Wandering Minibosses"],"gold_per_floor":[116,8,18,93,107,141,141,172,172,201,201,244,244,244,244,346,346,359,359,359,45,56,56,89,100,100,129,129,140,55,68,68,163,163,177,186,186,186,186],"floor_reached":40,"playtime":3194,"items_purged":["Defend_P","Defend_P","Overencumbered"],"score":1484,"play_id":"ce320621-7331-4cf1-a25c-661b709363f2","local_time":"20210111210055","is_ascension_mode":true,"campfire_choices":[{"data":"Eruption","floor":7.0,"key":"SMITH"},{"floor":11.0,"key":"REST"},{"data":"BattleHymn","floor":15.0,"key":"SMITH"},{"floor":23.0,"key":"REST"},{"floor":32,"key":"REST"}],"circlet_count":0,"master_deck":["AscendersBane","Strike_P","Strike_P","Strike_P","Defend_P","Eruption+1","Vigilance","TalkToTheHand","Conclude","ThirdEye","Halt","ClearTheMind","TalkToTheHand","Indignation","CutThroughFate","Study","BowlingBash","SignatureMove","FlyingSleeves","BattleHymn+1","FlurryOfBlows","blackbeard:Parrot+1","Crescendo","Protect","WheelKick","Replay:BluntJabs+1","Protect","Alpha","EmptyFist","Sanctity","Crescendo+1","SpiritShield","Conclude+1","Trip","FearNoEvil+1","CrushJoints"],"relics":["PureWater","Thread and Needle","ReplayTheSpireMod:TigerMarble","Replay:Purple Gloves","jedi:HeartOfTheCards","Mango","Quantum Egg","Replay:Bottled Snecko","Orichalcum","energizedSpire:BlackCloud","Lizard Tail","StoneCalendar","Dream Catcher","Nilry\u0027s Codex","Lantern","energizedSpire:NeverEndingSparkler","ReplayTheSpireMod:CursedCoin","jedi:ominousloannote","Replay:Arrowhead","Oddly Smooth Stone","jedi:crownofsimplicity"],"acts_visited":["Exordium","TheCity","TheBeyond"],"potions_floor_usage":[33,39],"damage_taken":[{"damage":0.0,"enemies":"Jaw Worm","floor":1.0,"turns":1.0},{"damage":0.0,"enemies":"2 Louse","floor":3.0,"turns":1.0},{"damage":0.0,"enemies":"Small Slimes","floor":5.0,"turns":1.0},{"damage":9.0,"enemies":"3 Sentries","floor":6.0,"turns":4.0},{"damage":0.0,"enemies":"Gremlin Nob","floor":8.0,"turns":2.0},{"damage":0.0,"enemies":"Lagavulin","floor":10.0,"turns":2.0},{"damage":0.0,"enemies":"Looter","floor":12.0,"turns":1.0},{"damage":39.0,"enemies":"Hexaghost","floor":16.0,"turns":5.0},{"damage":0.0,"enemies":"Spheric Guardian","floor":18.0,"turns":2.0},{"damage":18.0,"enemies":"Shell Parasite","floor":22.0,"turns":2.0},{"damage":53,"enemies":"Slavers","floor":24,"turns":3},{"damage":0,"enemies":"Sentry and Sphere","floor":25,"turns":3},{"damage":0,"enemies":"Gremlin Leader","floor":27,"turns":2},{"damage":1,"enemies":"Centurion and Healer","floor":29,"turns":3},{"damage":0,"enemies":"Snecko","floor":31,"turns":2},{"damage":19,"enemies":"Automaton","floor":33,"turns":6},{"damage":0,"enemies":"3 Shapes","floor":35,"turns":3},{"damage":36,"enemies":"Time Eater","floor":39,"turns":7}],"seed_played":"7458703521729115931","potions_obtained":[{"floor":1.0,"key":"StancePotion"},{"floor":3.0,"key":"Explosive Potion"},{"floor":8.0,"key":"Fire Potion"},{"floor":18.0,"key":"ColorlessPotion"},{"floor":24,"key":"GamblersBrew"},{"floor":25,"key":"SpeedPotion"},{"floor":37,"key":"Flashbang"}],"is_trial":false,"path_per_floor":["M","$","M","?","M","E","R","E","T","E","R","M","?","?","R","B",null,"M","?","?","$","M","R","E","M","T","E","?","M","?","M","R","B",null,"M","$","?","?","B",null],"character_chosen":"WATCHER","items_purchased":["TalkToTheHand","Conclude","ReplayTheSpireMod:TigerMarble","Replay:Purple Gloves","jedi:HeartOfTheCards","ThirdEye","Halt","TalkToTheHand","Indignation","Crescendo","Protect","WheelKick","Swift Potion","ReplayTheSpireMod:CursedCoin","jedi:ominousloannote","Replay:Arrowhead","Oddly Smooth Stone","DistilledChaos","Trip"],"campfire_rested":3,"item_purchase_floors":[0,0,0,0,0,0,0,2,2,21,21,21,21,36,36,36,36,36,36],"current_hp_per_floor":[65,65,65,54,54,59,59,59,59,59,84,84,89,82,82,43,79,79,79,79,79,61,88,35,35,35,35,19,18,18,18,45,26,75,75,75,75,75,39],"gold":186,"neow_bonus":"","is_daily":false,"chose_seed":false,"campfire_upgraded":2,"win_rate":0.0,"timestamp":1610420455,"path_taken":["M","$","M","?","M","E","R","E","T","E","R","M","?","?","R","BOSS","M","?","?","$","?","R","E","M","T","E","?","M","?","?","R","BOSS","M","$","?","?","BOSS"],"items_purchased_type":["Card","Card","Relic","Relic","Relic","Card","Card","Card","Card","Card","Card","Card","Potion","Relic","Relic","Relic","Relic","Potion","Card"],"build_version":"2020-12-22","purchased_purges":3,"victory":true,"max_hp_per_floor":[72,72,72,72,72,86,86,86,86,86,86,86,91,91,91,91,91,91,91,91,91,91,91,91,91,91,91,91,91,91,91,91,91,91,91,91,91,91,91],"relic_stats":{"Lizard Tail":0,"Dream Catcher":1,"counters":[42,126],"StoneCalendar":[0],"Orichalcum":[66],"obtain_stats":[{"Ice Cream":31,"Lantern":40,"Calipers":29,"Torii":9,"Nilry\u0027s Codex":28,"CeramicFish":23,"Replay:Purple Gloves":0,"Mango":6,"StoneCalendar":26,"energizedSpire:BlackCloud":17,"Lizard Tail":24,"Dream Catcher":27,"HornCleat":2,"jedi:paperlyon":17,"Pantograph":6,"Philosopher\u0027s Stone":40,"Replay:Bottled Snecko":9,"NeowsBlessing":0,"Replay:Towering Pillar of Hats":13,"ReplayTheSpireMod:CursedCoin":36,"Quantum Egg":8,"jedi:purplefairy":48,"Oddly Smooth Stone":36,"Thread and Needle":0,"The Courier":43,"jedi:crownofsimplicity":10,"Orichalcum":10,"energizedSpire:DeadBattery":34,"jedi:HeartOfTheCards":0,"Replay:Arrowhead":36,"energizedSpire:NeverEndingSparkler":34,"jedi:ominousloannote":36,"ReplayTheSpireMod:TigerMarble":0,"PureWater":0,"Meat on the Bone":26},{"Ice Cream":15,"Lantern":18,"Calipers":15,"Torii":5,"Nilry\u0027s Codex":37,"CeramicFish":13,"Replay:Purple Gloves":24,"Mango":28,"StoneCalendar":36,"energizedSpire:BlackCloud":32,"Lizard Tail":35,"Dream Catcher":37,"HornCleat":1,"jedi:paperlyon":9,"Pantograph":4,"Philosopher\u0027s Stone":18,"Replay:Bottled Snecko":29,"NeowsBlessing":0,"Replay:Towering Pillar of Hats":7,"ReplayTheSpireMod:CursedCoin":41,"Quantum Egg":29,"jedi:purplefairy":23,"Oddly Smooth Stone":41,"Thread and Needle":24,"The Courier":20,"jedi:crownofsimplicity":5,"Orichalcum":30,"energizedSpire:DeadBattery":16,"jedi:HeartOfTheCards":24,"Replay:Arrowhead":41,"energizedSpire:NeverEndingSparkler":40,"jedi:ominousloannote":41,"ReplayTheSpireMod:TigerMarble":24,"PureWater":0,"Meat on the Bone":14},{"Ice Cream":46,"Lantern":57,"Calipers":46,"Torii":9,"Nilry\u0027s Codex":105,"CeramicFish":41,"Replay:Purple Gloves":76,"Mango":83,"StoneCalendar":103,"energizedSpire:BlackCloud":93,"Lizard Tail":100,"Dream Catcher":105,"HornCleat":1,"jedi:paperlyon":24,"Pantograph":6,"Philosopher\u0027s Stone":53,"Replay:Bottled Snecko":85,"NeowsBlessing":0,"Replay:Towering Pillar of Hats":15,"ReplayTheSpireMod:CursedCoin":119,"Quantum Egg":85,"jedi:purplefairy":69,"Oddly Smooth Stone":119,"Thread and Needle":76,"The Courier":61,"jedi:crownofsimplicity":9,"Orichalcum":87,"energizedSpire:DeadBattery":50,"jedi:HeartOfTheCards":76,"Replay:Arrowhead":119,"energizedSpire:NeverEndingSparkler":116,"jedi:ominousloannote":119,"ReplayTheSpireMod:TigerMarble":76,"PureWater":0,"Meat on the Bone":44}]},"card_choices":[{"not_picked":["Replay:ManipulateFuture","CutThroughFate"],"picked":"ClearTheMind","floor":1.0},{"not_picked":["Worship","Replay:DivineShield"],"picked":"CutThroughFate","floor":3.0},{"not_picked":["SashWhip","Replay:AtTheReady"],"picked":"Study","floor":5.0},{"not_picked":["CutThroughFate","Replay:Battleflow"],"picked":"BowlingBash","floor":6.0},{"not_picked":["Replay:AllIn","MentalFortress"],"picked":"SignatureMove","floor":8.0},{"not_picked":["ClearTheMind","Replay:ManipulateFuture"],"picked":"FlyingSleeves","floor":10.0},{"not_picked":["FlurryOfBlows","Replay:ManipulateFuture"],"picked":"BattleHymn","floor":12.0},{"not_picked":["CrushJoints","FollowUp"],"picked":"FlurryOfBlows","floor":18.0},{"not_picked":["Perseverance","EmptyBody"],"picked":"Replay:BluntJabs+1","floor":22.0},{"not_picked":["Crescendo","Replay:AtTheReady"],"picked":"Protect","floor":24},{"not_picked":["Wireheading","WheelKick","BowlingBash"],"picked":"SKIP","floor":25},{"not_picked":["CrushJoints","Worship"],"picked":"Alpha","floor":27},{"not_picked":["PathToVictory","ThirdEye"],"picked":"EmptyFist","floor":29},{"not_picked":["Evaluate","Protect"],"picked":"Sanctity","floor":31},{"not_picked":["Worship","Sanctity"],"picked":"Crescendo+1","floor":32},{"not_picked":["ConjureBlade","LessonLearned"],"picked":"SpiritShield","floor":33},{"not_picked":["Consecrate+1","ThirdEye"],"picked":"Conclude+1","floor":35},{"not_picked":["Evaluate+1","Replay:AtTheReady+1"],"picked":"FearNoEvil+1","floor":37},{"not_picked":["Crescendo","PathToVictory"],"picked":"CrushJoints","floor":37}],"player_experience":1739756,"relics_obtained":[{"floor":6.0,"key":"Mango"},{"floor":8.0,"key":"Quantum Egg"},{"floor":9.0,"key":"Replay:Bottled Snecko"},{"floor":10.0,"key":"Orichalcum"},{"floor":24,"key":"Lizard Tail"},{"floor":26,"key":"StoneCalendar"},{"floor":27,"key":"Dream Catcher"},{"floor":28,"key":"Nilry\u0027s Codex"},{"floor":37,"key":"jedi:crownofsimplicity"}],"event_choices":[{"damage_healed":0.0,"max_hp_gain":0.0,"max_hp_loss":0.0,"gold_gain":75.0,"event_name":"betterThird:BetterGoop","player_choice":"Gold","floor":4.0,"gold_loss":0.0,"damage_taken":11.0},{"damage_healed":0.0,"max_hp_gain":5.0,"max_hp_loss":0.0,"gold_gain":0.0,"event_name":"Big Fish","player_choice":"Donut","floor":13.0,"gold_loss":0.0,"damage_taken":0.0},{"cards_removed":["Strike_P"],"damage_healed":0.0,"max_hp_gain":0.0,"max_hp_loss":0.0,"gold_gain":0.0,"event_name":"Golden Wing","player_choice":"Card Removal","floor":14.0,"gold_loss":0.0,"damage_taken":7.0},{"cards_removed":["Defend_P"],"damage_healed":0.0,"max_hp_gain":0.0,"max_hp_loss":0.0,"gold_gain":0.0,"event_name":"Purifier","player_choice":"Purged","floor":19.0,"gold_loss":0.0,"damage_taken":0.0},{"cards_removed":["Eruption"],"damage_healed":0.0,"max_hp_gain":0.0,"max_hp_loss":0.0,"gold_gain":0.0,"event_name":"betterNote:BetterNote","player_choice":"Take \u0026 Give","floor":20.0,"gold_loss":0.0,"damage_taken":0.0,"cards_obtained":["blackbeard:Parrot"]},{"damage_healed":0,"gold_gain":0,"player_choice":"Obtained Book","damage_taken":16,"max_hp_gain":0,"max_hp_loss":0,"event_name":"Cursed Tome","floor":28,"gold_loss":0},{"damage_healed":0,"gold_gain":0,"player_choice":"Obtained Relic","damage_taken":0,"relics_obtained":["Lantern"],"max_hp_gain":0,"max_hp_loss":0,"event_name":"Addict","floor":30,"gold_loss":85},{"damage_healed":0,"gold_gain":0,"player_choice":"Portal","damage_taken":0,"max_hp_gain":0,"max_hp_loss":0,"event_name":"betterThird:BetterPortal","floor":38,"gold_loss":0}],"is_beta":false,"boss_relics":[{"not_picked":["Runic Dome","Astrolabe"],"picked":"energizedSpire:BlackCloud"},{"not_picked":["Kintsugi","energizedSpire:EnergizedDie"],"picked":"energizedSpire:NeverEndingSparkler"}],"items_purged_floors":[0,21,36],"is_endless":false,"potions_floor_spawned":[1,3,8,18,24,25,29],"ascension_level":12}}