{"host":"xh3brefae6wm9kl8","time":1610451255,"event":{"mods":["AchievementEnabler","BaseMod","GifTheSpireLib","Keyboard Shortcuts","Minty Spire (QoL Compilation)","Permanent Neow","Relic Stats","StSLib","SuperFastMode"],"gold_per_floor":[110,128,142,156,156,156,173,173,198,248,248,248],"floor_reached":11,"playtime":247,"items_purged":[],"score":114,"play_id":"78cbbc79-a920-46ed-813d-1af5f3881eb2","local_time":"20210112203415","is_ascension_mode":true,"campfire_choices":[{"data":"Defragment","floor":6.0,"key":"SMITH"}],"circlet_count":0,"master_deck":["AscendersBane","Strike_B","Strike_B","Strike_B","Defend_B","Defend_B","Defend_B","Defend_B","Zap+1","Dualcast","Conserve Battery","Defragment+1","Melter","Melter","Echo Form"],"relics":["Cracked Core","Bag of Marbles"],"acts_visited":["Exordium"],"potions_floor_usage":[11],"damage_taken":[{"damage":0.0,"enemies":"2 Louse","floor":1.0,"turns":1.0},{"damage":0.0,"enemies":"Cultist","floor":2.0,"turns":3.0},{"damage":7.0,"enemies":"Jaw Worm","floor":3.0,"turns":3.0},{"damage":12.0,"enemies":"Looter","floor":4.0,"turns":4.0},{"damage":33.0,"enemies":"Exordium Thugs","floor":7.0,"turns":5.0},{"damage":15,"enemies":"3 Sentries","floor":11,"turns":2}],"seed_played":"-5460581004137286626","potions_obtained":[{"floor":4.0,"key":"SteroidPotion"}],"is_trial":false,"path_per_floor":["M","M","M","M","?","R","M","?","T","?","E"],"character_chosen":"DEFECT","items_purchased":[],"campfire_rested":0,"item_purchase_floors":[],"current_hp_per_floor":[64,64,57,45,45,45,12,12,12,12,0,0],"gold":248,"neow_bonus":"UPGRADE_CARD","is_daily":false,"chose_seed":false,"campfire_upgraded":1,"win_rate":0.0,"timestamp":1610451255,"path_taken":["M","M","M","M","?","R","?","?","T","?","E"],"items_purchased_type":[],"build_version":"2020-12-22","purchased_purges":0,"victory":false,"max_hp_per_floor":[71,71,71,71,71,71,71,71,71,71,71,71],"relic_stats":{"counters":[6,18],"obtain_stats":[{"Bag of Marbles":9,"Cracked Core":0},{"Bag of Marbles":5,"Cracked Core":0},{"Bag of Marbles":16,"Cracked Core":0}]},"card_choices":[{"not_picked":["Hologram","Doom and Gloom"],"picked":"Conserve Battery","floor":1.0},{"not_picked":["Turbo","Hologram","Scrape"],"picked":"SKIP","floor":2.0},{"not_picked":["Sweeping Beam","Steam"],"picked":"Defragment","floor":3.0},{"not_picked":["Barrage","Beam Cell"],"picked":"Melter","floor":4.0},{"not_picked":["Rebound","Redo"],"picked":"Echo Form","floor":7.0}],"player_experience":374705,"relics_obtained":[{"floor":9.0,"key":"Bag of Marbles"}],"event_choices":[{"damage_healed":0.0,"max_hp_gain":0.0,"max_hp_loss":0.0,"gold_gain":0.0,"event_name":"Match and Keep!","player_choice":"1 cards matched","floor":5.0,"gold_loss":0.0,"damage_taken":0.0,"cards_obtained":["Melter"]},{"cards_removed":["Strike_B"],"damage_healed":0.0,"max_hp_gain":0.0,"max_hp_loss":0.0,"gold_gain":0.0,"event_name":"Living Wall","player_choice":"Forget","floor":8.0,"gold_loss":0.0,"damage_taken":0.0},{"damage_healed":0.0,"max_hp_gain":0.0,"max_hp_loss":0.0,"gold_gain":50.0,"event_name":"Golden Shrine","player_choice":"Pray","floor":10.0,"gold_loss":0.0,"damage_taken":0.0}],"is_beta":false,"boss_relics":[],"items_purged_floors":[],"is_endless":false,"potions_floor_spawned":[4],"killed_by":"3 Sentries","ascension_level":15}}