{"host":"6he3f0ic6yesrium","time":1610423953,"event":{"mods":["BaseMod","Better Altar","Better Match","Better Note","Better Sensory Stone","Better Skull","Better Third Choice","Colored Map","Conspire","Hubris","Marisa????????","Minty Spire (QoL Compilation)","Replay The Spire","Shade Mod","StSLib","The Alterego","The Mystic","The Necromancer","The Runesmith"],"gold_per_floor":[119,129,143,143,318,318,71,86,86,11,77,9,22,36,36,140,140,156,169,169,21,36,67,67,98,98,98,98,117,117,221,221,236,236,259,111,111,111,137,137,137],"floor_reached":42,"playtime":1824,"items_purged":["Doubt","Runesmith:Defend_RS"],"score":552,"play_id":"36aded59-8427-46bf-8c55-1a120b490b5e","local_time":"20210111225913","is_ascension_mode":false,"campfire_choices":[{"data":"Runesmith:CraftMagma","floor":6.0,"key":"SMITH"},{"floor":15.0,"key":"REST"},{"floor":24.0,"key":"REST"},{"floor":29.0,"key":"REST"},{"floor":32.0,"key":"REST"},{"data":"Runesmith:FissionHammer","floor":40.0,"key":"SMITH"}],"circlet_count":0,"master_deck":["Runesmith:Strike_RS","Runesmith:Strike_RS","Runesmith:Strike_RS","Runesmith:Strike_RS+1","Runesmith:Defend_RS","Runesmith:Defend_RS","Runesmith:Defend_RS+1","Runesmith:CraftFirestone+1","Runesmith:Fortify","Runesmith:CraftMagma+1","Runesmith:CraftMagma","Runesmith:ChaoticBlast","Runesmith:FissionHammer+1","Runesmith:LithiumIon","Runesmith:EarthShield","Runesmith:ArcReactor","CommonCold","Clumsy","Writhe","Runesmith:LithiumIon","Runesmith:CraftProtectio+1","Runesmith:Superposition","Runesmith:Defend_RS","Runesmith:ArcReactor","CurseOfTheBell","Runesmith:OneForEveryone+1","Delirium","Runesmith:ArcReactor","Writhe","Runesmith:Empowerment+1"],"relics":["Runesmith:BrokenRuby","Mirror","hubris:PeanutButter","Anchor","Kunai","Du-Vu Doll","Nloth\u0027s Gift","MealTicket","Bag of Marbles","hubris:Teleporter","Calling Bell","Blood Vial","Blue Candle","conspire:InfiniteJournal","Ring of Fangs","Strawberry","DollysMirror","Replay:Ringing Soul"],"acts_visited":["Exordium","TheCity","TheBeyond"],"potions_floor_usage":[],"damage_taken":[{"damage":0.0,"enemies":"Cultist","floor":1.0,"turns":3.0},{"damage":0.0,"enemies":"Small Slimes","floor":2.0,"turns":4.0},{"damage":0.0,"enemies":"Jaw Worm","floor":3.0,"turns":4.0},{"damage":1.0,"enemies":"Blue Slaver","floor":8.0,"turns":3.0},{"damage":14.0,"enemies":"Large Slime","floor":13.0,"turns":4.0},{"damage":0.0,"enemies":"Looter","floor":14.0,"turns":2.0},{"damage":14.0,"enemies":"The Guardian","floor":16.0,"turns":7.0},{"damage":0.0,"enemies":"Chosen","floor":18.0,"turns":5.0},{"damage":10.0,"enemies":"conspire:FuzzyDice","floor":19.0,"turns":4.0},{"damage":17.0,"enemies":"Sentry and Sphere","floor":22.0,"turns":5.0},{"damage":20.0,"enemies":"Slavers","floor":23.0,"turns":4.0},{"damage":18.0,"enemies":"Replay:Snechameleon","floor":25.0,"turns":6.0},{"damage":2.0,"enemies":"conspire:HollyBat","floor":31.0,"turns":7.0},{"damage":47.0,"enemies":"Collector","floor":33.0,"turns":13.0},{"damage":1.0,"enemies":"3 Shapes","floor":35.0,"turns":8.0},{"damage":39.0,"enemies":"Giant Head","floor":41.0,"turns":10.0},{"damage":45,"enemies":"3 Darklings","floor":42,"turns":3}],"seed_played":"8576798002028764667","potions_obtained":[{"floor":3.0,"key":"Milkshake"},{"floor":8.0,"key":"SkillPotion"},{"floor":14.0,"key":"Venom Potion"},{"floor":16.0,"key":"Venom Potion"},{"floor":19.0,"key":"LiquidMemories"},{"floor":33.0,"key":"Toxic Potion"}],"is_trial":false,"path_per_floor":["M","M","M","?","?","R","$","M","T","$","?","$","M","M","R","B",null,"M","M","?","$","M","E","R","E","T","?","R","M","R","B",null,"M","?","T","$","?","R","E","M"],"character_chosen":"RUNESMITH_CLASS","items_purchased":["Mirror","Runesmith:LithiumIon","Swift Potion","DollysMirror"],"campfire_rested":4,"item_purchase_floors":[7,12,21,38],"current_hp_per_floor":[70,70,70,56,56,56,56,55,55,55,55,55,41,41,62,48,70,70,60,60,60,43,23,44,26,26,26,47,45,66,19,70,69,69,76,77,77,77,41,0,0],"gold":137,"neow_bonus":"UPGRADE_CARD","is_daily":false,"chose_seed":false,"campfire_upgraded":2,"win_rate":0.0,"timestamp":1610423953,"path_taken":["M","M","M","?","?","R","$","M","T","$","?","?","M","M","R","BOSS","M","M","?","$","M","E","R","E","T","?","R","?","R","BOSS","M","?","?","$","?","R","E","M"],"items_purchased_type":["Relic","Card","Potion","Relic"],"build_version":"2020-12-22","purchased_purges":2,"victory":false,"max_hp_per_floor":[70,70,70,70,70,70,70,70,70,70,70,70,70,70,70,70,70,70,70,70,70,70,70,70,70,70,70,70,70,70,70,70,70,70,77,77,77,77,80,80,80],"card_choices":[{"not_picked":["Runesmith:ElementalConversion","Runesmith:RuneHurl"],"picked":"Runesmith:CraftMagma","floor":1.0},{"not_picked":["Runesmith:Accelerate","Runesmith:Grindstone"],"picked":"Runesmith:CraftMagma","floor":2.0},{"not_picked":["Runesmith:ChiselStab","Runesmith:ShiftingStrike"],"picked":"Runesmith:ChaoticBlast","floor":3.0},{"not_picked":["Runesmith:Grindstone","Runesmith:Firewall"],"picked":"Runesmith:FissionHammer","floor":8.0},{"not_picked":["Runesmith:Repurpose","Runesmith:HeatedChisel","Runesmith:BackupBattery"],"picked":"SKIP","floor":13.0},{"not_picked":["Runesmith:NanitesCloud","Runesmith:ChaoticBlast"],"picked":"Runesmith:EarthShield","floor":14.0},{"not_picked":["Runesmith:CraftPrismatica","Runesmith:CraftMedicinae"],"picked":"Runesmith:ArcReactor","floor":16.0},{"not_picked":["Replay:Sluggish","ReplayTheSpireMod:Faulty Equipment"],"picked":"CommonCold","floor":17.0},{"not_picked":["Languid","Normality"],"picked":"Clumsy","floor":17.0},{"not_picked":["hubris:Sloth","Injury"],"picked":"Writhe","floor":17.0},{"not_picked":["Runesmith:StaticCage","Runesmith:ChiselStab"],"picked":"Runesmith:LithiumIon","floor":18.0},{"not_picked":["Runesmith:Permafrost","Runesmith:CraftReservo+1","Runesmith:UnstableHammer+1"],"picked":"SKIP","floor":19.0},{"not_picked":["Runesmith:FrozenChisel","Runesmith:HammerAndChisel+1"],"picked":"Runesmith:CraftProtectio+1","floor":22.0},{"not_picked":["Runesmith:HammerAndChisel","Runesmith:LightningRod"],"picked":"Runesmith:Superposition","floor":23.0},{"not_picked":["Runesmith:StaticCage+1","Runesmith:Prism","Runesmith:UnlimitedPower"],"picked":"SKIP","floor":25.0},{"not_picked":["Runesmith:HammerAndChisel+1","Runesmith:Discharge","Runesmith:HeatedChisel"],"picked":"SKIP","floor":31.0},{"not_picked":["Runesmith:LastStand","Runesmith:MetallurgicalResearch"],"picked":"Runesmith:ArcReactor","floor":33.0},{"not_picked":["Runesmith:StaticCage","Runesmith:HammerAndChisel"],"picked":"Runesmith:OneForEveryone+1","floor":35.0},{"not_picked":["Runesmith:Superposition+1","Runesmith:CraftMedicinae"],"picked":"Runesmith:Empowerment+1","floor":41.0}],"player_experience":300024,"relics_obtained":[{"floor":9.0,"key":"hubris:PeanutButter"},{"floor":23.0,"key":"MealTicket"},{"floor":25.0,"key":"Bag of Marbles"},{"floor":26.0,"key":"hubris:Teleporter"},{"floor":34.0,"key":"Blood Vial"},{"floor":34.0,"key":"Blue Candle"},{"floor":34.0,"key":"conspire:InfiniteJournal"},{"floor":36.0,"key":"Ring of Fangs"},{"floor":37.0,"key":"Strawberry"},{"floor":41.0,"key":"Replay:Ringing Soul"}],"event_choices":[{"damage_healed":70.0,"max_hp_gain":0.0,"max_hp_loss":70.0,"gold_gain":0.0,"event_name":"betterThird:BetterShining","player_choice":"Upgrade","floor":4.0,"gold_loss":0.0,"damage_taken":14.0,"cards_upgraded":["Runesmith:Strike_RS","Runesmith:Defend_RS"]},{"damage_healed":0.0,"max_hp_gain":0.0,"max_hp_loss":0.0,"gold_gain":175.0,"event_name":"betterThird:BetterSerpent","player_choice":"AGREE","floor":5.0,"gold_loss":0.0,"damage_taken":143.0},{"damage_healed":0.0,"max_hp_gain":0.0,"max_hp_loss":0.0,"gold_gain":66.0,"event_name":"Golden Wing","player_choice":"Gained Gold","floor":11.0,"gold_loss":0.0,"damage_taken":0.0},{"damage_healed":0.0,"max_hp_gain":0.0,"max_hp_loss":0.0,"gold_gain":0.0,"event_name":"N\u0027loth","player_choice":"Traded Relic","floor":20.0,"relics_lost":["Replay:Ancient Bell"],"gold_loss":0.0,"damage_taken":0.0,"relics_obtained":["Nloth\u0027s Gift"]},{"damage_healed":0.0,"max_hp_gain":0.0,"max_hp_loss":0.0,"gold_gain":0.0,"event_name":"betterNote:BetterNote","player_choice":"Take","floor":28.0,"gold_loss":0.0,"damage_taken":0.0,"cards_obtained":["Runesmith:Defend_RS"]},{"damage_healed":19.0,"max_hp_gain":0.0,"max_hp_loss":0.0,"gold_gain":0.0,"event_name":"Winding Halls","player_choice":"Writhe","floor":39.0,"gold_loss":0.0,"damage_taken":0.0,"cards_obtained":["Writhe"]}],"is_beta":false,"boss_relics":[{"not_picked":["Ectoplasm","Honey Jar"],"picked":"Replay:Ancient Bell"},{"not_picked":["Replay:Baseball","Tiny Chest"],"picked":"Anchor"},{"not_picked":["conspire:Flyswatter","conspire:DecoderRing"],"picked":"Kunai"},{"not_picked":["StoneCalendar","Counterbalance"],"picked":"Du-Vu Doll"},{"not_picked":["Coffee Dripper","ReplayTheSpireMod:DimensionalGlitch"],"picked":"Calling Bell"}],"items_purged_floors":[10,21],"is_endless":false,"potions_floor_spawned":[3,8,14,16,19,22,33],"killed_by":"3 Darklings","ascension_level":0}}