{"host":"7l2t4psy44vpcd9q","time":1610433127,"event":{"mods":["AchievementEnabler","BaseMod","DeckTracker","Minty Spire (QoL Compilation)","SuperFastMode"],"gold_per_floor":[15,30,43,43,43,43,43,55,55,55,70,97,97,127,127,202,202,218,218,218,229,69,69,84,109,162,162,162,1,1,18,18,18,18],"floor_reached":33,"playtime":1167,"items_purged":["Strike_R"],"score":571,"play_id":"65fd4cb2-a1a5-45a0-b2e9-d7737607fa26","local_time":"20210112153207","is_ascension_mode":true,"campfire_choices":[{"floor":6.0,"key":"REST"},{"data":"Armaments","floor":10.0,"key":"SMITH"},{"floor":13.0,"key":"REST"},{"data":"Carnage","floor":15.0,"key":"SMITH"},{"floor":23.0,"key":"REST"},{"floor":28.0,"key":"REST"},{"floor":30.0,"key":"REST"},{"floor":32.0,"key":"REST"}],"circlet_count":0,"master_deck":["AscendersBane","Strike_R","Strike_R","Strike_R","Strike_R","Defend_R","Defend_R","Defend_R","Defend_R","Bash+1","Clothesline","Metallicize","Ghostly Armor+1","Armaments+1","Carnage+1","Inflame","Wild Strike","Reaper","Bloodletting","RitualDagger","Decay","Inflame","Armaments+1","Dual Wield","J.A.X.","Pummel"],"relics":["Burning Blood","Matryoshka","Shuriken","Ornamental Fan","Akabeko","Red Skull","Fusion Hammer","Omamori","Bag of Marbles","Strawberry","Bag of Preparation"],"acts_visited":["Exordium","TheCity"],"potions_floor_usage":[],"damage_taken":[{"damage":20.0,"enemies":"Small Slimes","floor":1.0,"turns":3.0},{"damage":6.0,"enemies":"Jaw Worm","floor":2.0,"turns":4.0},{"damage":8.0,"enemies":"Cultist","floor":3.0,"turns":4.0},{"damage":9.0,"enemies":"Looter","floor":8.0,"turns":4.0},{"damage":4.0,"enemies":"Blue Slaver","floor":11.0,"turns":5.0},{"damage":26.0,"enemies":"Gremlin Nob","floor":12.0,"turns":4.0},{"damage":18.0,"enemies":"3 Sentries","floor":14.0,"turns":12.0},{"damage":42.0,"enemies":"Slime Boss","floor":16.0,"turns":8.0},{"damage":16.0,"enemies":"Spheric Guardian","floor":18.0,"turns":4.0},{"damage":17.0,"enemies":"Chosen","floor":21.0,"turns":5.0},{"damage":30.0,"enemies":"Centurion and Healer","floor":24.0,"turns":5.0},{"damage":50.0,"enemies":"Gremlin Leader","floor":25.0,"turns":8.0},{"damage":0.0,"enemies":"Snecko","floor":31.0,"turns":2.0},{"damage":96,"enemies":"Collector","floor":33,"turns":6}],"seed_played":"4847313117995522780","potions_obtained":[{"floor":2.0,"key":"PowerPotion"},{"floor":8.0,"key":"Swift Potion"},{"floor":14.0,"key":"Ancient Potion"},{"floor":18.0,"key":"Explosive Potion"}],"is_trial":false,"path_per_floor":["M","M","M","?","?","R","$","M","T","R","M","E","R","E","R","B",null,"M","?","?","M","$","R","M","E","T","?","R","$","R","M","R","B"],"character_chosen":"IRONCLAD","items_purchased":["Inflame","Bag of Preparation"],"campfire_rested":6,"item_purchase_floors":[22,29],"current_hp_per_floor":[68,68,66,55,28,54,54,51,51,51,53,33,59,47,47,11,70,65,59,59,57,57,83,65,39,46,46,74,74,96,96,96,0,0],"gold":18,"neow_bonus":"TWENTY_PERCENT_HP_BONUS","is_daily":false,"chose_seed":false,"campfire_upgraded":2,"win_rate":0.0,"timestamp":1610433127,"path_taken":["M","M","M","?","?","R","?","M","T","R","M","E","R","E","R","BOSS","M","?","?","M","?","R","M","E","T","?","R","$","R","M","R","BOSS"],"items_purchased_type":["Card","Relic"],"build_version":"2020-12-22","purchased_purges":1,"victory":false,"max_hp_per_floor":[89,89,89,89,89,89,89,89,89,89,89,89,89,89,89,89,89,89,89,89,89,89,89,89,89,96,96,96,96,96,96,96,96,96],"card_choices":[{"not_picked":["Evolve","Anger"],"picked":"Clothesline","floor":1.0},{"not_picked":["Body Slam","Anger"],"picked":"Metallicize","floor":2.0},{"not_picked":["Clothesline","Dark Embrace"],"picked":"Ghostly Armor","floor":3.0},{"not_picked":["Cleave","Anger"],"picked":"Armaments","floor":8.0},{"not_picked":["True Grit","Headbutt"],"picked":"Carnage","floor":11.0},{"not_picked":["Thunderclap","Corruption"],"picked":"Inflame","floor":12.0},{"not_picked":["Clothesline","Shockwave"],"picked":"Wild Strike","floor":14.0},{"not_picked":["Barricade","Impervious"],"picked":"Reaper","floor":16.0},{"not_picked":["Pommel Strike","Sentinel"],"picked":"Bloodletting","floor":18.0},{"not_picked":["Warcry","Heavy Blade","Rampage"],"picked":"SKIP","floor":21.0},{"not_picked":["Cleave","Anger"],"picked":"Armaments+1","floor":24.0},{"not_picked":["Second Wind","Berserk"],"picked":"Dual Wield","floor":25.0},{"not_picked":["Pommel Strike","Twin Strike"],"picked":"Pummel","floor":31.0}],"player_experience":1208469,"relics_obtained":[{"floor":9.0,"key":"Shuriken"},{"floor":9.0,"key":"Ornamental Fan"},{"floor":12.0,"key":"Akabeko"},{"floor":14.0,"key":"Red Skull"},{"floor":25.0,"key":"Omamori"},{"floor":26.0,"key":"Bag of Marbles"},{"floor":26.0,"key":"Strawberry"}],"event_choices":[{"damage_healed":0.0,"max_hp_gain":0.0,"max_hp_loss":0.0,"gold_gain":0.0,"event_name":"Scrap Ooze","player_choice":"Success","floor":4.0,"gold_loss":0.0,"damage_taken":11.0,"relics_obtained":["Matryoshka"]},{"damage_healed":0.0,"max_hp_gain":0.0,"max_hp_loss":0.0,"gold_gain":0.0,"event_name":"Shining Light","player_choice":"Entered Light","floor":5.0,"gold_loss":0.0,"damage_taken":27.0,"cards_upgraded":["Ghostly Armor","Bash"]},{"damage_healed":0.0,"max_hp_gain":0.0,"max_hp_loss":0.0,"gold_gain":0.0,"event_name":"Nest","player_choice":"Joined the Cult","floor":19.0,"gold_loss":0.0,"damage_taken":6.0,"cards_obtained":["RitualDagger"]},{"damage_healed":0.0,"max_hp_gain":0.0,"max_hp_loss":0.0,"gold_gain":0.0,"event_name":"Forgotten Altar","player_choice":"Smashed Altar","floor":20.0,"gold_loss":0.0,"damage_taken":0.0,"cards_obtained":["Decay"]},{"damage_healed":0.0,"max_hp_gain":0.0,"max_hp_loss":0.0,"gold_gain":0.0,"event_name":"Drug Dealer","player_choice":"Obtain J.A.X.","floor":27.0,"gold_loss":0.0,"damage_taken":0.0,"cards_obtained":["J.A.X."]}],"is_beta":false,"boss_relics":[{"not_picked":["Runic Dome","Calling Bell"],"picked":"Fusion Hammer"}],"items_purged_floors":[22],"is_endless":false,"potions_floor_spawned":[2,8,14,18],"killed_by":"Collector","ascension_level":20}}