{"host":"TheHustler","time":1610459624,"event":{"mods":["BaseMod","Block Reminder","Colored Map","Colored Powertips","Minty Spire (QoL Compilation)","Quick Restart","StSLib","SuperFastMode","Unceasing Turn Reminder"],"gold_per_floor":[20,37,37,312,326,326,58,72,72,7,39,39,55,20,20,123,123,139,154,69,168,185,185,185,219,219,1,1,1,17,29,29,134,134,149,164,164,181,181,181,181,211,211,211,225,130,144,162,162,162],"floor_reached":51,"playtime":1265,"items_purged":["Regret","Defend_G","Defend_G"],"score":822,"play_id":"00e40b43-21dd-4abc-ba68-3a0e9ddbf418","local_time":"20210112145344","is_ascension_mode":false,"campfire_choices":[{"data":"Riddle With Holes","floor":6,"key":"SMITH"},{"data":"Strike_G","floor":12,"key":"PURGE"},{"floor":15,"key":"REST"},{"data":"Defend_G","floor":23,"key":"PURGE"},{"floor":29,"key":"REST"},{"data":"Strike_G","floor":32,"key":"PURGE"},{"data":"Defend_G","floor":40,"key":"PURGE"},{"data":"Tactician","floor":44,"key":"SMITH"},{"data":"Prepared","floor":49,"key":"SMITH"}],"circlet_count":0,"master_deck":["Strike_G+1","Strike_G+1","Survivor","Neutralize","Riddle With Holes+1","Deflect","Footwork","Footwork","All Out Attack","Poisoned Stab","Quick Slash","Backflip","Blur","After Image+1","Infinite Blades+1","Slice","Blur","Footwork+1","PiercingWail+1","A Thousand Cuts+1","Blur+1","Blur","Tactician+1","Corpse Explosion","Crippling Poison+1","Madness","Madness","Footwork+1","Adrenaline","Slice","Prepared+1"],"relics":["Ring of the Snake","Membership Card","Whetstone","Frozen Egg 2","Pear","Peace Pipe","WristBlade","Bird Faced Urn","Vajra","Anchor","Bag of Preparation","Philosopher\u0027s Stone","Incense Burner","Kunai"],"acts_visited":["Exordium","TheCity","TheBeyond"],"potions_floor_usage":[16,16,33,33,50,50,50],"damage_taken":[{"damage":0,"enemies":"Jaw Worm","floor":1,"turns":3},{"damage":0,"enemies":"Cultist","floor":2,"turns":4},{"damage":4,"enemies":"Small Slimes","floor":5,"turns":2},{"damage":37,"enemies":"Gremlin Gang","floor":8,"turns":5},{"damage":18,"enemies":"3 Sentries","floor":11,"turns":8},{"damage":3,"enemies":"2 Fungi Beasts","floor":13,"turns":3},{"damage":26,"enemies":"Slime Boss","floor":16,"turns":11},{"damage":15,"enemies":"Spheric Guardian","floor":18,"turns":6},{"damage":17,"enemies":"Chosen","floor":19,"turns":5},{"damage":12,"enemies":"Snake Plant","floor":22,"turns":7},{"damage":35,"enemies":"Book of Stabbing","floor":25,"turns":7},{"damage":0,"enemies":"Snecko","floor":30,"turns":6},{"damage":7,"enemies":"Shelled Parasite and Fungi","floor":31,"turns":7},{"damage":5,"enemies":"Collector","floor":33,"turns":14},{"damage":8,"enemies":"3 Shapes","floor":35,"turns":5},{"damage":1,"enemies":"Orb Walker","floor":36,"turns":4},{"damage":0,"enemies":"Sphere and 2 Shapes","floor":38,"turns":3},{"damage":0,"enemies":"Nemesis","floor":42,"turns":9},{"damage":0,"enemies":"3 Darklings","floor":45,"turns":5},{"damage":0,"enemies":"4 Shapes","floor":47,"turns":3},{"damage":5,"enemies":"Spire Growth","floor":48,"turns":5},{"damage":0,"enemies":"Time Eater","floor":50,"turns":15}],"seed_played":"3147238797967371345","potions_obtained":[{"floor":1,"key":"Dexterity Potion"},{"floor":11,"key":"AttackPotion"},{"floor":13,"key":"DistilledChaos"},{"floor":18,"key":"PowerPotion"},{"floor":31,"key":"Fire Potion"},{"floor":33,"key":"LiquidBronze"},{"floor":35,"key":"Ancient Potion"},{"floor":41,"key":"DuplicationPotion"}],"is_trial":false,"path_per_floor":["M","M","$","?","M","R","$","M","T","?","E","R","M","$","R","B",null,"M","M","$","?","M","R","?","E","T","$","?","R","M","M","R","B",null,"M","M","?","M","?","R","?","E","T","R","M","$","M","M","R","B",null],"character_chosen":"THE_SILENT","items_purchased":["Membership Card","Whetstone","Blur","Blur","Anchor","Bag of Preparation","Adrenaline","Slice"],"campfire_rested":2,"item_purchase_floors":[7,7,14,20,27,27,46,46],"current_hp_per_floor":[70,70,70,70,66,66,66,29,29,39,21,21,18,18,42,16,80,65,48,48,48,36,36,36,1,1,1,1,25,35,36,36,43,80,76,79,79,80,70,70,70,80,80,80,80,80,80,80,80,80],"gold":162,"neow_bonus":"TRANSFORM_TWO_CARDS","is_daily":false,"chose_seed":false,"campfire_upgraded":3,"win_rate":0.0,"timestamp":1610459624,"path_taken":["M","M","$","?","?","R","$","M","T","?","E","R","?","$","R","BOSS","M","M","$","?","M","R","?","E","T","$","?","R","M","?","R","BOSS","M","M","?","?","?","R","?","E","T","R","?","$","M","M","R","BOSS"],"items_purchased_type":["Relic","Relic","Card","Card","Relic","Relic","Card","Card"],"build_version":"2020-12-18","purchased_purges":3,"victory":true,"max_hp_per_floor":[70,70,70,70,70,70,70,70,70,80,80,80,80,80,80,80,80,80,80,80,80,80,80,80,80,80,80,80,80,80,80,80,80,80,80,80,80,80,80,80,80,80,80,80,80,80,80,80,80,80],"card_choices":[{"not_picked":["Dodge and Roll","Slice"],"picked":"Footwork","floor":1},{"not_picked":["Setup","Dodge and Roll"],"picked":"Footwork","floor":2},{"not_picked":["Finisher","Deadly Poison"],"picked":"All Out Attack","floor":5},{"not_picked":["Underhanded Strike","Deflect"],"picked":"Poisoned Stab","floor":8},{"not_picked":["Dagger Spray","Crippling Poison"],"picked":"Quick Slash","floor":11},{"not_picked":["Distraction","Catalyst"],"picked":"Backflip","floor":13},{"not_picked":["Venomology","Night Terror"],"picked":"After Image+1","floor":16},{"not_picked":["Underhanded Strike+1","Backflip"],"picked":"Infinite Blades+1","floor":18},{"not_picked":["Sucker Punch","Deadly Poison"],"picked":"Slice","floor":19},{"not_picked":["All Out Attack+1","Bane","Prepared+1"],"picked":"SKIP","floor":22},{"not_picked":["Storm of Steel","Leg Sweep"],"picked":"Footwork+1","floor":25},{"not_picked":["Catalyst","Setup"],"picked":"PiercingWail+1","floor":30},{"not_picked":["Cloak And Dagger","Choke+1","Deadly Poison"],"picked":"SKIP","floor":31},{"not_picked":["Bullet Time","Adrenaline"],"picked":"A Thousand Cuts+1","floor":33},{"not_picked":["Skewer","Caltrops+1"],"picked":"Blur+1","floor":35},{"not_picked":["Deflect+1","Backflip"],"picked":"Blur","floor":36},{"not_picked":["Bane","Riddle With Holes"],"picked":"Crippling Poison+1","floor":38},{"not_picked":["Underhanded Strike","Outmaneuver","Flying Knee+1"],"picked":"SKIP","floor":42},{"not_picked":["Sucker Punch+1","Finisher"],"picked":"Footwork+1","floor":45},{"not_picked":["Terror+1","Glass Knife"],"picked":"Prepared","floor":47},{"not_picked":["Dagger Throw","Underhanded Strike+1","Dodge and Roll"],"picked":"SKIP","floor":48},{"not_picked":["Dagger Throw","Underhanded Strike+1","Dodge and Roll"],"picked":"SKIP","floor":48}],"player_experience":628530,"relics_obtained":[{"floor":9,"key":"Frozen Egg 2"},{"floor":11,"key":"Peace Pipe"},{"floor":25,"key":"Bird Faced Urn"},{"floor":26,"key":"Vajra"},{"floor":42,"key":"Incense Burner"},{"floor":43,"key":"Kunai"}],"event_choices":[{"damage_healed":0,"gold_gain":275,"player_choice":"Desecrate","damage_taken":0,"max_hp_gain":0,"max_hp_loss":0,"event_name":"Golden Shrine","floor":4,"gold_loss":0,"cards_obtained":["Regret"]},{"damage_healed":0,"gold_gain":0,"player_choice":"Paid Gold","damage_taken":0,"relics_obtained":["Pear"],"max_hp_gain":0,"max_hp_loss":0,"event_name":"WeMeetAgain","floor":10,"gold_loss":65},{"damage_healed":0,"gold_gain":99,"player_choice":"Stole From Cult","damage_taken":0,"max_hp_gain":0,"max_hp_loss":0,"event_name":"Nest","floor":21,"gold_loss":0},{"damage_healed":0,"gold_gain":0,"player_choice":"Ignored","damage_taken":0,"max_hp_gain":0,"max_hp_loss":0,"event_name":"Ghosts","floor":24,"gold_loss":0},{"damage_healed":0,"gold_gain":0,"player_choice":"Ignored","damage_taken":0,"max_hp_gain":0,"max_hp_loss":0,"event_name":"Cursed Tome","floor":28,"gold_loss":0},{"damage_healed":0,"gold_gain":0,"player_choice":"2 cards matched","damage_taken":0,"max_hp_gain":0,"max_hp_loss":0,"event_name":"Match and Keep!","floor":37,"gold_loss":0,"cards_obtained":["Tactician","Corpse Explosion"]},{"damage_healed":0,"gold_gain":0,"player_choice":"Embrace Madness","damage_taken":10,"max_hp_gain":0,"max_hp_loss":0,"event_name":"Winding Halls","floor":39,"gold_loss":0,"cards_obtained":["Madness","Madness"]},{"damage_healed":0,"gold_gain":0,"player_choice":"Got Potions","damage_taken":0,"max_hp_gain":0,"max_hp_loss":0,"event_name":"Lab","floor":41,"gold_loss":0}],"is_beta":true,"boss_relics":[{"not_picked":["Coffee Dripper","HoveringKite"],"picked":"WristBlade"},{"not_picked":["Pandora\u0027s Box","SacredBark"],"picked":"Philosopher\u0027s Stone"}],"items_purged_floors":[7,20,27],"is_endless":false,"potions_floor_spawned":[1,11,13,18,31,33,35,42],"ascension_level":0}}