{"host":"95i1gxnztdrdyvhi","time":1610489997,"event":{"mods":["AchievementEnabler","Act Like it!","BaseMod","Minty Spire (QoL Compilation)","Quick Restart","StSLib","Yakumo Yukari mod"],"gold_per_floor":[139,156,175,192,205,239,239,239,264,264,264],"floor_reached":10,"language":"ENG","playtime":384,"items_purged":[],"score":70,"play_id":"b727de8a-6fdc-49ab-8644-606b1f152fea","local_time":"20210112221957","is_ascension_mode":false,"campfire_choices":[{"data":"Observe_purple_2","floor":7,"key":"SMITH"}],"circlet_count":0,"master_deck":["AT_purpleEX","AT_purpleEX","AT_purpleEX","AT_purpleEX","Defend_purpleEX","Defend_purpleEX","Defend_purpleEX","Defend_purpleEX","Observe_purple_1","Observe_purple_2+1","Charmbait_purple","DimensionStaggered_purple","PurpleNeedle_purple","Line_surface_state_purple"],"relics":["Boundary_crack","Memoryfragments_purpleEX","NeowsBlessing","Pantograph"],"acts_visited":["Exordium"],"potions_floor_usage":[10],"damage_taken":[{"damage":0,"enemies":"Jaw Worm","floor":1,"turns":1},{"damage":0,"enemies":"2 Louse","floor":2,"turns":1},{"damage":0,"enemies":"Cultist","floor":3,"turns":1},{"damage":0,"enemies":"2 Fungi Beasts","floor":4,"turns":3},{"damage":0,"enemies":"Red Slaver","floor":5,"turns":4},{"damage":55,"enemies":"Lagavulin","floor":6,"turns":8},{"damage":0,"enemies":"3 Sentries","floor":10,"turns":4}],"seed_played":"6210064970105985880","potions_obtained":[{"floor":1,"key":"Dexterity Potion"},{"floor":5,"key":"Weak Potion"}],"is_trial":false,"path_per_floor":["M","M","M","M","M","E","R","?","T","E"],"character_chosen":"Youkari","items_purchased":[],"campfire_rested":0,"item_purchase_floors":[],"current_hp_per_floor":[70,70,70,70,70,19,19,1,1,1,1],"gold":264,"neow_bonus":"THREE_ENEMY_KILL","is_daily":false,"chose_seed":false,"campfire_upgraded":1,"win_rate":0.0,"timestamp":1610489997,"path_taken":["M","M","M","M","M","E","R","?","T","E"],"items_purchased_type":[],"build_version":"2020-12-22","purchased_purges":0,"victory":false,"max_hp_per_floor":[70,70,70,70,70,70,70,70,70,70,70],"card_choices":[{"not_picked":["Boundary_LightAndDark_purple","Shallow_ocean_purpleEX"],"picked":"Charmbait_purple","floor":1},{"not_picked":["ExistenceContinue_purple","Realm_recovery_purpleEX","Umbrella_purple"],"picked":"SKIP","floor":2},{"not_picked":["ExistenceContinue_purple","MeetDecomposer_purple","Umbrella_purple"],"picked":"SKIP","floor":3},{"not_picked":["Realm_recovery_purpleEX","ExistenceContinue_purple"],"picked":"DimensionStaggered_purple","floor":4},{"not_picked":["MetroBOOM_purple","StateDuplicate_purple"],"picked":"PurpleNeedle_purple","floor":5},{"not_picked":["AdvanceAttack_purple","Worldmountain_purple"],"picked":"Line_surface_state_purple","floor":6}],"player_experience":636783,"relics_obtained":[{"floor":6,"key":"Pantograph"}],"event_choices":[{"damage_healed":0,"gold_gain":0,"player_choice":"Fled","damage_taken":18,"max_hp_gain":0,"max_hp_loss":0,"event_name":"Scrap Ooze","floor":8,"gold_loss":0}],"is_beta":false,"boss_relics":[],"items_purged_floors":[],"is_endless":false,"potions_floor_spawned":[1,5],"killed_by":"3 Sentries","ascension_level":0}}