{"host":"sxnl403xm2xmiyj1","time":1610442832,"event":{"mods":["AchievementEnabler","BaseMod","Colored Map","Keyboard Shortcuts","Minty Spire (QoL Compilation)","Quick Restart","StSLib","SuperFastMode"],"gold_per_floor":[113,113,137,212,0,0,25,25,25,43,43,83,83,121,121,247,247,266,366,12,30,44,80,80,124,173,173,208,226,226,242,242,368,368,386,386,410,410,434,473,473,506,506,540,574,12,37,64,64,64,64,64,34,87,87],"floor_reached":56,"playtime":1774,"items_purged":["Strike_G"],"score":2113,"play_id":"4e93c87f-4d29-4a56-ba88-0c97c76a6726","local_time":"20210112181352","is_ascension_mode":true,"campfire_choices":[{"data":"Footwork","floor":6,"key":"SMITH"},{"data":"Crippling Poison","floor":8,"key":"SMITH"},{"data":"Catalyst","floor":11,"key":"SMITH"},{"data":"Neutralize","floor":15,"key":"SMITH"},{"data":"Wraith Form v2","floor":24,"key":"SMITH"},{"data":"After Image","floor":27,"key":"SMITH"},{"data":"Crippling Poison","floor":30,"key":"SMITH"},{"data":"Deadly Poison","floor":32,"key":"SMITH"},{"data":"Night Terror","floor":41,"key":"SMITH"},{"floor":49,"key":"RECALL"},{"data":"Apotheosis","floor":52,"key":"SMITH"}],"circlet_count":0,"master_deck":["AscendersBane","Strike_G","Strike_G","Strike_G","Strike_G","Defend_G","Defend_G","Defend_G","Defend_G","Defend_G","Survivor","Neutralize+1","Catalyst+1","Footwork+1","Backflip","Finesse","Crippling Poison+1","Deadly Poison+1","Adrenaline","Wraith Form v2+1","PiercingWail","PiercingWail","Sucker Punch","Crippling Poison+1","Deadly Poison+1","Prepared","After Image+1","Poisoned Stab","Outmaneuver","Prepared","Night Terror+1","Deadly Poison","Outmaneuver","Catalyst+1","Poisoned Stab","PiercingWail","Backflip+1","Apotheosis+1","Deadly Poison","Escape Plan","Well Laid Plans+1","Escape Plan","Caltrops"],"relics":["Ring of the Snake","NeowsBlessing","Golden Idol","WingedGreaves","Boot","Black Star","Eternal Feather","Lantern","Blood Vial","InkBottle","Bottled Tornado","PreservedInsect","Ornamental Fan","Anchor","Runic Dome","Darkstone Periapt","Snake Skull","TungstenRod","Ninja Scroll","Pantograph","CeramicFish","Regal Pillow","Bird Faced Urn","HornCleat","Happy Flower"],"acts_visited":["TheCity","TheBeyond","TheEnding"],"potions_floor_usage":[14,14,23,23,28,33,44,50,50,55],"damage_taken":[{"damage":0,"enemies":"Jaw Worm","floor":1,"turns":1},{"damage":0,"enemies":"Cultist","floor":3,"turns":1},{"damage":0,"enemies":"Small Slimes","floor":7,"turns":1},{"damage":5,"enemies":"Gremlin Gang","floor":10,"turns":5},{"damage":16,"enemies":"Gremlin Nob","floor":12,"turns":5},{"damage":14,"enemies":"3 Sentries","floor":14,"turns":9},{"damage":0,"enemies":"The Guardian","floor":16,"turns":7},{"damage":2,"enemies":"Chosen","floor":18,"turns":7},{"damage":0,"enemies":"Spheric Guardian","floor":21,"turns":5},{"damage":0,"enemies":"Snake Plant","floor":22,"turns":6},{"damage":17,"enemies":"Slavers","floor":23,"turns":8},{"damage":38,"enemies":"Gremlin Leader","floor":25,"turns":8},{"damage":24,"enemies":"Slavers","floor":28,"turns":5},{"damage":6,"enemies":"Centurion and Healer","floor":29,"turns":9},{"damage":0,"enemies":"Snecko","floor":31,"turns":4},{"damage":30,"enemies":"Collector","floor":33,"turns":9},{"damage":0,"enemies":"3 Shapes","floor":35,"turns":7},{"damage":0,"enemies":"Orb Walker","floor":37,"turns":6},{"damage":6,"enemies":"Writhing Mass","floor":39,"turns":5},{"damage":26,"enemies":"Giant Head","floor":40,"turns":7},{"damage":18,"enemies":"Nemesis","floor":42,"turns":5},{"damage":5,"enemies":"Giant Head","floor":44,"turns":5},{"damage":0,"enemies":"Spire Growth","floor":45,"turns":4},{"damage":0,"enemies":"Sphere and 2 Shapes","floor":47,"turns":4},{"damage":14,"enemies":"Jaw Worm Horde","floor":48,"turns":4},{"damage":32,"enemies":"Donu and Deca","floor":50,"turns":10},{"damage":21,"enemies":"Shield and Spear","floor":54,"turns":6},{"damage":40,"enemies":"The Heart","floor":55,"turns":5}],"seed_played":"573688691638797749","potions_obtained":[{"floor":10,"key":"LiquidMemories"},{"floor":12,"key":"Explosive Potion"},{"floor":14,"key":"Block Potion"},{"floor":18,"key":"Fire Potion"},{"floor":25,"key":"Explosive Potion"},{"floor":28,"key":"SteroidPotion"},{"floor":31,"key":"Energy Potion"},{"floor":33,"key":"Fire Potion"},{"floor":40,"key":"Poison Potion"},{"floor":42,"key":"SkillPotion"},{"floor":47,"key":"SkillPotion"},{"floor":54,"key":"DuplicationPotion"}],"is_trial":false,"path_per_floor":["M","?","M","?","$","R","M","R","T","M","R","E","?","E","R","B",null,"M","?","$","M","M","E","R","E","T","R","E","M","R","M","R","B",null,"M","?","M","?","M","E","R","E","T","E","M","$","M","M","R","B",null,"R","$","E","B",null],"character_chosen":"THE_SILENT","items_purchased":["Footwork","Backflip","Finesse","Eternal Feather","PiercingWail","Sucker Punch","Apotheosis","Deadly Poison","Bird Faced Urn","Escape Plan"],"campfire_rested":0,"item_purchase_floors":[5,5,5,20,20,20,46,46,46,53],"current_hp_per_floor":[63,46,46,39,39,39,39,39,39,34,34,18,18,4,4,4,54,52,52,52,52,52,35,50,14,14,29,7,3,21,23,41,13,56,58,58,60,60,56,32,53,37,37,34,36,36,42,34,58,41,63,70,70,51,34],"gold":87,"neow_bonus":"THREE_ENEMY_KILL","is_daily":false,"chose_seed":false,"campfire_upgraded":10,"win_rate":0.0,"timestamp":1610442832,"path_taken":["M","?","M","?","$","R","M","R","T","?","R","E","?","E","R","BOSS","M","?","$","M","?","E","R","E","T","R","E","R","M","R","?","R","BOSS","M","?","M","?","M","E","R","E","T","E","M","$","M","M","R","BOSS","R","$","E","BOSS"],"items_purchased_type":["Card","Card","Card","Relic","Card","Card","Card","Card","Relic","Card"],"build_version":"2020-12-22","purchased_purges":1,"victory":true,"max_hp_per_floor":[70,70,70,70,70,70,70,70,70,70,70,70,70,70,70,70,70,70,70,70,70,70,70,70,70,70,70,70,70,70,70,70,70,70,70,70,70,70,70,70,70,70,70,70,70,70,70,70,70,70,70,70,70,70,70],"card_choices":[{"not_picked":["Sucker Punch","Underhanded Strike"],"picked":"Catalyst","floor":1},{"not_picked":["Underhanded Strike","Deflect"],"picked":"Dodge and Roll","floor":3},{"not_picked":["All Out Attack","Riddle With Holes"],"picked":"Crippling Poison","floor":7},{"not_picked":["Slice","PiercingWail"],"picked":"Deadly Poison","floor":10},{"not_picked":["Backflip","Infinite Blades"],"picked":"Adrenaline","floor":12},{"not_picked":["Slice","Outmaneuver","Choke"],"picked":"SKIP","floor":14},{"not_picked":["A Thousand Cuts","Die Die Die"],"picked":"Wraith Form v2","floor":16},{"not_picked":["Cloak And Dagger","Terror"],"picked":"PiercingWail","floor":18},{"not_picked":["Infinite Blades","All Out Attack"],"picked":"Crippling Poison","floor":21},{"not_picked":["Heel Hook","Acrobatics"],"picked":"Deadly Poison","floor":22},{"not_picked":["Quick Slash","Slice"],"picked":"Prepared","floor":23},{"not_picked":["Tactician","Backflip+1"],"picked":"After Image","floor":25},{"not_picked":["Cloak And Dagger","Well Laid Plans"],"picked":"Poisoned Stab","floor":28},{"not_picked":["Endless Agony","Backstab"],"picked":"Outmaneuver","floor":29},{"not_picked":["Outmaneuver","Underhanded Strike"],"picked":"Prepared","floor":31},{"not_picked":["Corpse Explosion","Die Die Die"],"picked":"Night Terror","floor":33},{"not_picked":["Blade Dance","Poisoned Stab"],"picked":"Deadly Poison","floor":35},{"not_picked":["Deflect","Calculated Gamble"],"picked":"Outmaneuver","floor":37},{"not_picked":["Sucker Punch","Dash+1"],"picked":"Catalyst+1","floor":39},{"not_picked":["Dagger Spray+1","Calculated Gamble+1"],"picked":"Poisoned Stab","floor":40},{"not_picked":["Quick Slash+1","Dagger Spray"],"picked":"PiercingWail","floor":42},{"not_picked":["Flying Knee","All Out Attack","Outmaneuver"],"picked":"SKIP","floor":44},{"not_picked":["Grand Finale","Escape Plan"],"picked":"Backflip+1","floor":45},{"not_picked":["Skewer+1","Dagger Spray"],"picked":"Escape Plan","floor":47},{"not_picked":["Slice","Backflip"],"picked":"Well Laid Plans+1","floor":48},{"not_picked":["Dagger Spray","Deflect+1"],"picked":"Caltrops","floor":54}],"player_experience":160788,"relics_obtained":[{"floor":12,"key":"WingedGreaves"},{"floor":14,"key":"Boot"},{"floor":23,"key":"Lantern"},{"floor":23,"key":"Blood Vial"},{"floor":25,"key":"InkBottle"},{"floor":25,"key":"Bottled Tornado"},{"floor":26,"key":"PreservedInsect"},{"floor":28,"key":"Ornamental Fan"},{"floor":28,"key":"Anchor"},{"floor":40,"key":"Darkstone Periapt"},{"floor":40,"key":"Snake Skull"},{"floor":42,"key":"TungstenRod"},{"floor":42,"key":"Ninja Scroll"},{"floor":43,"key":"Pantograph"},{"floor":44,"key":"CeramicFish"},{"floor":44,"key":"Regal Pillow"},{"floor":54,"key":"HornCleat"},{"floor":54,"key":"Happy Flower"}],"event_choices":[{"damage_healed":0,"gold_gain":0,"player_choice":"Take Damage","damage_taken":17,"relics_obtained":["Golden Idol"],"max_hp_gain":0,"max_hp_loss":0,"event_name":"Golden Idol","floor":2,"gold_loss":0},{"damage_healed":0,"gold_gain":75,"player_choice":"Touch","damage_taken":7,"max_hp_gain":0,"max_hp_loss":0,"event_name":"FaceTrader","floor":4,"gold_loss":0},{"damage_healed":0,"gold_gain":0,"player_choice":"Grow","damage_taken":0,"max_hp_gain":0,"max_hp_loss":0,"event_name":"Living Wall","floor":13,"gold_loss":0,"cards_upgraded":["Deadly Poison"]},{"damage_healed":0,"gold_gain":100,"player_choice":"Pray","damage_taken":0,"max_hp_gain":0,"max_hp_loss":0,"event_name":"Golden Shrine","floor":19,"gold_loss":0},{"cards_removed":["Dodge and Roll"],"damage_healed":0,"gold_gain":0,"player_choice":"Removed Skill","damage_taken":0,"max_hp_gain":0,"max_hp_loss":0,"event_name":"Falling","floor":36,"gold_loss":0},{"damage_healed":0,"gold_gain":0,"player_choice":"Ignored","damage_taken":0,"max_hp_gain":0,"max_hp_loss":0,"event_name":"Tomb of Lord Red Mask","floor":38,"gold_loss":0}],"is_beta":false,"boss_relics":[{"not_picked":["Astrolabe","Sozu"],"picked":"Black Star"},{"not_picked":["Velvet Choker","Snecko Eye"],"picked":"Runic Dome"}],"items_purged_floors":[46],"is_endless":false,"potions_floor_spawned":[10,12,14,18,25,28,31,33,40,42,47,54],"ascension_level":12}}