{"host":"19kf8tqwqindyscq","time":1610464384,"event":{"mods":["2.2 Compatiblity","AchievementEnabler","Aspiration","BaseMod","Colored Map","Colored Powertips","Conspire","Downfall","Gremlin Mod","Hermit","Hubris","Infinite Spire","Minty Spire (QoL Compilation)","Quick Restart","Rare Cards Sparkle","Replay The Spire","Somnambulant","StSLib","SuperFastMode","The Bladedancer","The Bug Knight","The Construct","The Cursed","The Mystic","The Necromancer"],"gold_per_floor":[118,129,144,144,157,157,157],"floor_reached":6,"playtime":268,"items_purged":[],"score":38,"play_id":"0cbfc1da-d696-4d99-b5a5-da006c0c96a0","local_time":"20210112121304","is_ascension_mode":false,"campfire_choices":[],"circlet_count":0,"master_deck":["Strike_B","Strike_B","Strike_B","Strike_B","Defend_B","Defend_B","Defend_B","Defend_B","Zap","Dualcast","Skim","Panic Button","Melter","Gash"],"relics":["Cracked Core","aspiration:DSix","ReplayTheSpireMod:Shallot"],"acts_visited":["Exordium"],"potions_floor_usage":[6],"damage_taken":[{"damage":0,"enemies":"Small Slimes","floor":1,"turns":2},{"damage":3,"enemies":"Jaw Worm","floor":2,"turns":4},{"damage":9,"enemies":"2 Louse","floor":3,"turns":3},{"damage":0,"enemies":"2 Fungi Beasts","floor":5,"turns":3},{"damage":45,"enemies":"3 Sentries","floor":6,"turns":9}],"seed_played":"-5756225823880646827","potions_obtained":[{"floor":1,"key":"Ancient Potion"},{"floor":2,"key":"Languid Potion"},{"floor":3,"key":"SteroidPotion"}],"is_trial":false,"path_per_floor":["M","M","M","?","M","E"],"character_chosen":"DEFECT","items_purchased":[],"campfire_rested":0,"item_purchase_floors":[],"current_hp_per_floor":[75,72,63,63,63,18,18],"gold":157,"neow_bonus":"DSIX","is_daily":false,"chose_seed":false,"campfire_upgraded":0,"win_rate":0.0,"timestamp":1610464384,"path_taken":["M","M","M","?","M","E"],"items_purchased_type":[],"build_version":"2020-12-22","purchased_purges":0,"victory":false,"max_hp_per_floor":[75,75,75,75,75,75,75],"card_choices":[{"not_picked":["Cold Snap","Panic Button"],"picked":"Skim","floor":1},{"not_picked":["Aggregate","Ball Lightning"],"picked":"Panic Button","floor":2},{"not_picked":["Storm","Hologram"],"picked":"Melter","floor":3},{"not_picked":["Darkness","Go for the Eyes"],"picked":"Gash","floor":5}],"player_experience":157236,"relics_obtained":[{"floor":4,"key":"ReplayTheSpireMod:Shallot"}],"event_choices":[],"is_beta":false,"boss_relics":[],"items_purged_floors":[],"is_endless":false,"potions_floor_spawned":[1,2,3],"killed_by":"3 Sentries","ascension_level":0}}