{"host":"fjaupvxe7fzqrf4j","time":1610432759,"event":{"mods":["ATMod(°¢èªMod)","BaseMod","Minty Spire (QoL Compilation)","StSLib"],"gold_per_floor":[109,109,109,109,109,137,168,200,200,200,231,135,165,200,200,277,277,290,301,301,128,128,163,195,228,228,258,293,319,350,350,350,424,424,436,436,77,102,102,132,158,189,189,214,234,260,309,309,309,309,309,309,309,16,42,42],"floor_reached":57,"playtime":1330,"items_purged":[],"score":4715,"play_id":"9059b19a-3146-4837-80ce-2630ed5bdc71","local_time":"20210112142559","daily_mods":["SealedDeck","Heirloom","Time Dilation","Flight","Elite Swarm"],"is_ascension_mode":true,"campfire_choices":[{"data":"Concentrate","floor":10.0,"key":"SMITH"},{"data":"Tactician","floor":15.0,"key":"SMITH"},{"data":"Reflex","floor":32.0,"key":"SMITH"},{"floor":49,"key":"RECALL"},{"data":"Apotheosis","floor":53,"key":"SMITH"}],"circlet_count":0,"master_deck":["AscendersBane","AT_ShadowStep","Expertise","Concentrate+1","Reflex+1","Acrobatics+1","Backflip","Calculated Gamble+1","Tactician+1","AT_KingSlayer","Adrenaline","Grand Finale+1","Escape Plan+1","Panacea","Apotheosis+1","After Image"],"relics":["Ring of the Snake","AT_ATBox","Unceasing Top","AT_DeathDance","Ginger","Anchor","Blood Vial","Ornamental Fan","AT_GoldPhoenixTree","Pen Nib","Runic Pyramid","Membership Card","Nunchaku","AT_Kusabimaru","AT_ImmortalShieldbow","Molten Egg 2","Pear","The Courier","Peace Pipe","Empty Cage","Tough Bandages","Toxic Egg 2","Gambling Chip","StoneCalendar","AT_RabadonDeathcap","Toy Ornithopter","Art of War","Pantograph","Paper Crane","Ancient Tea Set","War Paint","Chemical X","AT_BladeRuinedKing","Bag of Marbles","Blue Candle","Turnip"],"acts_visited":["Exordium","TheCity","TheBeyond","TheEnding"],"potions_floor_usage":[56,56,56,56],"damage_taken":[{"damage":0.0,"enemies":"Cultist","floor":1.0,"turns":1.0},{"damage":0.0,"enemies":"Gremlin Nob","floor":6.0,"turns":1.0},{"damage":0.0,"enemies":"3 Sentries","floor":7.0,"turns":1.0},{"damage":0.0,"enemies":"Gremlin Nob","floor":8.0,"turns":1.0},{"damage":0.0,"enemies":"3 Sentries","floor":11.0,"turns":1.0},{"damage":0.0,"enemies":"Lagavulin","floor":13.0,"turns":1.0},{"damage":0.0,"enemies":"3 Sentries","floor":14.0,"turns":1.0},{"damage":0.0,"enemies":"Slime Boss","floor":16.0,"turns":1.0},{"damage":0.0,"enemies":"2 Thieves","floor":18.0,"turns":1.0},{"damage":0.0,"enemies":"Shell Parasite","floor":19.0,"turns":1.0},{"damage":0.0,"enemies":"Book of Stabbing","floor":23.0,"turns":1.0},{"damage":0.0,"enemies":"Slavers","floor":24.0,"turns":1.0},{"damage":0.0,"enemies":"Gremlin Leader","floor":25.0,"turns":1.0},{"damage":0.0,"enemies":"Slavers","floor":27.0,"turns":1.0},{"damage":0.0,"enemies":"Gremlin Leader","floor":28.0,"turns":1.0},{"damage":0.0,"enemies":"Slavers","floor":29.0,"turns":1.0},{"damage":0.0,"enemies":"Gremlin Leader","floor":30.0,"turns":1.0},{"damage":0.0,"enemies":"Champ","floor":33.0,"turns":1.0},{"damage":0.0,"enemies":"Orb Walker","floor":35.0,"turns":1.0},{"damage":0,"enemies":"Mind Bloom Boss Battle","floor":38,"turns":1},{"damage":0,"enemies":"Nemesis","floor":40,"turns":1},{"damage":0,"enemies":"Giant Head","floor":41,"turns":1},{"damage":0,"enemies":"Reptomancer","floor":42,"turns":1},{"damage":0,"enemies":"Nemesis","floor":44,"turns":1},{"damage":0,"enemies":"3 Darklings","floor":45,"turns":1},{"damage":0,"enemies":"Giant Head","floor":46,"turns":1},{"damage":0,"enemies":"Donu and Deca","floor":50,"turns":1},{"damage":0,"enemies":"Awakened One","floor":51,"turns":2},{"damage":0,"enemies":"Shield and Spear","floor":55,"turns":1},{"damage":0,"enemies":"The Heart","floor":56,"turns":4}],"seed_played":"-6519465014774928941","potions_obtained":[{"floor":16.0,"key":"EntropicBrew"},{"floor":18.0,"key":"Explosive Potion"},{"floor":23.0,"key":"Swift Potion"}],"is_trial":true,"path_per_floor":["M","?","$","?","?","E","E","E","T","R","E","?","E","E","R","B",null,"M","M","?","$","?","E","E","E","T","E","E","E","E","?","R","B",null,"M","?","$","?","?","E","E","E","T","E","M","E","T","?","R","B","B",null,"R","$","E","B",null],"character_chosen":"THE_SILENT","items_purchased":["Membership Card","Tough Bandages","Toxic Egg 2","Gambling Chip","Chemical X","AT_BladeRuinedKing","Bag of Marbles","Blue Candle"],"campfire_rested":0,"item_purchase_floors":[21,37,37,37,54,54,54,54],"current_hp_per_floor":[59,59,59,59,48,48,48,48,48,48,50,50,52,54,54,56,64,66,66,55,55,55,57,59,61,61,63,75,77,79,79,79,81,81,81,69,69,71,71,73,75,77,77,79,81,81,81,81,81,81,81,81,81,81,81,81],"gold":42,"neow_bonus":"","is_daily":false,"chose_seed":false,"campfire_upgraded":4,"win_rate":0.0,"timestamp":1610432759,"path_taken":["M","?","?","?","?","E","E","E","T","R","E","?","E","E","R","BOSS","M","?","?","$","?","E","E","E","T","E","E","E","E","?","R","BOSS","M","?","$","?","?","E","E","E","T","E","?","E","?","?","R","BOSS","BOSS","R","$","E","BOSS"],"items_purchased_type":["Relic","Relic","Relic","Relic","Relic","Relic","Relic","Relic"],"build_version":"2020-12-22","purchased_purges":0,"victory":true,"max_hp_per_floor":[66,66,66,66,66,66,66,66,66,66,66,66,66,66,66,66,66,66,66,71,71,71,71,71,71,71,71,81,81,81,81,81,81,81,81,81,81,81,81,81,81,81,81,81,81,81,81,81,81,81,81,81,81,81,81,81],"card_choices":[{"not_picked":["Blade Dance","Backflip"],"picked":"Prepared","floor":1.0},{"not_picked":["Unload","Bullet Time"],"picked":"AT_KingSlayer","floor":6.0},{"not_picked":["AT_KingSlayer","Burst","Venomology"],"picked":"SKIP","floor":7.0},{"not_picked":["Doppelganger","AT_EssenceShift","Malaise"],"picked":"SKIP","floor":8.0},{"not_picked":["Phantasmal Killer","Corpse Explosion","Malaise"],"picked":"SKIP","floor":11.0},{"not_picked":["A Thousand Cuts","Night Terror","Malaise"],"picked":"SKIP","floor":13.0},{"not_picked":["Doppelganger","Malaise","A Thousand Cuts"],"picked":"SKIP","floor":14.0},{"not_picked":["Quick Slash","Blade Dance+1","Backflip+1"],"picked":"SKIP","floor":18.0},{"not_picked":["Backflip","Acrobatics","Unload"],"picked":"SKIP","floor":19.0},{"not_picked":["Bullet Time","Glass Knife"],"picked":"Adrenaline","floor":23.0},{"not_picked":["Wraith Form v2","AT_KingSlayer","Doppelganger"],"picked":"SKIP","floor":24.0},{"not_picked":["Adrenaline","Die Die Die","Burst"],"picked":"SKIP","floor":25.0},{"not_picked":["Unload+1","Glass Knife+1","A Thousand Cuts"],"picked":"SKIP","floor":27.0},{"not_picked":["Doppelganger","Tools of the Trade","Wraith Form v2"],"picked":"SKIP","floor":28.0},{"not_picked":["Burst","Adrenaline"],"picked":"Grand Finale+1","floor":29.0},{"not_picked":["Burst","AT_KingSlayer+1","Unload+1"],"picked":"SKIP","floor":30.0},{"not_picked":["Sucker Punch+1","Backflip"],"picked":"Escape Plan+1","floor":35.0},{"not_picked":["Impatience","Metamorphosis"],"picked":"Panacea","floor":36},{"not_picked":["Thinking Ahead","AT_BreakingExtremeWeapon"],"picked":"Apotheosis","floor":36},{"not_picked":["AT_EssenceShift","Glass Knife+1","Die Die Die+1"],"picked":"SKIP","floor":40},{"not_picked":["Malaise+1","Storm of Steel+1","Glass Knife+1"],"picked":"SKIP","floor":41},{"not_picked":["Corpse Explosion+1","AT_MyraUnstableElement+1"],"picked":"After Image","floor":42},{"not_picked":["Night Terror+1","AT_KingSlayer+1"],"picked":"Doppelganger+1","floor":44},{"not_picked":["Flying Knee+1","Deflect+1","AT_WindFlip+1"],"picked":"SKIP","floor":45},{"not_picked":["AT_EssenceShift","Venomology+1","Storm of Steel+1"],"picked":"SKIP","floor":46},{"not_picked":["Phantasmal Killer+1","Bullet Time+1","A Thousand Cuts"],"picked":"SKIP","floor":55}],"player_experience":408694,"relics_obtained":[{"floor":6.0,"key":"Ginger"},{"floor":7.0,"key":"Anchor"},{"floor":8.0,"key":"Blood Vial"},{"floor":13.0,"key":"AT_GoldPhoenixTree"},{"floor":14.0,"key":"Pen Nib"},{"floor":23.0,"key":"Nunchaku"},{"floor":24.0,"key":"AT_Kusabimaru"},{"floor":25.0,"key":"AT_ImmortalShieldbow"},{"floor":26.0,"key":"Molten Egg 2"},{"floor":28.0,"key":"Pear"},{"floor":29.0,"key":"The Courier"},{"floor":30.0,"key":"Peace Pipe"},{"floor":38,"key":"StoneCalendar"},{"floor":40,"key":"AT_RabadonDeathcap"},{"floor":41,"key":"Toy Ornithopter"},{"floor":42,"key":"Art of War"},{"floor":43,"key":"Pantograph"},{"floor":44,"key":"Paper Crane"},{"floor":46,"key":"Ancient Tea Set"},{"floor":47,"key":"War Paint"},{"floor":55,"key":"Turnip"}],"event_choices":[{"damage_healed":0.0,"max_hp_gain":0.0,"max_hp_loss":0.0,"gold_gain":0.0,"event_name":"Golden Wing","player_choice":"Ignored","floor":2.0,"gold_loss":0.0,"damage_taken":0.0},{"damage_healed":0.0,"max_hp_gain":0.0,"max_hp_loss":0.0,"gold_gain":0.0,"event_name":"Liars Game","player_choice":"Ignored","floor":4.0,"gold_loss":0.0,"damage_taken":0.0},{"damage_healed":0.0,"max_hp_gain":0.0,"max_hp_loss":0.0,"gold_gain":0.0,"event_name":"Scrap Ooze","player_choice":"Success","floor":5.0,"gold_loss":0.0,"damage_taken":11.0,"relics_obtained":["AT_DeathDance"]},{"damage_healed":0.0,"max_hp_gain":0.0,"max_hp_loss":0.0,"gold_gain":0.0,"event_name":"WeMeetAgain","player_choice":"Paid Gold","floor":12.0,"gold_loss":96.0,"damage_taken":0.0,"relics_obtained":["Ornamental Fan"]},{"damage_healed":0.0,"max_hp_gain":5.0,"max_hp_loss":0.0,"gold_gain":0.0,"event_name":"Forgotten Altar","player_choice":"Shed Blood","floor":20.0,"gold_loss":0.0,"damage_taken":23.0},{"damage_healed":0.0,"max_hp_gain":0.0,"max_hp_loss":0.0,"gold_gain":0.0,"event_name":"Cursed Tome","player_choice":"Ignored","floor":22.0,"gold_loss":0.0,"damage_taken":0.0},{"cards_removed":["AT_WindFlip"],"damage_healed":0.0,"max_hp_gain":0.0,"max_hp_loss":0.0,"gold_gain":0.0,"event_name":"Back to Basics","player_choice":"Elegance","floor":31.0,"gold_loss":0.0,"damage_taken":0.0},{"damage_healed":0,"gold_gain":0,"player_choice":"Memory 3","damage_taken":10,"max_hp_gain":0,"max_hp_loss":0,"event_name":"SensoryStone","floor":36,"gold_loss":0},{"damage_healed":0,"gold_gain":0,"player_choice":"Fight","damage_taken":0,"max_hp_gain":0,"max_hp_loss":0,"event_name":"MindBloom","floor":38,"gold_loss":0},{"damage_healed":0,"gold_gain":0,"player_choice":"0 cards matched","damage_taken":0,"max_hp_gain":0,"max_hp_loss":0,"event_name":"Match and Keep!","floor":39,"gold_loss":0,"cards_obtained":[]},{"cards_removed":["Doppelganger"],"damage_healed":0,"gold_gain":0,"player_choice":"Removed Skill","damage_taken":0,"max_hp_gain":0,"max_hp_loss":0,"event_name":"Falling","floor":48,"gold_loss":0}],"is_beta":false,"boss_relics":[{"not_picked":["Ectoplasm","Runic Dome"],"picked":"Runic Pyramid"},{"not_picked":["Velvet Choker","Ring of the Serpent"],"picked":"Empty Cage"}],"items_purged_floors":[],"is_endless":false,"potions_floor_spawned":[6,8,14,16,18,23,25,29,35,42,45],"ascension_level":20}}