{"host":"obplhmlw33xb91v8","time":1610442914,"event":{"mods":["BaseMod","Block Reminder","Curses Come First","Evolution","Minty Spire (QoL Compilation)","Quick Restart","Relic Stats","Spicy Shops","StSLib","Uncapped","Waifu the Spire","slay the spire mod where everything is the same but ironclad has a cowboy hat"],"gold_per_floor":[11,11,21,40,53,78,102,142,179,224,236,282,294,320,332,440,452,480,510,541,553,565,604,627,672,738,750,778,66,166,181,181,284,284,300,312,59,72,88,88,120,43,113,113,113,132,166,181,181,181,181,181,8,33,33,33],"floor_reached":55,"playtime":2251,"items_purged":["Doubt","Pain"],"score":1075,"play_id":"202b0a4e-df15-4a53-9ccd-76f82f1c4bc5","local_time":"20210112041514","is_ascension_mode":true,"campfire_choices":[{"data":"Cold Snap","floor":11,"key":"SMITH"},{"floor":13,"key":"REST"},{"data":"Defragment","floor":15,"key":"SMITH"},{"data":"Cold Snap","floor":27,"key":"SMITH"},{"data":"Dualcast","floor":32,"key":"SMITH"},{"floor":40,"key":"REST"},{"floor":49,"key":"RECALL"},{"floor":52,"key":"REST"}],"circlet_count":0,"master_deck":["Cold Snap","Cold Snap","Cold Snap+1","Cold Snap+1","Leap","Defend_B","Defend_B","Defend_B","Zap","Dualcast+1","Ball Lightning","Cold Snap","Core Surge","Defragment+1","Cold Snap","Machine Learning","Self Repair","Cold Snap","Cold Snap","Cold Snap","Lockon","White Noise"],"relics":["Cracked Core","EVO:Axolotl","TungstenRod","MawBank","Ornamental Fan","Vajra","Happy Flower","MealTicket","Sozu","PreservedInsect","InkBottle","Centennial Puzzle","OrangePellets","Shuriken","Gremlin Horn","Sling","Ginger","Bottled Lightning","Fusion Hammer","Pantograph","Blue Candle","Prayer Wheel","WarpedTongs","Singing Bowl","Strawberry","Symbiotic Virus"],"acts_visited":["Exordium","TheCity","TheBeyond","TheEnding"],"potions_floor_usage":[7,8,8,23],"damage_taken":[{"damage":1,"enemies":"Small Slimes","floor":1,"turns":3},{"damage":0,"enemies":"Cultist","floor":3,"turns":3},{"damage":5,"enemies":"Jaw Worm","floor":4,"turns":2},{"damage":4,"enemies":"2 Fungi Beasts","floor":5,"turns":3},{"damage":2,"enemies":"Gremlin Nob","floor":6,"turns":5},{"damage":9,"enemies":"3 Louse","floor":7,"turns":2},{"damage":0,"enemies":"3 Sentries","floor":8,"turns":2},{"damage":6,"enemies":"Lagavulin","floor":10,"turns":6},{"damage":0,"enemies":"Gremlin Nob","floor":12,"turns":4},{"damage":12,"enemies":"Exordium Thugs","floor":14,"turns":3},{"damage":2,"enemies":"The Guardian","floor":16,"turns":10},{"damage":6,"enemies":"2 Thieves","floor":18,"turns":4},{"damage":0,"enemies":"Spheric Guardian","floor":19,"turns":4},{"damage":2,"enemies":"Chosen and Byrds","floor":20,"turns":6},{"damage":7,"enemies":"Slavers","floor":23,"turns":6},{"damage":0,"enemies":"Snecko","floor":24,"turns":5},{"damage":24,"enemies":"Gremlin Leader","floor":25,"turns":6},{"damage":0,"enemies":"Cultist and Chosen","floor":28,"turns":5},{"damage":3,"enemies":"Colosseum Slavers","floor":30,"turns":4},{"damage":0,"enemies":"Colosseum Nobs","floor":30,"turns":3},{"damage":5,"enemies":"Shelled Parasite and Fungi","floor":31,"turns":5},{"damage":20,"enemies":"Collector","floor":33,"turns":10},{"damage":0,"enemies":"Orb Walker","floor":35,"turns":2},{"damage":1,"enemies":"3 Darklings","floor":36,"turns":6},{"damage":3,"enemies":"Sphere and 2 Shapes","floor":38,"turns":4},{"damage":22,"enemies":"Jaw Worm Horde","floor":39,"turns":4},{"damage":0,"enemies":"Giant Head","floor":41,"turns":6},{"damage":12,"enemies":"4 Shapes","floor":46,"turns":5},{"damage":3,"enemies":"Nemesis","floor":47,"turns":5},{"damage":21,"enemies":"Sphere and 2 Shapes","floor":48,"turns":4},{"damage":16,"enemies":"Donu and Deca","floor":50,"turns":11},{"damage":43,"enemies":"Shield and Spear","floor":54,"turns":5},{"damage":84,"enemies":"The Heart","floor":55,"turns":9}],"seed_played":"5621729903988252962","potions_obtained":[{"floor":2,"key":"FocusPotion"},{"floor":2,"key":"Swift Potion"},{"floor":2,"key":"PowerPotion"},{"floor":3,"key":"PowerPotion"},{"floor":10,"key":"SteroidPotion"},{"floor":12,"key":"DistilledChaos"},{"floor":16,"key":"LiquidBronze"}],"is_trial":false,"path_per_floor":["M","?","M","M","M","E","M","E","T","E","R","E","R","M","R","B",null,"M","M","M","?","?","E","M","E","T","R","M","$","?","M","R","B",null,"M","M","$","M","M","R","E","$","T","?","?","M","E","M","R","B",null,"R","$","E","B"],"character_chosen":"DEFECT","items_purchased":["OrangePellets","Shuriken","Gremlin Horn","Sling","Pantograph","Prayer Wheel","Strawberry"],"campfire_rested":3,"item_purchase_floors":[29,29,29,29,37,42,53],"current_hp_per_floor":[74,74,74,69,65,63,54,54,54,48,48,48,70,58,58,56,75,69,75,75,75,75,75,75,58,58,58,65,75,75,75,75,62,75,75,75,75,75,53,75,75,75,75,75,75,70,76,66,66,75,81,81,88,57,0,0],"gold":33,"neow_bonus":"ONE_RARE_RELIC","is_daily":false,"chose_seed":false,"campfire_upgraded":4,"win_rate":0.0,"timestamp":1610442914,"path_taken":["M","?","M","M","M","E","?","E","T","E","R","E","R","M","R","BOSS","M","M","M","?","?","E","M","E","T","R","M","$","?","M","R","BOSS","M","M","$","M","M","R","E","$","T","?","?","M","E","?","R","BOSS","R","$","E","BOSS"],"items_purchased_type":["Relic","Relic","Relic","Relic","Relic","Relic","Relic"],"build_version":"2020-12-22","purchased_purges":2,"victory":false,"max_hp_per_floor":[75,75,75,75,75,75,75,75,75,75,75,75,75,75,75,75,75,75,75,75,75,75,75,75,75,75,75,75,75,75,75,75,75,75,75,75,75,75,75,75,75,75,75,75,75,75,77,81,81,81,81,81,88,90,90,90],"relic_stats":{"Happy Flower":[45],"Gremlin Horn":[23,23],"Singing Bowl":8,"counters":[33,162],"Blue Candle":[3],"PreservedInsect":321,"Ginger":[7],"MawBank":276,"WarpedTongs":[39],"Sozu":9,"OrangePellets":[5],"Centennial Puzzle":[36],"Ornamental Fan":[364],"Shuriken":[59],"Pantograph":40,"MealTicket":10,"Prayer Wheel":2,"obtain_stats":[{"Gremlin Horn":29,"Singing Bowl":47,"Vajra":9,"EVO:Axolotl":0,"Ginger":30,"Sling":29,"Sozu":17,"Centennial Puzzle":26,"Pantograph":37,"Strawberry":53,"MealTicket":12,"Prayer Wheel":42,"Fusion Hammer":34,"Cracked Core":0,"InkBottle":25,"Happy Flower":10,"Blue Candle":41,"PreservedInsect":23,"MawBank":6,"WarpedTongs":45,"OrangePellets":29,"Ornamental Fan":8,"Shuriken":29,"Bottled Lightning":30,"Symbiotic Virus":54,"TungstenRod":0},{"Gremlin Horn":18,"Singing Bowl":29,"Vajra":7,"EVO:Axolotl":0,"Ginger":20,"Sling":18,"Sozu":11,"Centennial Puzzle":17,"Pantograph":24,"Strawberry":31,"MealTicket":9,"Prayer Wheel":27,"Fusion Hammer":22,"Cracked Core":0,"InkBottle":17,"Happy Flower":8,"Blue Candle":27,"PreservedInsect":15,"MawBank":5,"WarpedTongs":27,"OrangePellets":18,"Ornamental Fan":7,"Shuriken":18,"Bottled Lightning":20,"Symbiotic Virus":32,"TungstenRod":0},{"Gremlin Horn":79,"Singing Bowl":133,"Vajra":20,"EVO:Axolotl":0,"Ginger":86,"Sling":79,"Sozu":43,"Centennial Puzzle":74,"Pantograph":109,"Strawberry":148,"MealTicket":30,"Prayer Wheel":123,"Fusion Hammer":101,"Cracked Core":0,"InkBottle":74,"Happy Flower":26,"Blue Candle":123,"PreservedInsect":63,"MawBank":16,"WarpedTongs":123,"OrangePellets":79,"Ornamental Fan":20,"Shuriken":79,"Bottled Lightning":86,"Symbiotic Virus":153,"TungstenRod":0}],"TungstenRod":78,"InkBottle":[43]},"card_choices":[{"not_picked":["Redo","Beam Cell"],"picked":"Ball Lightning","floor":1},{"not_picked":["Streamline","Compile Driver"],"picked":"Hello World","floor":3},{"not_picked":["Turbo","Scrape","Sunder"],"picked":"SKIP","floor":4},{"not_picked":["Beam Cell","Conserve Battery","Leap"],"picked":"SKIP","floor":5},{"not_picked":["Steam","Compile Driver","Stack"],"picked":"SKIP","floor":6},{"not_picked":["Recycle","Barrage","Steam"],"picked":"SKIP","floor":7},{"not_picked":["BootSequence","Coolheaded"],"picked":"Cold Snap","floor":8},{"not_picked":["Chill","Consume"],"picked":"Core Surge","floor":10},{"not_picked":["Sweeping Beam","Conserve Battery"],"picked":"Defragment","floor":12},{"not_picked":["Steam","Leap"],"picked":"Cold Snap","floor":14},{"not_picked":["Meteor Strike","Creative AI"],"picked":"Machine Learning","floor":16},{"not_picked":["Chill","Reinforced Body"],"picked":"Self Repair","floor":18},{"not_picked":["Streamline","Beam Cell","Reinforced Body+1"],"picked":"SKIP","floor":19},{"not_picked":["Double Energy","Coolheaded","Hologram"],"picked":"SKIP","floor":20},{"not_picked":["Go for the Eyes","Streamline"],"picked":"Cold Snap","floor":23},{"not_picked":["Sweeping Beam","Aggregate"],"picked":"Cold Snap","floor":24},{"not_picked":["Core Surge","Go for the Eyes","Melter"],"picked":"SKIP","floor":25},{"not_picked":["Compile Driver","Leap","Darkness"],"picked":"SKIP","floor":28},{"not_picked":["Loop+1","Leap"],"picked":"Cold Snap","floor":30},{"not_picked":["Rebound","Loop","Reinforced Body"],"picked":"SKIP","floor":31},{"not_picked":["Rebound","Glacier+1","Conserve Battery+1"],"picked":"SKIP","floor":35},{"not_picked":["Sunder","Auto Shields+1","Turbo+1"],"picked":"SKIP","floor":36},{"not_picked":["Gash","Barrage","Double Energy"],"picked":"SKIP","floor":38},{"not_picked":["Loop+1","Go for the Eyes+1"],"picked":"Lockon","floor":39},{"not_picked":["Capacitor","Gash+1"],"picked":"White Noise","floor":41},{"not_picked":["Compile Driver","Loop","Conserve Battery"],"picked":"SKIP","floor":46},{"not_picked":["Redo","Streamline","Darkness+1"],"picked":"SKIP","floor":46},{"not_picked":["Multi-Cast","Leap+1","Skim+1"],"picked":"Singing Bowl","floor":47},{"not_picked":["Conserve Battery","Barrage+1","Steam"],"picked":"Singing Bowl","floor":48},{"not_picked":["Hologram","Steam+1","Rebound+1"],"picked":"Singing Bowl","floor":48},{"not_picked":["Fusion+1","Rip and Tear","Conserve Battery+1"],"picked":"Singing Bowl","floor":54}],"player_experience":168866,"relics_obtained":[{"floor":6,"key":"MawBank"},{"floor":8,"key":"Ornamental Fan"},{"floor":9,"key":"Vajra"},{"floor":10,"key":"Happy Flower"},{"floor":12,"key":"MealTicket"},{"floor":23,"key":"PreservedInsect"},{"floor":25,"key":"InkBottle"},{"floor":26,"key":"Centennial Puzzle"},{"floor":30,"key":"Ginger"},{"floor":30,"key":"Bottled Lightning"},{"floor":41,"key":"Blue Candle"},{"floor":47,"key":"Singing Bowl"},{"floor":54,"key":"Symbiotic Virus"}],"event_choices":[{"damage_healed":0,"gold_gain":0,"player_choice":"Got Potions","damage_taken":0,"max_hp_gain":0,"max_hp_loss":0,"event_name":"Lab","floor":2,"gold_loss":0},{"cards_removed":["Hello World"],"damage_healed":0,"gold_gain":0,"player_choice":"Elegance","damage_taken":0,"max_hp_gain":0,"max_hp_loss":0,"event_name":"Back to Basics","floor":21,"gold_loss":0},{"damage_healed":0,"gold_gain":0,"player_choice":"Ignored","damage_taken":0,"max_hp_gain":0,"max_hp_loss":0,"event_name":"Cursed Tome","floor":22,"gold_loss":0},{"damage_healed":0,"gold_gain":0,"player_choice":"Fight","damage_taken":0,"max_hp_gain":0,"max_hp_loss":0,"event_name":"Colosseum","floor":30,"gold_loss":0},{"damage_healed":0,"gold_gain":0,"player_choice":"Fought Nobs","damage_taken":0,"max_hp_gain":0,"max_hp_loss":0,"event_name":"Colosseum","floor":30,"gold_loss":0},{"damage_healed":0,"gold_gain":0,"player_choice":"Memory 1","damage_taken":0,"max_hp_gain":0,"max_hp_loss":0,"event_name":"SensoryStone","floor":44,"gold_loss":0},{"damage_healed":0,"gold_gain":0,"player_choice":"Rummage","damage_taken":0,"relics_obtained":["WarpedTongs"],"max_hp_gain":0,"max_hp_loss":0,"event_name":"Accursed Blacksmith","floor":45,"gold_loss":0,"cards_obtained":["Pain"]}],"is_beta":false,"boss_relics":[{"not_picked":["Velvet Choker","Astrolabe"],"picked":"Sozu"},{"not_picked":["Runic Dome","SacredBark"],"picked":"Fusion Hammer"}],"items_purged_floors":[29,53],"is_endless":false,"potions_floor_spawned":[3,4,10,12,16,24,25,28,30,31,38,41,47,54],"killed_by":"The Heart","ascension_level":3}}