{"host":"wwo1kwxjf4eyz37q","time":1610465367,"event":{"mods":["AchievementEnabler","BaseMod","Colored Map","Minty Spire (QoL Compilation)","Quick Restart","SuperFastMode"],"gold_per_floor":[110,127,147,167,10,38,38,65,92,92,103,133,147,167,167,268,268,279,295,195,214,214,214,240,240,265,265,281,291,291,291,291,389,389,403,420,420,155,155,155,182,182,182,217,264,18,34,34,34,34],"floor_reached":51,"playtime":1946,"items_purged":["Strike_B","Strike_B","Strike_B"],"score":1216,"play_id":"ee0c5e03-c8c8-465c-9d9d-aac2d7c47131","local_time":"20210113002927","is_ascension_mode":true,"campfire_choices":[{"data":"Dualcast","floor":7.0,"key":"SMITH"},{"data":"Zap","floor":10.0,"key":"SMITH"},{"floor":15.0,"key":"REST"},{"data":"Buffer","floor":23.0,"key":"SMITH"},{"data":"Consume","floor":25.0,"key":"SMITH"},{"data":"Capacitor","floor":27.0,"key":"SMITH"},{"data":"Reboot","floor":30.0,"key":"SMITH"},{"data":"Reboot","floor":32.0,"key":"SMITH"},{"data":"Seek","floor":40.0,"key":"SMITH"},{"data":"Thinking Ahead","floor":42.0,"key":"SMITH"},{"floor":49.0,"key":"REST"}],"circlet_count":0,"master_deck":["Strike_B+1","Defend_B+1","Defend_B+1","Defend_B+1","Defend_B+1","Zap+1","Dualcast+1","Reboot+1","Ball Lightning+1","Static Discharge+1","Consume+1","Electrodynamics+1","Undo+1","Reinforced Body+1","Capacitor+1","Buffer+1","Ghostly+1","Ghostly+1","Ghostly+1","Ghostly+1","Ghostly+1","Reboot+1","Conserve Battery+1","Capacitor+1","Tempest+1","Seek+1","Conserve Battery+1","Thunder Strike+1","Thinking Ahead+1","Thinking Ahead+1","Hologram+1","Consume+1","Defragment+1"],"relics":["Cracked Core","Unceasing Top","DataDisk","Lantern","Orichalcum","Velvet Choker","Potion Belt","MealTicket","Inserter","Mercury Hourglass","HornCleat","Ancient Tea Set","Thread and Needle","Mark of the Bloom"],"acts_visited":["Exordium","TheCity","TheBeyond"],"potions_floor_usage":[50,50],"damage_taken":[{"damage":7.0,"enemies":"Jaw Worm","floor":1.0,"turns":3.0},{"damage":0.0,"enemies":"2 Louse","floor":2.0,"turns":2.0},{"damage":2.0,"enemies":"Small Slimes","floor":3.0,"turns":3.0},{"damage":8.0,"enemies":"Blue Slaver","floor":4.0,"turns":3.0},{"damage":30.0,"enemies":"3 Sentries","floor":6.0,"turns":6.0},{"damage":0.0,"enemies":"Gremlin Nob","floor":8.0,"turns":2.0},{"damage":1.0,"enemies":"2 Fungi Beasts","floor":11.0,"turns":2.0},{"damage":9.0,"enemies":"Lagavulin","floor":12.0,"turns":5.0},{"damage":2.0,"enemies":"Gremlin Gang","floor":13.0,"turns":2.0},{"damage":1.0,"enemies":"Exordium Thugs","floor":14.0,"turns":3.0},{"damage":7.0,"enemies":"Slime Boss","floor":16.0,"turns":7.0},{"damage":4.0,"enemies":"2 Thieves","floor":18.0,"turns":2.0},{"damage":0.0,"enemies":"Spheric Guardian","floor":19.0,"turns":3.0},{"damage":5.0,"enemies":"Snecko","floor":21.0,"turns":6.0},{"damage":0.0,"enemies":"Gremlin Leader","floor":24.0,"turns":7.0},{"damage":0.0,"enemies":"Shelled Parasite and Fungi","floor":28.0,"turns":5.0},{"damage":0.0,"enemies":"Sentry and Sphere","floor":29.0,"turns":5.0},{"damage":0.0,"enemies":"Champ","floor":33.0,"turns":9.0},{"damage":0.0,"enemies":"Orb Walker","floor":35.0,"turns":5.0},{"damage":0.0,"enemies":"3 Shapes","floor":36.0,"turns":3.0},{"damage":0.0,"enemies":"Giant Head","floor":41.0,"turns":10.0},{"damage":0.0,"enemies":"Nemesis","floor":44.0,"turns":7.0},{"damage":0.0,"enemies":"2 Orb Walkers","floor":45.0,"turns":3.0},{"damage":0.0,"enemies":"Jaw Worm Horde","floor":47.0,"turns":6.0},{"damage":13,"enemies":"Donu and Deca","floor":50,"turns":5}],"seed_played":"5195441961219110700","potions_obtained":[{"floor":2.0,"key":"FearPotion"},{"floor":3.0,"key":"Energy Potion"},{"floor":6.0,"key":"DuplicationPotion"},{"floor":14.0,"key":"Weak Potion"},{"floor":19.0,"key":"Strength Potion"},{"floor":21.0,"key":"Weak Potion"},{"floor":24.0,"key":"Swift Potion"},{"floor":28.0,"key":"Strength Potion"},{"floor":35.0,"key":"SkillPotion"},{"floor":36.0,"key":"Fire Potion"},{"floor":44.0,"key":"BlessingOfTheForge"}],"is_trial":false,"path_per_floor":["M","M","M","M","$","E","R","E","T","R","M","E","M","M","R","B",null,"M","M","$","M","?","R","E","R","T","R","M","M","R","?","R","B",null,"M","M","?","$","?","R","E","R","T","E","?","$","M","?","R","B",null],"character_chosen":"DEFECT","items_purchased":["Static Discharge","Thunder Strike","Consume","SkillPotion","PotionOfCapacity","SkillPotion"],"campfire_rested":2,"item_purchase_floors":[5,38,46,46,46,46],"current_hp_per_floor":[61,61,59,51,51,21,21,21,21,21,20,11,9,8,30,23,62,58,58,58,53,37,37,37,37,37,37,37,37,37,37,37,37,37,37,37,37,37,32,32,32,32,32,32,32,37,37,37,37,24],"gold":34,"neow_bonus":"ONE_RANDOM_RARE_CARD","is_daily":false,"chose_seed":false,"campfire_upgraded":9,"win_rate":0.0,"timestamp":1610465367,"path_taken":["M","M","M","M","$","E","R","E","T","R","M","E","M","M","R","BOSS","M","M","$","M","?","R","E","R","T","R","M","M","R","?","R","BOSS","M","M","?","$","?","R","E","R","T","E","?","$","?","?","R","BOSS"],"items_purchased_type":["Card","Card","Card","Potion","Potion","Potion"],"build_version":"2020-12-22","purchased_purges":3,"victory":true,"max_hp_per_floor":[75,75,75,75,75,75,75,75,75,75,75,75,75,75,75,75,75,75,75,75,75,37,37,37,37,37,37,37,37,37,37,37,37,37,37,37,37,37,37,37,37,37,37,37,37,37,37,37,37,37],"card_choices":[{"not_picked":["Turbo","FTL","Storm"],"picked":"SKIP","floor":1.0},{"not_picked":["Streamline","Gash"],"picked":"Ball Lightning","floor":2.0},{"not_picked":["Hello World","White Noise","Stack"],"picked":"SKIP","floor":3.0},{"not_picked":["Redo","Force Field","Leap"],"picked":"SKIP","floor":4.0},{"not_picked":["Scrape","Storm"],"picked":"Consume","floor":6.0},{"not_picked":["Go for the Eyes","Storm"],"picked":"Electrodynamics","floor":8.0},{"not_picked":["Ball Lightning","Rip and Tear"],"picked":"Undo","floor":11.0},{"not_picked":["Doom and Gloom","Streamline"],"picked":"Reinforced Body","floor":12.0},{"not_picked":["Cold Snap","Heatsinks","Turbo"],"picked":"SKIP","floor":13.0},{"not_picked":["Redo","Streamline"],"picked":"Capacitor","floor":14.0},{"not_picked":["All For One","Rainbow"],"picked":"Buffer","floor":16.0},{"not_picked":["Turbo+1","Reprogram","Melter"],"picked":"SKIP","floor":18.0},{"not_picked":["Steam","Recycle","Leap"],"picked":"SKIP","floor":19.0},{"not_picked":["Streamline","Hologram","Cold Snap"],"picked":"SKIP","floor":21.0},{"not_picked":["Streamline","Hologram","Cold Snap"],"picked":"SKIP","floor":21.0},{"not_picked":["Gash","Skim"],"picked":"Reboot","floor":24.0},{"not_picked":["FTL","Chill"],"picked":"Conserve Battery","floor":28.0},{"not_picked":["Hologram","Force Field"],"picked":"Capacitor","floor":29.0},{"not_picked":["Hyperbeam","Buffer"],"picked":"Seek","floor":33.0},{"not_picked":["Cold Snap","Reprogram","Double Energy+1"],"picked":"SKIP","floor":35.0},{"not_picked":["Ball Lightning","Hologram+1"],"picked":"Conserve Battery+1","floor":36.0},{"not_picked":["Purity","Forethought"],"picked":"Thinking Ahead","floor":39.0},{"not_picked":["Purity","Bandage Up"],"picked":"Thinking Ahead","floor":39.0},{"not_picked":["Fusion","Darkness+1","Cold Snap+1"],"picked":"SKIP","floor":41.0},{"not_picked":["Streamline","Beam Cell+1"],"picked":"Hologram","floor":44.0},{"not_picked":["Auto Shields+1","Reprogram"],"picked":"Defragment+1","floor":47.0}],"player_experience":224840,"relics_obtained":[{"floor":6.0,"key":"Unceasing Top"},{"floor":8.0,"key":"DataDisk"},{"floor":9.0,"key":"Lantern"},{"floor":12.0,"key":"Orichalcum"},{"floor":24.0,"key":"Potion Belt"},{"floor":26.0,"key":"MealTicket"},{"floor":41.0,"key":"Mercury Hourglass"},{"floor":43.0,"key":"HornCleat"},{"floor":44.0,"key":"Ancient Tea Set"},{"floor":45.0,"key":"Thread and Needle"}],"event_choices":[{"damage_healed":0.0,"max_hp_gain":0.0,"max_hp_loss":38.0,"gold_gain":0.0,"event_name":"Ghosts","player_choice":"Became a Ghost","floor":22.0,"gold_loss":0.0,"damage_taken":0.0,"cards_obtained":["Ghostly","Ghostly","Ghostly","Ghostly","Ghostly"]},{"damage_healed":0.0,"max_hp_gain":0.0,"max_hp_loss":0.0,"gold_gain":0.0,"event_name":"The Library","player_choice":"Read","floor":31.0,"gold_loss":0.0,"damage_taken":0.0,"cards_obtained":["Tempest"]},{"damage_healed":0.0,"max_hp_gain":0.0,"max_hp_loss":0.0,"gold_gain":0.0,"event_name":"Tomb of Lord Red Mask","player_choice":"Ignored","floor":37.0,"gold_loss":0.0,"damage_taken":0.0},{"damage_healed":0.0,"max_hp_gain":0.0,"max_hp_loss":0.0,"gold_gain":0.0,"event_name":"SensoryStone","player_choice":"Memory 2","floor":39.0,"gold_loss":0.0,"damage_taken":5.0},{"damage_healed":0.0,"max_hp_gain":0.0,"max_hp_loss":0.0,"gold_gain":0.0,"event_name":"Mysterious Sphere","player_choice":"Fight","floor":45.0,"gold_loss":0.0,"damage_taken":0.0},{"damage_healed":0.0,"max_hp_gain":0.0,"max_hp_loss":0.0,"gold_gain":0.0,"event_name":"MindBloom","player_choice":"Upgrade","floor":48.0,"gold_loss":0.0,"damage_taken":0.0,"cards_upgraded":["Strike_B","Defend_B","Defend_B","Defend_B","Defend_B","Ball Lightning","Static Discharge","Electrodynamics","Undo","Reinforced Body","Ghostly","Ghostly","Ghostly","Ghostly","Ghostly","Conserve Battery","Capacitor","Tempest","Thunder Strike","Thinking Ahead","Hologram","Consume"],"relics_obtained":["Mark of the Bloom"]}],"is_beta":false,"boss_relics":[{"not_picked":["Snecko Eye","Runic Pyramid"],"picked":"Velvet Choker"},{"not_picked":["Empty Cage","Black Star"],"picked":"Inserter"}],"items_purged_floors":[5,20,38],"is_endless":false,"potions_floor_spawned":[2,3,6,14,19,21,24,28,35,36,44],"ascension_level":7}}