{"host":"6h0diz2ap0m56grs","time":1610489651,"event":{"mods":["2.2 Compatiblity","BaseMod","Colored Map","Marisa????????","Minty Spire (QoL Compilation)","Quick Restart","Replay The Spire","Shop Mod","StSLib","The Servant 0.9.4"],"gold_per_floor":[112,123,141,141,159,189,189,217,298,328,371,403,455,455,455,604,704,756,756,756,786,852,908,972,1021,1021,1067,818,865,454,553,553,687,687,715,715,794,803,765,838,896,896,923,997,1046,1116,971,1024,1024,1044],"floor_reached":51,"language":"ENG","playtime":1854,"items_purged":[],"score":1394,"play_id":"86ba5c90-44ed-4cba-bedb-a030703f6ed1","local_time":"20210112161411","daily_mods":["SealedDeck","Heirloom","Time Dilation","Flight"],"is_ascension_mode":true,"campfire_choices":[{"data":"AsteroidBelt","floor":7,"key":"SMITH"},{"data":"UltimateShortwave","floor":15,"key":"SMITH"},{"data":"Apotheosis","floor":32,"key":"SMITH"},{"data":"SuperNova","floor":32,"key":"SMITH"},{"data":"SuperNova","floor":42,"key":"SMITH"},{"data":"OortCloud","floor":42,"key":"SMITH"},{"data":"Pot Of Greed","floor":49,"key":"SMITH"},{"data":"Pot Of Greed","floor":49,"key":"SMITH"}],"circlet_count":0,"master_deck":["LuminesStrike","OneTimeOff","AlicesGift","SporeBomb","GrandCross+1","AsteroidBelt+1","WitchLeyline","MeteoricShower","MeteoricShower","GasGiant","AsteroidBelt","GrandCross+1","UltimateShortwave+1","SuperNova+1","OortCloud+1","SuperPerseids+1","WitchLeyline+1","Apotheosis+1","SuperNova+1","WitchLeyline","Pot Of Greed+1","Pot Of Greed+1","SuperPerseids+1"],"relics":["MiniHakkero","replay:Trail_Library","Ice Cream","MagicBroom","Incense Burner","ReplayTheSpireMod:Shallot","Vajra","CeramicFish","Replay:Bandana","Ginger","Golden Idol","Replay:Wanted Poster","Red Mask","Girya","Mercury Hourglass","Matryoshka","MerchantsRug","Replay:Arrowhead","Mummified Hand","ClockworkSouvenir","Runic Dome","Prayer Wheel","Grinning Jar","Replay:Wax Seal","Juzu Bracelet","Gremlin Food","Bottled Tornado","Centennial Puzzle","Lantern","Medical Kit","Bottled Flame"],"acts_visited":["Exordium","TheCity","TheBeyond"],"potions_floor_usage":[50,50,50],"damage_taken":[{"damage":0,"enemies":"Cultist","floor":1,"turns":2},{"damage":0,"enemies":"Small Slimes","floor":2,"turns":2},{"damage":0,"enemies":"Jaw Worm","floor":3,"turns":2},{"damage":0,"enemies":"Blue Slaver","floor":5,"turns":2},{"damage":2,"enemies":"3 Sentries","floor":6,"turns":6},{"damage":0,"enemies":"Lagavulin","floor":8,"turns":5},{"damage":0,"enemies":"Gremlin Nob","floor":10,"turns":2},{"damage":0,"enemies":"Lagavulin","floor":11,"turns":4},{"damage":0,"enemies":"Gremlin Nob","floor":12,"turns":2},{"damage":0,"enemies":"3 Sentries","floor":13,"turns":5},{"damage":5,"enemies":"Fading Forest","floor":16,"turns":11},{"damage":0,"enemies":"Spheric Guardian","floor":18,"turns":3},{"damage":0,"enemies":"2 Thieves","floor":21,"turns":3},{"damage":8,"enemies":"Masked Bandits","floor":22,"turns":4},{"damage":0,"enemies":"Replay:Snechameleon","floor":23,"turns":3},{"damage":3,"enemies":"Slavers","floor":24,"turns":3},{"damage":0,"enemies":"Replay:Snechameleon","floor":25,"turns":2},{"damage":0,"enemies":"Gremlin Leader","floor":27,"turns":5},{"damage":0,"enemies":"Slavers","floor":29,"turns":4},{"damage":0,"enemies":"Champ","floor":33,"turns":5},{"damage":0,"enemies":"Orb Walker","floor":35,"turns":2},{"damage":0,"enemies":"Mind Bloom Boss Battle","floor":37,"turns":4},{"damage":0,"enemies":"R_Hoarder","floor":40,"turns":4},{"damage":0,"enemies":"Reptomancer","floor":41,"turns":3},{"damage":0,"enemies":"R_Hoarder","floor":44,"turns":3},{"damage":0,"enemies":"Reptomancer","floor":45,"turns":3},{"damage":0,"enemies":"R_Hoarder","floor":46,"turns":2},{"damage":0,"enemies":"Nemesis","floor":48,"turns":3},{"damage":0,"enemies":"Replay:Hell Engine","floor":50,"turns":4}],"seed_played":"1294954195186367664","potions_obtained":[{"floor":1,"key":"LiquidBronze"},{"floor":5,"key":"Strength Potion"},{"floor":8,"key":"Dexterity Potion"}],"is_trial":true,"path_per_floor":["M","M","M","$","M","E","R","E","T","E","E","E","E","?","R","B",null,"M","?","?","M","?","E","E","E","T","E","$","E","$","?","R","B",null,"M","?","?","?","$","E","E","R","T","E","E","E","$","E","R","B",null],"character_chosen":"MARISA","items_purchased":["MerchantsRug","Apotheosis","Mummified Hand","ClockworkSouvenir","WitchLeyline","Medical Kit"],"campfire_rested":0,"item_purchase_floors":[28,28,30,30,39,47],"current_hp_per_floor":[75,75,75,75,75,73,73,73,73,73,73,73,73,55,55,50,75,75,75,75,75,67,67,64,64,64,64,64,64,64,64,64,64,75,75,75,75,75,75,75,75,75,75,75,75,75,75,75,75,75],"gold":1044,"neow_bonus":"","is_daily":false,"chose_seed":false,"campfire_upgraded":8,"win_rate":0.0,"timestamp":1610489651,"path_taken":["M","M","M","$","?","E","R","E","T","E","E","E","E","?","R","BOSS","M","?","?","?","?","E","E","E","T","E","$","E","$","?","R","BOSS","M","?","?","?","$","E","E","R","T","E","E","E","$","E","R","BOSS"],"items_purchased_type":["Relic","Card","Relic","Relic","Card","Relic"],"build_version":"2020-12-22","purchased_purges":0,"victory":true,"max_hp_per_floor":[75,75,75,75,75,75,75,75,75,75,75,75,75,75,75,75,75,75,75,75,75,75,75,75,75,75,75,75,75,75,75,75,75,75,75,75,75,75,75,75,75,75,75,75,75,75,75,75,75,75],"card_choices":[{"not_picked":["DoubleSpark","Occultation","RefractionSpark"],"picked":"SKIP","floor":1},{"not_picked":["NonDirectionalLaser","EnergyFlow"],"picked":"AsteroidBelt","floor":2},{"not_picked":["DC","Singularity","ShootingEcho"],"picked":"SKIP","floor":3},{"not_picked":["OpenUniverse","StarlightTyphoon","PowerUp"],"picked":"SKIP","floor":5},{"not_picked":["Acceleration","NonDirectionalLaser"],"picked":"GrandCross","floor":6},{"not_picked":["AbsoluteMagnitude","DC","LuminesStrike"],"picked":"SKIP","floor":8},{"not_picked":["MagicAbsorber","MilkyWay","MagicChant"],"picked":"SKIP","floor":10},{"not_picked":["DC","OpenUniverse"],"picked":"UltimateShortwave","floor":11},{"not_picked":["PowerUp","AsteroidBelt","MilkyWay"],"picked":"SKIP","floor":12},{"not_picked":["ChargeUpSpray","AsteroidBelt","EventHorizon"],"picked":"SKIP","floor":13},{"not_picked":["CasketOfStar","MillisecondPulsars"],"picked":"SuperNova","floor":16},{"not_picked":["EventHorizon","EarthLightRay"],"picked":"OortCloud","floor":18},{"not_picked":["GalacticHalo","GrandCross+1","DC"],"picked":"SKIP","floor":21},{"not_picked":["MysteriousBeam","ShootTheMoon"],"picked":"SuperPerseids+1","floor":22},{"not_picked":["SporeBomb","GalacticHalo","MagicAbsorber"],"picked":"SKIP","floor":23},{"not_picked":["EarthLightRay","EventHorizon"],"picked":"WitchLeyline+1","floor":24},{"not_picked":["FairyDestructionRay+1","ShootingEcho","FinalSpark"],"picked":"SKIP","floor":25},{"not_picked":["GrandCross","GravityBeat","RefractionSpark"],"picked":"SKIP","floor":27},{"not_picked":["SporeBomb+1","EventHorizon","DC"],"picked":"SKIP","floor":29},{"not_picked":["Acceleration","SporeBomb","GalacticHalo+1"],"picked":"SKIP","floor":35},{"not_picked":["MilkyWay","LuminesStrike+1","EarthLightRay"],"picked":"SKIP","floor":40},{"not_picked":["FairyDestructionRay+1","GravityBeat","EnergyRecoil"],"picked":"SKIP","floor":41},{"not_picked":["WitchOfGreed+1","UnstableBomb","MilkyWay"],"picked":"SKIP","floor":44},{"not_picked":["MilkyWay+1","EventHorizon","DoubleSpark+1"],"picked":"SKIP","floor":45},{"not_picked":["LuminesStrike+1","PulseMagic+1"],"picked":"SuperPerseids+1","floor":46},{"not_picked":["GalacticHalo","MachineGunSpark","EarthLightRay"],"picked":"SKIP","floor":48}],"player_experience":183921,"relics_obtained":[{"floor":6,"key":"MagicBroom"},{"floor":8,"key":"Incense Burner"},{"floor":9,"key":"ReplayTheSpireMod:Shallot"},{"floor":10,"key":"Vajra"},{"floor":11,"key":"CeramicFish"},{"floor":12,"key":"Replay:Bandana"},{"floor":13,"key":"Ginger"},{"floor":22,"key":"Red Mask"},{"floor":23,"key":"Whetstone"},{"floor":24,"key":"Girya"},{"floor":25,"key":"Mercury Hourglass"},{"floor":26,"key":"Matryoshka"},{"floor":27,"key":"Pantograph"},{"floor":29,"key":"Replay:Arrowhead"},{"floor":37,"key":"Prayer Wheel"},{"floor":40,"key":"Grinning Jar"},{"floor":41,"key":"Replay:Wax Seal"},{"floor":43,"key":"Juzu Bracelet"},{"floor":43,"key":"Gremlin Food"},{"floor":44,"key":"Bottled Tornado"},{"floor":45,"key":"Centennial Puzzle"},{"floor":46,"key":"Lantern"},{"floor":48,"key":"Bottled Flame"}],"event_choices":[{"damage_healed":0,"gold_gain":0,"player_choice":"Take Damage","damage_taken":18,"relics_obtained":["Golden Idol"],"max_hp_gain":0,"max_hp_loss":0,"event_name":"Golden Idol","floor":14,"gold_loss":0},{"damage_healed":0,"gold_gain":0,"player_choice":"Ignored","damage_taken":0,"max_hp_gain":0,"max_hp_loss":0,"event_name":"The Mausoleum","floor":19,"gold_loss":0},{"damage_healed":0,"gold_gain":0,"player_choice":"Ignored","damage_taken":0,"max_hp_gain":0,"max_hp_loss":0,"event_name":"N\u0027loth","floor":20,"gold_loss":0},{"damage_healed":0,"gold_gain":0,"player_choice":"Fought Bandits","damage_taken":0,"max_hp_gain":0,"max_hp_loss":0,"event_name":"Masked Bandits","floor":22,"gold_loss":0},{"damage_healed":0,"gold_gain":99,"player_choice":"Stole From Cult","damage_taken":0,"max_hp_gain":0,"max_hp_loss":0,"event_name":"Nest","floor":31,"gold_loss":0},{"damage_healed":0,"gold_gain":0,"player_choice":"Fight","damage_taken":0,"max_hp_gain":0,"max_hp_loss":0,"event_name":"MindBloom","floor":37,"gold_loss":0},{"damage_healed":0,"gold_gain":0,"player_choice":"1 cards matched","damage_taken":0,"max_hp_gain":0,"max_hp_loss":0,"event_name":"Match and Keep!","floor":38,"gold_loss":0,"cards_obtained":["SuperNova"]}],"is_beta":false,"boss_relics":[{"not_picked":["Painkiller Herb","Snecko Heart"],"picked":"Replay:Wanted Poster"},{"not_picked":["Busted Crown","Empty Cage"],"picked":"Runic Dome"}],"items_purged_floors":[],"is_endless":false,"potions_floor_spawned":[1,5,8,11,12,16,18,21,23,24,35,40,41,45,48],"ascension_level":1}}