{"host":"xyxrly520c9wnx4a","time":1610486431,"event":{"mods":["AchievementEnabler","Act Like it!","BaseMod","Colored Powertips","Minty Spire (QoL Compilation)","Poor People Problems","Quick Restart","Relic Stats","Replay The Spire","StSLib","The Runesmith","Twitch Decklist","UnlockEverythingMod","【功能Mod】混沌之环修复补丁"],"gold_per_floor":[109,109,109,128,144,144,169,186,186,186,205,34,34,34,34],"floor_reached":14,"language":"ZHS","playtime":1574,"items_purged":[],"score":90,"play_id":"02db0098-471e-4eb8-8817-fc910c35a96f","local_time":"20210113052031","is_ascension_mode":false,"campfire_choices":[{"data":"Runesmith:CraftFirestone","floor":6,"key":"SMITH"},{"data":"Runesmith:GrandSlam","floor":13,"key":"SMITH"}],"circlet_count":0,"master_deck":["Runesmith:Strike_RS","Runesmith:Strike_RS","Runesmith:Strike_RS","Runesmith:Defend_RS","Runesmith:Defend_RS","Runesmith:Defend_RS","Runesmith:Defend_RS","Runesmith:CraftFirestone+1","Runesmith:Fortify","Runesmith:LithiumIon","Regret","Runesmith:BackupBattery","Runesmith:Repurpose","Runesmith:StaticCage","Runesmith:Permafrost","Runesmith:GrandSlam+1","Runesmith:WhiteBalance","Runesmith:Fortify","Runesmith:HeatedChisel","Runesmith:FissionHammer","Runesmith:HeatExchange"],"relics":["Runesmith:BrokenRuby","NeowsBlessing","Sundial","White Beast Statue"],"acts_visited":["Exordium"],"potions_floor_usage":[11],"damage_taken":[{"damage":0,"enemies":"Jaw Worm","floor":1,"turns":1},{"damage":0,"enemies":"Small Slimes","floor":4,"turns":1},{"damage":0,"enemies":"2 Louse","floor":5,"turns":1},{"damage":23,"enemies":"Lagavulin","floor":7,"turns":8},{"damage":17,"enemies":"Gremlin Gang","floor":8,"turns":8},{"damage":25,"enemies":"Exordium Wildlife","floor":11,"turns":5},{"damage":3,"enemies":"Replay:BlueRogue","floor":14,"turns":3}],"seed_played":"-8375171583430808759","potions_obtained":[{"floor":4,"key":"SpeedPotion"},{"floor":8,"key":"Toxic Potion"},{"floor":11,"key":"DuplicationPotion"}],"is_trial":false,"path_per_floor":["M","?","?","M","M","R","E","M","T","?","M","$","R","E"],"character_chosen":"RUNESMITH_CLASS","items_purchased":["Runesmith:FissionHammer","Runesmith:HeatExchange"],"campfire_rested":0,"item_purchase_floors":[12,12],"current_hp_per_floor":[70,70,70,70,70,70,47,30,30,30,5,5,5,2,2],"gold":34,"neow_bonus":"THREE_ENEMY_KILL","is_daily":false,"chose_seed":false,"campfire_upgraded":2,"win_rate":0.0,"timestamp":1610486431,"path_taken":["M","?","?","M","M","R","E","M","T","?","M","$","R","E"],"items_purchased_type":["Card","Card"],"build_version":"2020-12-22","purchased_purges":0,"victory":false,"max_hp_per_floor":[70,70,70,70,70,70,70,70,70,70,70,70,70,70,70],"relic_stats":{"counters":[7,27],"Sundial":[4],"obtain_stats":[{"Runesmith:BrokenRuby":0,"NeowsBlessing":0,"Sundial":3,"White Beast Statue":7},{"Runesmith:BrokenRuby":0,"NeowsBlessing":0,"Sundial":1,"White Beast Statue":4},{"Runesmith:BrokenRuby":0,"NeowsBlessing":0,"Sundial":1,"White Beast Statue":11}]},"card_choices":[{"not_picked":["Runesmith:CraftProtectio","Runesmith:HeatExchange"],"picked":"Runesmith:LithiumIon","floor":1},{"not_picked":["Runesmith:HammerThrow","Runesmith:UnstableHammer"],"picked":"Runesmith:BackupBattery","floor":4},{"not_picked":["Runesmith:CraftSpiculum","Runesmith:CraftReservo"],"picked":"Runesmith:Repurpose","floor":5},{"not_picked":["Runesmith:Electrocute","Runesmith:MakeshiftArmor"],"picked":"Runesmith:StaticCage","floor":7},{"not_picked":["Runesmith:CraftVitae","Runesmith:Repurpose"],"picked":"Runesmith:Permafrost","floor":8},{"not_picked":["Runesmith:Accelerate","Runesmith:Augment"],"picked":"Runesmith:HeatedChisel","floor":11}],"player_experience":64841,"relics_obtained":[{"floor":7,"key":"White Beast Statue"}],"event_choices":[{"cards_removed":["Runesmith:Strike_RS"],"damage_healed":0,"gold_gain":0,"player_choice":"Forget","damage_taken":0,"max_hp_gain":0,"max_hp_loss":0,"event_name":"Living Wall","floor":2,"gold_loss":0},{"damage_healed":0,"gold_gain":0,"player_choice":"Box","damage_taken":0,"relics_obtained":["Sundial"],"max_hp_gain":0,"max_hp_loss":0,"event_name":"Big Fish","floor":3,"gold_loss":0,"cards_obtained":["Regret"]},{"damage_healed":0,"gold_gain":0,"player_choice":"3 cards matched","damage_taken":0,"max_hp_gain":0,"max_hp_loss":0,"event_name":"Match and Keep!","floor":10,"gold_loss":0,"cards_obtained":["Runesmith:GrandSlam","Runesmith:WhiteBalance","Runesmith:Fortify"]}],"is_beta":false,"boss_relics":[],"items_purged_floors":[],"is_endless":false,"potions_floor_spawned":[4,8,11],"killed_by":"Replay:BlueRogue","ascension_level":0}}