{"host":"0nnch38g0slmkwok","time":1610464006,"event":{"mods":["BaseMod","Minty Spire (QoL Compilation)","Replay The Spire","StSLib"],"gold_per_floor":[118,118,132,143,161,194,210,210,210],"floor_reached":8,"playtime":492,"items_purged":[],"score":78,"play_id":"169ae965-74c9-4135-ab50-5266341400eb","local_time":"20210112230646","is_ascension_mode":true,"campfire_choices":[],"circlet_count":0,"master_deck":["Strike_R","Strike_R","Strike_R","Strike_R","Strike_R","Defend_R","Defend_R","Defend_R","Defend_R","Bash","Body Slam","Inflame","Wild Strike"],"relics":["Burning Blood","ReplayTheSpireMod:TigerMarble","Ancient Tea Set","Golden Egg"],"acts_visited":["Exordium"],"potions_floor_usage":[],"damage_taken":[{"damage":0.0,"enemies":"Small Slimes","floor":1.0,"turns":2.0},{"damage":6.0,"enemies":"Cultist","floor":3.0,"turns":3.0},{"damage":7.0,"enemies":"2 Louse","floor":4.0,"turns":3.0},{"damage":39.0,"enemies":"Exordium Wildlife","floor":5.0,"turns":5.0},{"damage":32.0,"enemies":"Gremlin Nob","floor":6.0,"turns":4.0},{"damage":14.0,"enemies":"Lots of Slimes","floor":7.0,"turns":4.0},{"damage":26,"enemies":"Lagavulin","floor":8,"turns":6}],"seed_played":"7015165956419247992","potions_obtained":[{"floor":5.0,"key":"Swift Potion"},{"floor":6.0,"key":"Regen Potion"}],"is_trial":false,"path_per_floor":["M","?","M","M","M","E","M","E"],"character_chosen":"IRONCLAD","items_purchased":[],"campfire_rested":0,"item_purchase_floors":[],"current_hp_per_floor":[80,80,80,79,46,20,28,2,2],"gold":210,"neow_bonus":"RANDOM_COMMON_RELIC","is_daily":false,"chose_seed":false,"campfire_upgraded":0,"win_rate":0.0,"timestamp":1610464006,"path_taken":["M","?","M","M","?","E","M","E"],"items_purchased_type":[],"build_version":"2020-12-22","purchased_purges":0,"victory":false,"max_hp_per_floor":[80,80,80,80,80,80,80,80,80],"card_choices":[{"not_picked":["Heavy Blade","Warcry"],"picked":"Carnage","floor":1.0},{"not_picked":["Havoc","ReplayTheSpireMod:Stacked"],"picked":"Body Slam","floor":3.0},{"not_picked":["Warcry","Clothesline"],"picked":"Inflame","floor":4.0},{"not_picked":["Rampage","ReplayReversal"],"picked":"Wild Strike","floor":5.0},{"not_picked":["True Grit","Warcry","Searing Blow"],"picked":"SKIP","floor":6.0},{"not_picked":["Replay:Undeath\u0027s Touch","Shrug It Off","Body Slam"],"picked":"SKIP","floor":7.0}],"player_experience":61074,"relics_obtained":[{"floor":6.0,"key":"Golden Egg"}],"event_choices":[{"cards_removed":["Carnage"],"damage_healed":0.0,"max_hp_gain":0.0,"max_hp_loss":0.0,"gold_gain":0.0,"event_name":"WeMeetAgain","player_choice":"Gave Card","floor":2.0,"gold_loss":0.0,"damage_taken":0.0,"relics_obtained":["Ancient Tea Set"]}],"is_beta":false,"boss_relics":[],"items_purged_floors":[],"is_endless":false,"potions_floor_spawned":[5,6],"killed_by":"Lagavulin","ascension_level":6}}