{"host":"dwyzfvnzfcqffr30","time":1610470127,"event":{"mods":["2.2 Compatiblity","Act Like it!","BaseMod","Beaked The Cultist","Better Altar","Better Match","Better Note","Better Sensory Stone","Better Skull","Better Third Choice","Clockwork Mod","Colored Map","Colored Powertips","Conspire","Downfall","Elementarium","GifTheSpireLib","Halation","Hermit","Hubris","Infinite Spire","Ironclad Rager","Jedi Mod","Menagerie","Mimic Mod","Minty Spire (QoL Compilation)","Permanent Neow","Random Character Button","Replay The Spire","Spicy Shops","Spikes Relics","StSLib","Stuff the Spire","The Construct","The Disciple","The Druid","The Marked","TheFirefly","Trackpad","vexMod"],"gold_per_floor":[18,18,36,55,55,55,85,85,85,115,40,51,6,41,41,118,118,136,149,149,149,159,159,182,182,182,214,225,82,93,93,93,167,167,188,212,228,253,45,73,73,83,83,108,113,148,248,283,283,283,283,283,35,68,58],"floor_reached":56,"playtime":3460,"items_purged":["sneckomod:Bewildered","StuffTheSpire:GnomedCurse","Bash+1"],"score":2079,"play_id":"c1dae4e0-63f0-4ab5-b3d2-d89c0d83f7e1","local_time":"20210112084847","is_ascension_mode":true,"campfire_choices":[{"floor":6,"key":"RECALL"},{"floor":15,"key":"REST"},{"data":"Flex+1","floor":23,"key":"SMITH"},{"floor":32,"key":"REST"},{"data":"Flex+2","floor":41,"key":"SMITH"},{"data":"Massacre+1","floor":49,"key":"SMITH"},{"data":"Heavy Blade+1","floor":52,"key":"SMITH"}],"circlet_count":0,"master_deck":["AscendersBane","Twin Strike+1","Twin Strike+1","Twin Strike+1","Twin Strike+1","Twin Strike+1","Iron Wave+1","Iron Wave+1","Iron Wave+1","Iron Wave+1","MasterReality+1","Apotheosis+1","Rage+1","Massacre+2","Heavy Blade+2","Shrug It Off+1","Reaper+1","Rage+1","Flex+3","Perfected Strike+1","Thunderclap+1","jedi:collectorstrike+1","Absolvement+1","jedi:strikingstrike+1","hubris:SharpeningStone+1","jedi:strikingstrike+1","Uppercut+1","Clash+1","ReplayTheSpireMod:Stacked+1","Flex+1","Fire Breathing+1"],"relics":["Burning Blood","Bottled Tornado","conspire:InfiniteJournal","Quantum Egg","Frozen Egg 2","Molten Egg 2","Toxic Egg 2","hubris:GlazedTorus","vexMod:BarristanHead","jedi:archwizardhat","Centennial Puzzle","Calipers","vexMod:DeviousBotling","Oddly Smooth Stone","ReplayFunnel","trackpad:FieryHotPepper","Shuriken","Blood Vial","Mango","infinitespire:EvilPickle","trackpad:DemonHeart","BargainBundle","jedi:crownofsimplicity","Sundial","jedi:firstaidkit","SpikesRelics:DaevaFist"],"acts_visited":["Menagerie:Menagerie","TheCity","TheBeyond","TheEnding"],"potions_floor_usage":[14,16,18,22,27,42,42,46,50,55,55],"damage_taken":[{"damage":9,"enemies":"Menagerie:MonstrousExperiment","floor":1,"turns":4},{"damage":5,"enemies":"Menagerie:2_RABBITS","floor":3,"turns":3},{"damage":0,"enemies":"Menagerie:StygianBoar","floor":4,"turns":2},{"damage":10,"enemies":"Menagerie:Hydra","floor":7,"turns":4},{"damage":28,"enemies":"Menagerie:MaskedSummoner","floor":10,"turns":6},{"damage":17,"enemies":"Menagerie:BEAST_MAGE_AND_PROWLING_AMALGAM","floor":12,"turns":4},{"damage":3,"enemies":"Menagerie:VoidReaper","floor":14,"turns":2},{"damage":10,"enemies":"Menagerie:Chimera","floor":16,"turns":7},{"damage":7,"enemies":"2 Thieves","floor":18,"turns":2},{"damage":11,"enemies":"Spheric Guardian","floor":19,"turns":3},{"damage":7,"enemies":"Snake Plant","floor":22,"turns":3},{"damage":21,"enemies":"Book of Stabbing","floor":24,"turns":5},{"damage":18,"enemies":"Gremlin Leader","floor":27,"turns":4},{"damage":0,"enemies":"Centurion and Healer","floor":28,"turns":3},{"damage":12,"enemies":"Cultist and Chosen","floor":30,"turns":4},{"damage":4,"enemies":"Pondfish","floor":33,"turns":8},{"damage":4,"enemies":"3 Shapes","floor":35,"turns":2},{"damage":5,"enemies":"Orb Walker","floor":36,"turns":3},{"damage":8,"enemies":"Sphere and 2 Shapes","floor":37,"turns":4},{"damage":4,"enemies":"Spire Growth","floor":38,"turns":3},{"damage":0,"enemies":"Giant Head","floor":40,"turns":6},{"damage":0,"enemies":"3 Darklings","floor":42,"turns":3},{"damage":0,"enemies":"Maw","floor":44,"turns":5},{"damage":2,"enemies":"Spire Growth","floor":45,"turns":4},{"damage":8,"enemies":"Reptomancer","floor":46,"turns":3},{"damage":0,"enemies":"3 Darklings","floor":48,"turns":4},{"damage":26,"enemies":"Awakened One","floor":50,"turns":7},{"damage":33,"enemies":"Shield and Spear","floor":54,"turns":5},{"damage":110,"enemies":"The Heart","floor":55,"turns":6}],"seed_played":"546130044397942457","potions_obtained":[{"floor":10,"key":"AttackPotion"},{"floor":12,"key":"Venom Potion"},{"floor":16,"key":"hexamod:EctoCoolerPotion"},{"floor":18,"key":"ColorlessPotion"},{"floor":19,"key":"SteroidPotion"},{"floor":35,"key":"SkillPotion"},{"floor":45,"key":"Milkshake"},{"floor":46,"key":"DuplicationPotion"},{"floor":48,"key":"jedi:wingpotion"}],"is_trial":false,"path_per_floor":["M","T","M","M","$","R","E","?","T","E","?","M","$","E","R","B",null,"M","M","?","?","M","R","E","T","T","E","M","$","M","AVR","R","B",null,"M","M","M","M","$","E","R","M","T","M","M","E","?","M","R","B",null,"R","$","E","B",null],"character_chosen":"IRONCLAD","items_purchased":["Flex+1","Absolvement+1","BargainBundle","SteroidPotion","Uppercut+1","Clash+1","Flex+1","Fire Breathing+1","Elixir","Cursed Concoction"],"campfire_rested":2,"item_purchase_floors":[13,29,39,39,39,39,53,53,53,53],"current_hp_per_floor":[47,47,48,54,54,54,50,50,50,28,28,34,34,37,57,67,68,68,63,63,63,62,62,47,47,47,35,43,43,39,53,77,81,82,82,82,80,82,82,82,82,82,82,82,82,82,82,82,82,68,79,79,79,75,58],"gold":58,"neow_bonus":"IRONCLAD_BERSERKER","is_daily":false,"chose_seed":false,"campfire_upgraded":4,"win_rate":0.0,"timestamp":1610470127,"path_taken":["M","?","M","?","$","R","E","?","T","E","?","M","$","E","R","BOSS","M","M","?","?","M","R","E","?","T","E","M","$","?","AVR","R","BOSS","M","M","M","M","$","E","R","?","T","M","?","E","?","M","R","BOSS","R","$","E","BOSS"],"items_purchased_type":["Card","Card","Relic","Potion","Card","Card","Card","Card","Potion","Potion"],"build_version":"2020-12-22","purchased_purges":3,"victory":true,"max_hp_per_floor":[68,68,68,68,68,68,68,68,68,68,68,68,68,68,68,68,68,68,68,68,68,68,68,68,68,68,68,68,68,68,82,82,82,82,82,82,82,82,82,82,82,82,82,82,82,82,82,82,82,82,82,82,82,82,82],"card_choices":[{"not_picked":["Clash+1","Heavy Blade+1"],"picked":"Rage+1","floor":1},{"not_picked":["Sentinel+1","Twin Strike+1"],"picked":"Massacre+1","floor":3},{"not_picked":["Body Slam+1","Sever Soul+1"],"picked":"Heavy Blade+1","floor":4},{"not_picked":["Offering+1","Combust+1","Twin Strike+1"],"picked":"SKIP","floor":7},{"not_picked":["Dual Wield+1","Sword Boomerang+1"],"picked":"Shrug It Off+1","floor":10},{"not_picked":["Fiend Fire+1","jedi:strikingstrike+1"],"picked":"jedi:bloodyhammer+1","floor":11},{"not_picked":["Immolate+1","jedi:fear+1"],"picked":"Rage+1","floor":12},{"not_picked":["Sword Boomerang+1","ReplayTheSpireMod:Strike From Hell+1","Dual Wield+1"],"picked":"SKIP","floor":14},{"not_picked":["Seeing Red+1","Dark Embrace+1"],"picked":"Perfected Strike+1","floor":18},{"not_picked":["Flex+1","StuffTheSpire:Slingshot+1"],"picked":"Thunderclap+1","floor":19},{"not_picked":["Blood for Blood+1","Wild Strike+1","Iron Wave+1"],"picked":"SKIP","floor":22},{"not_picked":["Pummel+1","True Grit+1"],"picked":"jedi:collectorstrike+1","floor":24},{"not_picked":["Dropkick+1","Shrug It Off+1","StuffTheSpire:TitanForm+1"],"picked":"SKIP","floor":27},{"not_picked":["Twin Strike+1","Iron Wave+1"],"picked":"jedi:collectorstrike+1","floor":28},{"not_picked":["Rampage+1","Armaments+1"],"picked":"jedi:collectorstrike+1","floor":30},{"not_picked":["Double Tap+1","jedi:collectorstrike+1"],"picked":"jedi:strikingstrike+1","floor":33},{"not_picked":["Flex+1","Clash+1"],"picked":"jedi:collectorstrike+1","floor":35},{"not_picked":["StuffTheSpire:Resist+1","True Grit+1"],"picked":"jedi:collectorstrike+1","floor":36},{"not_picked":["jedi:collectorstrike+1","StuffTheSpire:Incineration+1"],"picked":"hubris:SharpeningStone+1","floor":37},{"not_picked":["jedi:collectorstrike+1","hubris:CleavingFinish+1"],"picked":"jedi:strikingstrike+1","floor":38},{"not_picked":["Bloodletting+1","Rage+1","Anger+1"],"picked":"SKIP","floor":40},{"not_picked":["Iron Wave+1","Dark Embrace+1"],"picked":"jedi:collectorstrike+1","floor":42},{"not_picked":["Second Wind+1","jedi:fear+1"],"picked":"ReplayTheSpireMod:Stacked+1","floor":44},{"not_picked":["Burning Pact+1","jedi:collectorstrike+1"],"picked":"jedi:collectorstrike+1","floor":45},{"not_picked":["Seeing Red+1","jedi:strikingstrike+1"],"picked":"jedi:collectorstrike+1","floor":46},{"not_picked":["StuffTheSpire:Incineration+1","Replay:Undeath\u0027s Touch+1"],"picked":"jedi:collectorstrike+1","floor":48},{"not_picked":["Wild Strike+1","Entrench+1"],"picked":"jedi:collectorstrike+1","floor":54}],"player_experience":2764355,"relics_obtained":[{"floor":2,"key":"hubris:GlazedTorus"},{"floor":7,"key":"vexMod:BarristanHead"},{"floor":9,"key":"jedi:archwizardhat"},{"floor":10,"key":"Centennial Puzzle"},{"floor":14,"key":"Calipers"},{"floor":21,"key":"ReplayFunnel"},{"floor":24,"key":"trackpad:FieryHotPepper"},{"floor":25,"key":"Shuriken"},{"floor":27,"key":"Blood Vial"},{"floor":40,"key":"jedi:crownofsimplicity"},{"floor":43,"key":"Sundial"},{"floor":46,"key":"jedi:firstaidkit"},{"floor":54,"key":"SpikesRelics:DaevaFist"}],"event_choices":[{"damage_healed":0,"gold_gain":0,"player_choice":"Simplicity","damage_taken":0,"max_hp_gain":0,"max_hp_loss":9,"event_name":"betterThird:BetterWriting","floor":0,"gold_loss":0},{"damage_healed":0,"gold_gain":0,"player_choice":"2","damage_taken":0,"max_hp_gain":0,"max_hp_loss":0,"event_name":"betterMatch:BetterMatch","floor":11,"gold_loss":0,"cards_obtained":["betterMatch:RareCard"]},{"damage_healed":0,"gold_gain":100,"player_choice":"Pray","damage_taken":0,"max_hp_gain":0,"max_hp_loss":0,"event_name":"Golden Shrine","floor":47,"gold_loss":0}],"is_beta":false,"boss_relics":[{"not_picked":["Replay:Ancient Bell","vexMod:CursedCompass"],"picked":"vexMod:DeviousBotling"},{"not_picked":["halation:SmartPhone","conspire:SpecialSausage"],"picked":"trackpad:DemonHeart"}],"items_purged_floors":[29,29,31],"is_endless":false,"potions_floor_spawned":[10,12,16,18,19,35,40,45,46,48],"ascension_level":14}}