{"host":"y3h3n3f7seyagppx","time":1610466314,"event":{"mods":["AlwaysNeverKeys","BaseMod","Better Vampires","Colored Powertips","DeckTracker","Emptier Cage","Minty Spire (QoL Compilation)","Permanent Neow","Quick Restart","Rare Cards Sparkle","Relic Sorter","Relic Stats","StSLib","Transform Curses"],"gold_per_floor":[117,135,152,168,179,179,209,209,209,241,241,274,274,307,307,307,307],"floor_reached":16,"playtime":3382,"items_purged":[],"score":260,"play_id":"4c986d78-f42c-4608-8d10-ea758f83fdd4","local_time":"20210112104514","is_ascension_mode":true,"campfire_choices":[{"data":"Immolate","floor":6,"key":"SMITH"},{"floor":8,"key":"REST"},{"data":"Armaments","floor":11,"key":"SMITH"},{"data":"Uppercut","floor":13,"key":"SMITH"},{"data":"Perfected Strike","floor":15,"key":"SMITH"}],"circlet_count":0,"master_deck":["AscendersBane","Strike_R","Strike_R","Strike_R","Strike_R","Strike_R","Defend_R","Defend_R","Defend_R","Defend_R","Bash+1","Evolve","Perfected Strike+1","Thunderclap","Immolate+1","Armaments+1","Uppercut+1","Burning Pact"],"relics":["Burning Blood","Potion Belt","Lantern","Nunchaku","Question Card","Akabeko"],"acts_visited":["Exordium"],"potions_floor_usage":[7,16],"damage_taken":[{"damage":2,"enemies":"2 Louse","floor":1,"turns":2},{"damage":14,"enemies":"Jaw Worm","floor":2,"turns":3},{"damage":19,"enemies":"Small Slimes","floor":3,"turns":5},{"damage":22,"enemies":"Exordium Thugs","floor":4,"turns":4},{"damage":14,"enemies":"3 Louse","floor":5,"turns":2},{"damage":15,"enemies":"Lagavulin","floor":7,"turns":5},{"damage":10,"enemies":"3 Sentries","floor":10,"turns":4},{"damage":6,"enemies":"Gremlin Nob","floor":12,"turns":3},{"damage":15,"enemies":"3 Sentries","floor":14,"turns":5},{"damage":27,"enemies":"Hexaghost","floor":16,"turns":7}],"seed_played":"-1649335629247814314","potions_obtained":[{"floor":1,"key":"SpeedPotion"},{"floor":3,"key":"Fire Potion"},{"floor":5,"key":"AttackPotion"},{"floor":7,"key":"Strength Potion"},{"floor":12,"key":"Strength Potion"}],"is_trial":false,"path_per_floor":["M","M","M","M","M","R","E","R","T","E","R","E","R","E","R","B"],"character_chosen":"IRONCLAD","items_purchased":[],"campfire_rested":1,"item_purchase_floors":[],"current_hp_per_floor":[72,64,51,35,27,27,18,40,40,36,36,36,36,27,27,0,0],"gold":307,"neow_bonus":"UPGRADE_CARD","is_daily":false,"chose_seed":false,"campfire_upgraded":4,"win_rate":0.0,"timestamp":1610466314,"path_taken":["M","M","M","M","M","R","E","R","T","E","R","E","R","E","R","BOSS"],"items_purchased_type":[],"build_version":"2020-12-22","purchased_purges":0,"victory":false,"max_hp_per_floor":[75,75,75,75,75,75,75,75,75,75,75,75,75,75,75,75,75],"relic_stats":{"Nunchaku":[2],"counters":[10,40],"Question Card":1,"obtain_stats":[{"Potion Belt":7,"Lantern":9,"Nunchaku":10,"Question Card":12,"Burning Blood":0,"Akabeko":14},{"Potion Belt":6,"Lantern":6,"Nunchaku":7,"Question Card":8,"Burning Blood":0,"Akabeko":9},{"Potion Belt":21,"Lantern":21,"Nunchaku":25,"Question Card":28,"Burning Blood":0,"Akabeko":33}],"Burning Blood":54},"card_choices":[{"not_picked":["Entrench","Havoc"],"picked":"Evolve","floor":1},{"not_picked":["Clash","Flame Barrier"],"picked":"Perfected Strike","floor":2},{"not_picked":["Body Slam","Dark Embrace"],"picked":"Thunderclap","floor":3},{"not_picked":["Infernal Blade","Spot Weakness"],"picked":"Immolate","floor":4},{"not_picked":["Flex","Searing Blow","Perfected Strike"],"picked":"SKIP","floor":5},{"not_picked":["Evolve","Thunderclap"],"picked":"Armaments","floor":7},{"not_picked":["Bloodletting","Warcry","Clothesline"],"picked":"SKIP","floor":10},{"not_picked":["Flex","Brutality"],"picked":"Uppercut","floor":12},{"not_picked":["Cleave","Havoc","Flex"],"picked":"Burning Pact","floor":14}],"player_experience":20725412,"relics_obtained":[{"floor":7,"key":"Potion Belt"},{"floor":9,"key":"Lantern"},{"floor":10,"key":"Nunchaku"},{"floor":12,"key":"Question Card"},{"floor":14,"key":"Akabeko"}],"event_choices":[],"is_beta":false,"boss_relics":[],"items_purged_floors":[],"is_endless":false,"potions_floor_spawned":[1,3,5,7,12],"killed_by":"Hexaghost","ascension_level":20}}