{"host":"urcd10ipogtopotm","time":1610463973,"event":{"mods":["2.2 Compatiblity","AchievementEnabler","Act Like it!","Bard","BaseMod","Beaked The Cultist","Better Third Choice","Block Reminder","Colored Map","Colored Powertips","Downfall","Hallownest","Hermit","Highlight Path","Infinite Spire","Minty Spire (QoL Compilation)","Permanent Neow","Quick Restart","Random Character Button","Relic Stats","Replay The Spire","Shade Mod","Shop Mod","StSLib","The Blackbeard","The Bug Knight","The Construct","The Cursed","The Disciple","The Forsaken","The Hierophant","The Necromancer","The Runesmith","The Senshi","The Servant 0.9.4"],"gold_per_floor":[18,37,37,37,37,37,3,34,34,34,34,34,34,50,50,155,155,171,183,183,183,121,121,121,121,146,146,166,182,193,209,209,309,309,348,348,385,345,386,386,442,487,487,548,405,405,146,165,165,165,165,165,4,32,32,32],"floor_reached":55,"playtime":4713,"items_purged":["Slimebound:Tackle+1","Slimebound:Tackle+1","All For One+1"],"score":698,"play_id":"9d6565e2-79aa-48f0-96d3-5ffe90e261dd","local_time":"20210112100613","is_ascension_mode":false,"campfire_choices":[{"data":"Dualcast","floor":6.0,"key":"SMITH"},{"data":"Conserve Battery","floor":11.0,"key":"SMITH"},{"data":"Ball Lightning","floor":23.0,"key":"SMITH"},{"floor":25.0,"key":"RECALL"},{"data":"Ball Lightning","floor":27.0,"key":"SMITH"},{"floor":32.0,"key":"REST"},{"floor":40.0,"key":"REST"},{"floor":49.0,"key":"REST"},{"data":"Defend_B","floor":52.0,"key":"SMITH"}],"circlet_count":0,"master_deck":["Defend_B+1","Defend_B","Defend_B+1","Defend_B+1","Zap+1","Dualcast+1","Electrodynamics+1","Conserve Battery+1","Ball Lightning+1","Ball Lightning+1","Go for the Eyes+1","Fission+1","Thunder Strike+1","ReplayTheSpireMod:Calculation Training+1","Fusion+1","Thunder Strike+1","All For One+1","Leap+1"],"relics":["Cracked Core","Golden Egg","betterThird:SlimedRelic","Bag of Preparation","Ring of Chaos","Prayer Wheel","Prayer Wheel","Anchor","ReplayTheSpireMod:TigerMarble","Prayer Wheel","SlaversCollar","infinitespire:EvilPickle","Orichalcum","InkBottle","HollowMod:PaleOreRelic","Membership Card","Replay:Baseball","Oddly Smooth Stone"],"acts_visited":["Exordium","TheCity","TheBeyond","TheEnding"],"potions_floor_usage":[],"damage_taken":[{"damage":0.0,"enemies":"2 Louse","floor":1.0,"turns":2.0},{"damage":0.0,"enemies":"Jaw Worm","floor":2.0,"turns":3.0},{"damage":13.0,"enemies":"3 Sentries","floor":8.0,"turns":3.0},{"damage":0.0,"enemies":"Small Slimes","floor":14.0,"turns":2.0},{"damage":15.0,"enemies":"The Guardian","floor":16.0,"turns":10.0},{"damage":10.0,"enemies":"Shell Parasite","floor":18.0,"turns":4.0},{"damage":31.0,"enemies":"Snecko","floor":19.0,"turns":6.0},{"damage":0.0,"enemies":"3 Cultists","floor":28.0,"turns":3.0},{"damage":0.0,"enemies":"Centurion and Healer","floor":29.0,"turns":3.0},{"damage":9.0,"enemies":"Snake Plant","floor":30.0,"turns":3.0},{"damage":0.0,"enemies":"Shelled Parasite and Fungi","floor":31.0,"turns":2.0},{"damage":31.0,"enemies":"Pondfish","floor":33.0,"turns":8.0},{"damage":0.0,"enemies":"3 Shapes","floor":35.0,"turns":1.0},{"damage":0.0,"enemies":"3 Darklings","floor":37.0,"turns":1.0},{"damage":27.0,"enemies":"Spire Growth","floor":39.0,"turns":5.0},{"damage":15.0,"enemies":"Reptomancer","floor":41.0,"turns":5.0},{"damage":5.0,"enemies":"4 Shapes","floor":42.0,"turns":5.0},{"damage":24.0,"enemies":"Giant Head","floor":44.0,"turns":7.0},{"damage":0.0,"enemies":"Sphere and 2 Shapes","floor":48.0,"turns":1.0},{"damage":44.0,"enemies":"Replay:Hell Engine","floor":50.0,"turns":6.0},{"damage":20,"enemies":"Shield and Spear","floor":54,"turns":4},{"damage":81,"enemies":"The Heart","floor":55,"turns":5}],"seed_played":"7895785283478787791","potions_obtained":[{"floor":1.0,"key":"FocusPotion"},{"floor":2.0,"key":"BlessingOfTheForge"},{"floor":8.0,"key":"Strength Potion"},{"floor":18.0,"key":"PowerPotion"},{"floor":19.0,"key":"GamblersBrew"},{"floor":30.0,"key":"SpeedPotion"},{"floor":39.0,"key":"PotionOfCapacity"},{"floor":44.0,"key":"Adrenaline Potion"},{"floor":54,"key":"Energy Potion"}],"is_trial":false,"path_per_floor":["M","M","?","?","$","R","?","E","T","?","R","?","$","M","R_BF","B",null,"M","M","?","?","?","R","?","R","T","R","M","M","M","M","R","B",null,"M","?","M","?","M","R","E","M","T","E","$","?","$","M","R","B",null,"R","$","E","B"],"character_chosen":"DEFECT","items_purchased":["Thunder Strike","Membership Card","All For One","Leap+1","Replay:Baseball"],"campfire_rested":3,"item_purchase_floors":[45,47,47,53,53],"current_hp_per_floor":[75,75,75,72,72,72,61,48,48,48,48,41,41,41,63,48,75,65,34,34,34,54,54,47,47,47,47,47,47,38,38,60,29,75,75,75,75,75,48,70,55,50,50,26,26,26,26,26,48,4,75,75,75,55,0,0],"gold":32,"neow_bonus":"THREE_RARE_CARDS","is_daily":false,"chose_seed":false,"campfire_upgraded":5,"win_rate":0.0,"timestamp":1610463973,"path_taken":["M","M","?","?","$","R","?","E","T","?","R","?","?","M","R_BF","BOSS","M","M","?","?","?","R","?","R","T","R","M","M","M","M","R","BOSS","M","?","M","?","M","R","E","?","T","E","?","?","$","M","R","BOSS","R","$","E","BOSS"],"items_purchased_type":["Card","Relic","Card","Card","Relic"],"build_version":"2020-12-22","purchased_purges":3,"victory":false,"max_hp_per_floor":[75,75,75,75,75,75,75,75,75,75,75,75,75,75,75,75,75,75,75,75,75,75,75,75,75,75,75,75,75,75,75,75,75,75,75,75,75,75,75,75,75,75,75,75,75,75,75,75,75,75,75,75,75,75,75,75],"relic_stats":{"counters":[22,89],"Prayer Wheel":10,"Bag of Preparation":[38],"Orichalcum":[42],"obtain_stats":[{"Golden Egg":4,"Oddly Smooth Stone":54,"Ring of Chaos":17,"Bag of Preparation":8,"Orichalcum":41,"infinitespire:EvilPickle":34,"SlaversCollar":34,"Anchor":24,"Replay:Baseball":53,"betterThird:SlimedRelic":7,"Prayer Wheel":19,"ReplayTheSpireMod:TigerMarble":26,"HollowMod:PaleOreRelic":44,"Membership Card":47,"Cracked Core":0,"InkBottle":43},{"Golden Egg":2,"Oddly Smooth Stone":21,"Ring of Chaos":5,"Bag of Preparation":3,"Orichalcum":16,"infinitespire:EvilPickle":12,"SlaversCollar":12,"Anchor":7,"Replay:Baseball":20,"betterThird:SlimedRelic":2,"Prayer Wheel":7,"ReplayTheSpireMod:TigerMarble":7,"HollowMod:PaleOreRelic":18,"Membership Card":18,"Cracked Core":0,"InkBottle":17},{"Golden Egg":5,"Oddly Smooth Stone":84,"Ring of Chaos":20,"Bag of Preparation":8,"Orichalcum":61,"infinitespire:EvilPickle":49,"SlaversCollar":49,"Anchor":30,"Replay:Baseball":80,"betterThird:SlimedRelic":5,"Prayer Wheel":26,"ReplayTheSpireMod:TigerMarble":30,"HollowMod:PaleOreRelic":73,"Membership Card":73,"Cracked Core":0,"InkBottle":66}],"InkBottle":[13]},"card_choices":[{"not_picked":["Seek","Fission"],"picked":"Electrodynamics","floor":0.0},{"not_picked":["Rebound","Double Energy"],"picked":"Conserve Battery","floor":1.0},{"not_picked":["Gash","Coolheaded"],"picked":"Ball Lightning","floor":2.0},{"not_picked":["Fission","Streamline","Lockon"],"picked":"SKIP","floor":8.0},{"not_picked":["Steam","Beam Cell","Panic Button"],"picked":"SKIP","floor":14.0},{"not_picked":["Buffer","Amplify"],"picked":"ReplayTheSpireMod:Fabricate Wheel","floor":16.0},{"not_picked":["Consume","Compile Driver+1","Steam Power"],"picked":"SKIP","floor":18.0},{"not_picked":["Amplify","Barrage+1"],"picked":"Ball Lightning","floor":19.0},{"not_picked":["Hologram","Stack"],"picked":"Go for the Eyes+1","floor":19.0},{"not_picked":["Hologram","Conserve Battery","Streamline"],"picked":"SKIP","floor":19.0},{"not_picked":["Ball Lightning+1","FTL","Coolheaded"],"picked":"SKIP","floor":28.0},{"not_picked":["Leap","BootSequence","Streamline"],"picked":"SKIP","floor":28.0},{"not_picked":["Coolheaded","Barrage+1","BasicCrystalCard+1"],"picked":"SKIP","floor":28.0},{"not_picked":["BasicCrystalCard","Stack","Beam Cell"],"picked":"SKIP","floor":28.0},{"not_picked":["Ball Lightning+1","FTL","Coolheaded"],"picked":"SKIP","floor":28.0},{"not_picked":["Leap","BootSequence","Streamline"],"picked":"SKIP","floor":28.0},{"not_picked":["Coolheaded","Barrage+1","BasicCrystalCard+1"],"picked":"SKIP","floor":28.0},{"not_picked":["BasicCrystalCard","Stack","Beam Cell"],"picked":"SKIP","floor":28.0},{"not_picked":["BasicCrystalCard","Rebound","Lockon"],"picked":"SKIP","floor":29.0},{"not_picked":["Conserve Battery","Doom and Gloom","ReplaySort"],"picked":"SKIP","floor":29.0},{"not_picked":["Coolheaded+1","Leap","Melter+1"],"picked":"SKIP","floor":29.0},{"not_picked":["Hologram","Panic Button","Gash+1"],"picked":"SKIP","floor":29.0},{"not_picked":["Mirror Shield","ReplayTheSpireMod:Repulse","Tempest"],"picked":"SKIP","floor":30.0},{"not_picked":["Heatsinks","Barrage","Ball Lightning+1"],"picked":"SKIP","floor":30.0},{"not_picked":["Panic Button","Steam","Lockon"],"picked":"SKIP","floor":30.0},{"not_picked":["Redo","BasicCrystalCard","Leap"],"picked":"SKIP","floor":30.0},{"not_picked":["Crystallizer+1","Mirror Shield","BasicCrystalCard"],"picked":"SKIP","floor":31.0},{"not_picked":["Glacier","Gash","Sweeping Beam"],"picked":"SKIP","floor":31.0},{"not_picked":["Conserve Battery","Gash","Steam"],"picked":"SKIP","floor":31.0},{"not_picked":["Leap","Genetic Algorithm","Panic Button+1"],"picked":"SKIP","floor":31.0},{"not_picked":["Creative AI","All For One"],"picked":"Thunder Strike","floor":33.0},{"not_picked":["Conserve Battery+1","White Noise"],"picked":"ReplayTheSpireMod:Calculation Training+1","floor":35.0},{"not_picked":["Stack+1","Beam Cell+1","Sweeping Beam+1"],"picked":"SKIP","floor":35.0},{"not_picked":["Conserve Battery","Coolheaded","Genetic Algorithm"],"picked":"SKIP","floor":35.0},{"not_picked":["Darkness","Barrage","Crystallizer"],"picked":"SKIP","floor":35.0},{"not_picked":["Conserve Battery+1","Streamline+1"],"picked":"Fusion","floor":37.0},{"not_picked":["Self Repair","Rebound+1","Gash"],"picked":"SKIP","floor":37.0},{"not_picked":["Barrage+1","Darkness+1","Streamline+1"],"picked":"SKIP","floor":37.0},{"not_picked":["Skim","BasicCrystalCard","Leap"],"picked":"SKIP","floor":37.0},{"not_picked":["Rebound","Panic Button","Hologram+1"],"picked":"SKIP","floor":39.0},{"not_picked":["BasicCrystalCard+1","Tempest+1","ReplayTheSpireMod:GoodbyeWorld+1"],"picked":"SKIP","floor":39.0},{"not_picked":["Leap+1","Double Energy+1","Rip and Tear+1"],"picked":"SKIP","floor":39.0},{"not_picked":["Leap+1","Hologram","ReplayTheSpireMod:GoodbyeWorld"],"picked":"SKIP","floor":39.0},{"not_picked":["Barrage+1","BasicCrystalCard","Leap+1"],"picked":"SKIP","floor":41.0},{"not_picked":["Compile Driver+1","Force Field+1","Steam+1"],"picked":"SKIP","floor":42.0},{"not_picked":["Stack","ReplaySort+1","ReplayRNGCard"],"picked":"SKIP","floor":42.0},{"not_picked":["Stack","Steam+1","BasicCrystalCard+1"],"picked":"SKIP","floor":42.0},{"not_picked":["ReplayGash","ReplayTheSpireMod:GoodbyeWorld+1","Stack+1"],"picked":"SKIP","floor":42.0},{"not_picked":["Stack","Steam+1","Leap"],"picked":"SKIP","floor":44.0},{"not_picked":["Hologram","Cold Snap+1","Reprogram"],"picked":"SKIP","floor":48.0},{"not_picked":["Reinforced Body+1","Hologram","ReplaySort"],"picked":"SKIP","floor":48.0},{"not_picked":["Sweeping Beam+1","Seek","Hello World"],"picked":"SKIP","floor":48.0},{"not_picked":["BasicCrystalCard","Gash","Fusion"],"picked":"SKIP","floor":48.0},{"not_picked":["Heatsinks+1","Storm","Coolheaded"],"picked":"SKIP","floor":54}],"player_experience":141241,"relics_obtained":[{"floor":8.0,"key":"Bag of Preparation"},{"floor":26.0,"key":"ReplayTheSpireMod:TigerMarble"},{"floor":41.0,"key":"Orichalcum"},{"floor":43.0,"key":"InkBottle"},{"floor":44.0,"key":"HollowMod:PaleOreRelic"},{"floor":54,"key":"Oddly Smooth Stone"}],"event_choices":[{"damage_healed":0.0,"max_hp_gain":0.0,"max_hp_loss":0.0,"gold_gain":0.0,"event_name":"betterThird:BetterScrap","player_choice":"Relic ","floor":4.0,"gold_loss":0.0,"damage_taken":3.0,"cards_obtained":["BattleHymn"]},{"damage_healed":0.0,"max_hp_gain":0.0,"max_hp_loss":0.0,"gold_gain":0.0,"event_name":"betterThird:BetterGoop","player_choice":"Slimed","floor":7.0,"gold_loss":34.0,"damage_taken":11.0},{"cards_removed":["Strike_B"],"damage_healed":0.0,"max_hp_gain":0.0,"max_hp_loss":0.0,"gold_gain":0.0,"event_name":"Golden Wing","player_choice":"Card Removal","floor":12.0,"gold_loss":0.0,"damage_taken":7.0},{"damage_healed":0.0,"max_hp_gain":0.0,"max_hp_loss":0.0,"gold_gain":0.0,"event_name":"betterThird:BetterWriting","player_choice":"Adaptability","floor":21.0,"gold_loss":0.0,"damage_taken":0.0},{"damage_healed":0.0,"max_hp_gain":0.0,"max_hp_loss":0.0,"gold_gain":0.0,"event_name":"blackbeard:ShipwreckEvent","player_choice":"Anchor","floor":24.0,"gold_loss":0.0,"damage_taken":0.0,"relics_obtained":["Anchor"]},{"cards_removed":["Slimebound:Tackle"],"damage_healed":0.0,"max_hp_gain":0.0,"max_hp_loss":0.0,"gold_gain":0.0,"event_name":"Falling","player_choice":"Removed Attack","floor":36.0,"gold_loss":0.0,"damage_taken":0.0},{"damage_healed":0.0,"max_hp_gain":0.0,"max_hp_loss":0.0,"gold_gain":0.0,"event_name":"Designer","player_choice":"Upgraded Two","floor":38.0,"gold_loss":40.0,"damage_taken":0.0,"cards_upgraded":["Fusion","Defend_B"]},{"damage_healed":0.0,"max_hp_gain":0.0,"max_hp_loss":0.0,"gold_gain":0.0,"event_name":"Upgrade Shrine","player_choice":"Upgraded","floor":46.0,"gold_loss":0.0,"damage_taken":0.0,"cards_upgraded":["Defend_B"]}],"is_beta":false,"boss_relics":[{"not_picked":["Honey Jar","Runic Pyramid"],"picked":"Ring of Chaos"},{"not_picked":["Replay:Ancient Bell","ChewingGum"],"picked":"SlaversCollar"}],"items_purged_floors":[45,47,53],"is_endless":false,"potions_floor_spawned":[1,2,8,18,19,30,39,41,42,44,48,54],"killed_by":"The Heart","ascension_level":0}}