{"host":"d9m9v0h6vo0edadb","time":1610450539,"event":{"mods":["BaseMod","Hermit","Keyboard Shortcuts","Minty Spire (QoL Compilation)","StSLib","SuperFastMode","The Cursed"],"gold_per_floor":[113,24,44,57,1,1,28,28,54,68,88,121,121,141,141,231,231,252,177,195,213,213,227,227,227,227,227,247,261,284,328,328,328,328],"floor_reached":33,"playtime":474,"items_purged":["Strike_G"],"score":562,"play_id":"3c4f2bfe-6e8b-4eca-8808-56d3c97154b1","local_time":"20210112202219","is_ascension_mode":true,"campfire_choices":[{"data":"Cloak And Dagger","floor":6.0,"key":"SMITH"},{"data":"Accuracy","floor":8.0,"key":"SMITH"},{"data":"Terror","floor":15.0,"key":"SMITH"},{"data":"Blade Dance","floor":24.0,"key":"SMITH"},{"floor":27,"key":"REST"},{"floor":32,"key":"REST"}],"circlet_count":0,"master_deck":["AscendersBane","Strike_G","Strike_G","Strike_G","Strike_G","Defend_G","Defend_G","Defend_G","Defend_G","Defend_G","Survivor","Neutralize","Masterful Stab","Accuracy+1","Dagger Spray","Poisoned Stab","Cloak And Dagger+1","Terror+1","Infinite Blades","Acrobatics","Adrenaline","Blade Dance+1","Flechettes+1","Blade Dance+1","Prepared+1"],"relics":["Ring of the Snake","Bronze Scales","Strawberry","MealTicket","Centennial Puzzle","Golden Idol","HoveringKite","Mercury Hourglass","Snake Skull"],"acts_visited":["Exordium","TheCity"],"potions_floor_usage":[30,33],"damage_taken":[{"damage":1.0,"enemies":"2 Louse","floor":1.0,"turns":3.0},{"damage":2.0,"enemies":"Jaw Worm","floor":3.0,"turns":4.0},{"damage":0.0,"enemies":"Small Slimes","floor":4.0,"turns":2.0},{"damage":6.0,"enemies":"3 Sentries","floor":7.0,"turns":6.0},{"damage":1.0,"enemies":"2 Fungi Beasts","floor":10.0,"turns":3.0},{"damage":0.0,"enemies":"Looter","floor":11.0,"turns":2.0},{"damage":8.0,"enemies":"Gremlin Nob","floor":12.0,"turns":3.0},{"damage":14.0,"enemies":"Large Slime","floor":14.0,"turns":4.0},{"damage":21.0,"enemies":"The Guardian","floor":16.0,"turns":9.0},{"damage":0.0,"enemies":"3 Byrds","floor":18.0,"turns":4.0},{"damage":16.0,"enemies":"Spheric Guardian","floor":20.0,"turns":4.0},{"damage":13.0,"enemies":"Centurion and Healer","floor":21.0,"turns":3.0},{"damage":10.0,"enemies":"Chosen and Byrds","floor":23.0,"turns":4.0},{"damage":1,"enemies":"Cultist and Chosen","floor":28,"turns":3},{"damage":15,"enemies":"Snake Plant","floor":29,"turns":3},{"damage":4,"enemies":"3 Cultists","floor":30,"turns":3},{"damage":20,"enemies":"Book of Stabbing","floor":31,"turns":4},{"damage":29,"enemies":"Champ","floor":33,"turns":3}],"seed_played":"9003639184997490223","potions_obtained":[{"floor":1.0,"key":"PowerPotion"},{"floor":7.0,"key":"Fire Potion"},{"floor":10.0,"key":"Poison Potion"},{"floor":12.0,"key":"FearPotion"},{"floor":14.0,"key":"Block Potion"},{"floor":23.0,"key":"Explosive Potion"},{"floor":28,"key":"CultistPotion"},{"floor":30,"key":"CunningPotion"}],"is_trial":false,"path_per_floor":["M","$","M","M","$","R","E","R","T","M","M","E","?","M","R","B",null,"M","$","M","M","?","M","R","?","T","R","M","M","M","E","R","B"],"character_chosen":"THE_SILENT","items_purchased":["Accuracy","Cloak And Dagger"],"campfire_rested":2,"item_purchase_floors":[2,5],"current_hp_per_floor":[58,58,56,56,56,56,57,57,57,56,56,48,48,34,34,13,53,53,66,50,37,37,27,27,27,27,46,45,30,26,6,25,0,0],"gold":328,"neow_bonus":"RANDOM_COMMON_RELIC","is_daily":false,"chose_seed":false,"campfire_upgraded":4,"win_rate":0.0,"timestamp":1610450539,"path_taken":["M","$","M","M","$","R","E","R","T","M","M","E","?","M","R","BOSS","M","$","M","M","?","M","R","?","T","R","?","M","M","E","R","BOSS"],"items_purchased_type":["Card","Card"],"build_version":"2020-12-22","purchased_purges":1,"victory":false,"max_hp_per_floor":[66,66,66,66,66,66,73,73,73,73,73,73,66,66,66,66,66,66,66,66,66,66,66,66,66,66,66,66,66,66,66,66,66,66],"card_choices":[{"not_picked":["Backflip","Footwork"],"picked":"Masterful Stab","floor":1.0},{"not_picked":["Dagger Throw","All Out Attack"],"picked":"Dagger Spray","floor":3.0},{"not_picked":["Deflect","Underhanded Strike"],"picked":"Poisoned Stab","floor":4.0},{"not_picked":["Deflect","Dagger Throw"],"picked":"Terror","floor":7.0},{"not_picked":["Blur","Accuracy"],"picked":"Infinite Blades","floor":10.0},{"not_picked":["Bane","Deadly Poison"],"picked":"Acrobatics","floor":11.0},{"not_picked":["Calculated Gamble","Distraction","Blur"],"picked":"SKIP","floor":12.0},{"not_picked":["Terror","All Out Attack","Calculated Gamble"],"picked":"SKIP","floor":14.0},{"not_picked":["Doppelganger","Tools of the Trade"],"picked":"Adrenaline","floor":16.0},{"not_picked":["Bouncing Flask","Deadly Poison","Bane+1"],"picked":"SKIP","floor":18.0},{"not_picked":["Backflip","Dagger Spray"],"picked":"Blade Dance","floor":20.0},{"not_picked":["Dagger Spray","Outmaneuver"],"picked":"Flechettes+1","floor":21.0},{"not_picked":["Setup","Deadly Poison+1","Blur"],"picked":"SKIP","floor":23.0},{"not_picked":["Dagger Spray","Underhanded Strike","Catalyst"],"picked":"SKIP","floor":28},{"not_picked":["Sucker Punch","Dodge and Roll","Blade Dance"],"picked":"SKIP","floor":29},{"not_picked":["Burst","Deflect","Dodge and Roll+1"],"picked":"SKIP","floor":30},{"not_picked":["Deadly Poison","Concentrate"],"picked":"Prepared+1","floor":31}],"player_experience":965036,"relics_obtained":[{"floor":7.0,"key":"Strawberry"},{"floor":9.0,"key":"MealTicket"},{"floor":12.0,"key":"Centennial Puzzle"},{"floor":26,"key":"Mercury Hourglass"},{"floor":31,"key":"Snake Skull"}],"event_choices":[{"damage_healed":0.0,"max_hp_gain":0.0,"max_hp_loss":7.0,"gold_gain":0.0,"event_name":"Golden Idol","player_choice":"Lose Max HP","floor":13.0,"gold_loss":0.0,"damage_taken":0.0,"relics_obtained":["Golden Idol"]},{"damage_healed":0.0,"max_hp_gain":0.0,"max_hp_loss":0.0,"gold_gain":0.0,"event_name":"Ghosts","player_choice":"Ignored","floor":22.0,"gold_loss":0.0,"damage_taken":0.0},{"damage_healed":0,"gold_gain":0,"player_choice":"Copied","damage_taken":0,"max_hp_gain":0,"max_hp_loss":0,"event_name":"Duplicator","floor":25,"gold_loss":0,"cards_obtained":["Blade Dance"]}],"is_beta":false,"boss_relics":[{"not_picked":["Black Star","Philosopher\u0027s Stone"],"picked":"HoveringKite"}],"items_purged_floors":[19],"is_endless":false,"potions_floor_spawned":[1,7,10,12,14,23,28,30],"killed_by":"Champ","ascension_level":20}}