{"host":"tmzq6unyecs2p367","time":1610476808,"event":{"mods":["BaseMod","Koishi","Minty Spire (QoL Compilation)","StSLib","The Bug Knight","The Dragon Tamer","The Juggle","The Senshi"],"gold_per_floor":[116,116,127,146,165,165,200,275,275,303,303,337,337,354,354,454,454,465,476,505,524,524,552,552,581,608,608,59,86,185,202,202,307,307,327,345,0,0,0,33,33,65,65,96,111,111,129,162,162,162],"floor_reached":51,"playtime":1766,"items_purged":[],"score":1412,"play_id":"6ff87ca5-2aa7-4feb-b5f2-9bf6e6b6aaab","local_time":"20210112194008","is_ascension_mode":true,"metric_token":531,"campfire_choices":[{"data":"DTMod:Training","floor":6,"key":"SMITH"},{"data":"DTMod:Overwhelm","floor":11,"key":"SMITH"},{"data":"DTMod:OpeningTactic","floor":13,"key":"SMITH"},{"data":"DTMod:Overwhelm","floor":15,"key":"SMITH"},{"data":"DTMod:EchoTactic","floor":24,"key":"SMITH"},{"data":"DTMod:TauntingStrike","floor":32,"key":"SMITH"},{"data":"DTMod:Dissolve","floor":46,"key":"SMITH"},{"data":"DTMod:Dissolve","floor":49,"key":"SMITH"}],"dtmod_dragon_data":[25,58,4,0,13,0],"circlet_count":0,"master_deck":["DTMod:Strike","DTMod:Strike","DTMod:Strike","DTMod:Strike","DTMod:DoubleHit","DTMod:TargetDefense","DTMod:TargetDefense","DTMod:TargetDefense","DTMod:SwitchingTactic","DTMod:Overwhelm+1","DTMod:FierySynthesis","DTMod:BalancedStrike","DTMod:Training+1","DTMod:TauntingStrike+1","DTMod:Overwhelm+1","DTMod:BurningForce","DTMod:OpeningTactic+1","DTMod:EchoTactic+1","DTMod:MagiciansMark","DTMod:TauntingStrike+1","Necronomicurse","DTMod:ComboAttack","DTMod:BreakAttack","DTMod:Multitask","DTMod:BizarreTactic+1","DTMod:Safeguard","DTMod:Dissolve+1","DTMod:Dissolve+1","DTMod:PurifyingFlame+1"],"relics":["Runic Pyramid","PreservedInsect","Nunchaku","Matryoshka","Blue Candle","Coffee Dripper","Red Mask","Necronomicon","theSenshi:SuperSailorFukuRelic","Boot","Gremlin Horn","Lantern","Art of War","Ice Cream","Pear","Bag of Preparation","Busted Crown","Membership Card","Gambling Chip","Pantograph","Anchor","Akabeko","theSenshi:SpiralHeartMoonRodRelic","Blood Vial","theSenshi:SailorFukuRelic"],"acts_visited":["Exordium","TheCity","TheBeyond"],"potions_floor_usage":[7,10,12,18,21,25,33,45,45,50,50],"damage_taken":[{"damage":0,"enemies":"Small Slimes","floor":1,"turns":4},{"damage":0,"enemies":"Cultist","floor":3,"turns":3},{"damage":0,"enemies":"2 Louse","floor":4,"turns":1},{"damage":0,"enemies":"Blue Slaver","floor":5,"turns":3},{"damage":0,"enemies":"Gremlin Nob","floor":7,"turns":2},{"damage":0,"enemies":"Lagavulin","floor":10,"turns":2},{"damage":0,"enemies":"3 Sentries","floor":12,"turns":3},{"damage":0,"enemies":"2 Fungi Beasts","floor":14,"turns":2},{"damage":0,"enemies":"Slime Boss","floor":16,"turns":8},{"damage":0,"enemies":"3 Byrds","floor":18,"turns":3},{"damage":3,"enemies":"Chosen","floor":19,"turns":3},{"damage":0,"enemies":"Masked Bandits","floor":20,"turns":3},{"damage":0,"enemies":"Snecko","floor":21,"turns":3},{"damage":0,"enemies":"Gremlin Leader","floor":23,"turns":3},{"damage":0,"enemies":"Slavers","floor":25,"turns":2},{"damage":0,"enemies":"Gremlin Leader","floor":29,"turns":2},{"damage":0,"enemies":"Sentry and Sphere","floor":31,"turns":3},{"damage":0,"enemies":"Automaton","floor":33,"turns":6},{"damage":0,"enemies":"Orb Walker","floor":35,"turns":2},{"damage":0,"enemies":"3 Shapes","floor":36,"turns":4},{"damage":0,"enemies":"Nemesis","floor":40,"turns":3},{"damage":0,"enemies":"Reptomancer","floor":42,"turns":3},{"damage":0,"enemies":"Giant Head","floor":44,"turns":5},{"damage":0,"enemies":"Spire Growth","floor":45,"turns":1},{"damage":0,"enemies":"3 Darklings","floor":47,"turns":2},{"damage":0,"enemies":"HollowMod:StalkingDevout","floor":48,"turns":2},{"damage":27,"enemies":"Time Eater","floor":50,"turns":10}],"seed_played":"-1932505472412489817","potions_obtained":[{"floor":3,"key":"Regen Potion"},{"floor":4,"key":"DistilledChaos"},{"floor":5,"key":"GamblersBrew"},{"floor":10,"key":"Explosive Potion"},{"floor":20,"key":"SpeedPotion"},{"floor":23,"key":"Strength Potion"},{"floor":31,"key":"ColorlessPotion"},{"floor":33,"key":"ColorlessPotion"},{"floor":40,"key":"Strength Potion"},{"floor":45,"key":"SmokeBomb"},{"floor":47,"key":"FearPotion"}],"is_trial":false,"path_per_floor":["M","?","M","M","M","R","E","?","T","E","R","E","R","M","R","B",null,"M","M","?","M","?","E","R","E","T","?","$","E","?","M","R","B",null,"M","M","$","?","?","E","?","E","T","E","M","R","M","E","R","B",null],"character_chosen":"THE_DT","items_purchased":["Ice Cream","Pear","Membership Card","DTMod:Dissolve","Gambling Chip"],"campfire_rested":0,"item_purchase_floors":[28,28,37,37,37],"current_hp_per_floor":[45,45,45,45,45,45,45,34,34,34,34,34,34,34,34,34,45,45,42,42,42,26,26,26,26,26,26,36,36,36,36,36,36,55,55,55,55,52,52,52,52,52,52,52,52,52,52,52,52,27],"gold":162,"neow_bonus":"BOSS_RELIC","is_daily":false,"chose_seed":false,"campfire_upgraded":8,"win_rate":0.0,"timestamp":1610476808,"path_taken":["M","?","?","?","M","R","E","?","T","E","R","E","R","M","R","BOSS","M","M","?","M","?","E","R","E","T","?","$","E","?","?","R","BOSS","M","?","$","?","?","E","?","E","T","E","M","R","?","E","R","BOSS"],"items_purchased_type":["Relic","Relic","Relic","Card","Relic"],"build_version":"2020-12-22","purchased_purges":0,"victory":true,"max_hp_per_floor":[45,45,45,45,45,45,45,45,45,45,45,45,45,45,45,45,45,45,45,45,45,45,45,45,45,45,45,55,55,55,55,55,55,55,55,55,55,52,52,52,52,52,52,52,52,52,52,52,52,52],"card_choices":[{"not_picked":["DTMod:Hide","DTMod:Punisher"],"picked":"DTMod:Overwhelm","floor":1},{"not_picked":["DTMod:ForkedFire","DTMod:Weaken"],"picked":"DTMod:BalancedStrike","floor":3},{"not_picked":["DTMod:RunningTactic","DTMod:Observe"],"picked":"DTMod:Training","floor":4},{"not_picked":["DTMod:Hide","DTMod:Training"],"picked":"DTMod:TauntingStrike","floor":5},{"not_picked":["DTMod:QuickFly","DTMod:BuildUp"],"picked":"DTMod:Overwhelm","floor":7},{"not_picked":["DTMod:Punisher","DTMod:BurningEnergy"],"picked":"DTMod:BurningForce","floor":10},{"not_picked":["DTMod:MasterPlan","DTMod:Cover"],"picked":"DTMod:OpeningTactic","floor":12},{"not_picked":["DTMod:MasterPlan","DTMod:Training","DTMod:HeatWave"],"picked":"SKIP","floor":14},{"not_picked":["DTMod:OpeningTactic","DTMod:ExcessFootwork"],"picked":"DTMod:EchoTactic","floor":16},{"not_picked":["DTMod:BlazingStrike","DTMod:BizarreTactic","DTMod:Training"],"picked":"SKIP","floor":18},{"not_picked":["DTMod:Threaten","DTMod:ForkedFire+1"],"picked":"DTMod:MagiciansMark","floor":19},{"not_picked":["DTMod:BurningEnergy","DTMod:BuildUp"],"picked":"DTMod:TauntingStrike+1","floor":21},{"not_picked":["DTMod:BizarreTactic+1","DTMod:Hide"],"picked":"DTMod:ComboAttack","floor":23},{"not_picked":["DTMod:Astonish","DTMod:Threaten+1"],"picked":"DTMod:BreakAttack","floor":25},{"not_picked":["DTMod:BlazingStrike","DTMod:MagicField"],"picked":"DTMod:Multitask","floor":29},{"not_picked":["DTMod:Weaken","DTMod:Hide"],"picked":"DTMod:BizarreTactic+1","floor":31},{"not_picked":["DTMod:SealedStrike","DTMod:ExcessFootwork"],"picked":"DTMod:Safeguard","floor":33},{"not_picked":["DTMod:TauntingStrike"],"picked":"SKIP","floor":35},{"not_picked":["DTMod:BreakAttack"],"picked":"SKIP","floor":36},{"not_picked":["DTMod:QuickFly"],"picked":"SKIP","floor":40},{"not_picked":[],"picked":"DTMod:PurifyingFlame+1","floor":42},{"not_picked":["DTMod:MasterPlan"],"picked":"SKIP","floor":44},{"not_picked":["DTMod:BlueScale+1"],"picked":"SKIP","floor":45},{"not_picked":["DTMod:ShieldDrain+1"],"picked":"SKIP","floor":47},{"not_picked":["DTMod:Multitask"],"picked":"SKIP","floor":48}],"player_experience":1833908,"relics_obtained":[{"floor":7,"key":"PreservedInsect"},{"floor":9,"key":"Nunchaku"},{"floor":10,"key":"Matryoshka"},{"floor":12,"key":"Blue Candle"},{"floor":20,"key":"Red Mask"},{"floor":22,"key":"Necronomicon"},{"floor":23,"key":"theSenshi:SuperSailorFukuRelic"},{"floor":25,"key":"Boot"},{"floor":26,"key":"Gremlin Horn"},{"floor":26,"key":"Lantern"},{"floor":29,"key":"Bag of Preparation"},{"floor":40,"key":"Pantograph"},{"floor":42,"key":"Anchor"},{"floor":43,"key":"Akabeko"},{"floor":43,"key":"theSenshi:SpiralHeartMoonRodRelic"},{"floor":44,"key":"Blood Vial"},{"floor":48,"key":"theSenshi:SailorFukuRelic"}],"event_choices":[{"damage_healed":0,"gold_gain":0,"cards_transformed":["DTMod:TargetDefense"],"player_choice":"Transformed","damage_taken":0,"max_hp_gain":0,"max_hp_loss":0,"event_name":"Transmorgrifier","floor":2,"gold_loss":0,"cards_obtained":["DTMod:FierySynthesis"]},{"damage_healed":0,"gold_gain":75,"player_choice":"Gather Gold","damage_taken":11,"max_hp_gain":0,"max_hp_loss":0,"event_name":"World of Goop","floor":8,"gold_loss":0},{"damage_healed":0,"gold_gain":0,"player_choice":"Fought Bandits","damage_taken":0,"max_hp_gain":0,"max_hp_loss":0,"event_name":"Masked Bandits","floor":20,"gold_loss":0},{"damage_healed":0,"gold_gain":0,"player_choice":"Obtained Book","damage_taken":16,"max_hp_gain":0,"max_hp_loss":0,"event_name":"Cursed Tome","floor":22,"gold_loss":0},{"damage_healed":0,"gold_gain":0,"player_choice":"Opened","damage_taken":0,"relics_obtained":["Art of War"],"max_hp_gain":0,"max_hp_loss":0,"event_name":"The Mausoleum","floor":27,"gold_loss":0},{"damage_healed":0,"gold_gain":99,"player_choice":"Stole From Cult","damage_taken":0,"max_hp_gain":0,"max_hp_loss":0,"event_name":"Nest","floor":30,"gold_loss":0},{"damage_healed":0,"gold_gain":0,"player_choice":"Max HP","damage_taken":0,"max_hp_gain":0,"max_hp_loss":3,"event_name":"Winding Halls","floor":38,"gold_loss":0},{"damage_healed":0,"gold_gain":0,"player_choice":"Ignored","damage_taken":0,"max_hp_gain":0,"max_hp_loss":0,"event_name":"Tomb of Lord Red Mask","floor":39,"gold_loss":0},{"damage_healed":0,"gold_gain":0,"player_choice":"Copied","damage_taken":0,"max_hp_gain":0,"max_hp_loss":0,"event_name":"Duplicator","floor":41,"gold_loss":0,"cards_obtained":["DTMod:Dissolve"]}],"is_beta":false,"boss_relics":[{"not_picked":["Pandora\u0027s Box","Snecko Eye"],"picked":"Coffee Dripper"},{"not_picked":["SacredBark","Velvet Choker"],"picked":"Busted Crown"}],"items_purged_floors":[],"is_endless":false,"potions_floor_spawned":[3,4,5,10,20,23,31,33,40,45,47],"ascension_level":3}}