{"host":"7l2t4psy44vpcd9q","time":1610456556,"event":{"mods":["AchievementEnabler","BaseMod","DeckTracker","Minty Spire (QoL Compilation)","SuperFastMode"],"gold_per_floor":[111,129,54,71,71,104,104,135,162,162,180,190,200,213,213,290,290,301,94,105,124,124,124,124,142,142,157,189,189,219,219,219,297,297,308,308,320,334,359,394,180,180,180,180,130,148,168,201,201,201,201,201],"floor_reached":51,"playtime":2555,"items_purged":["Strike_R","Strike_R","Strike_R","Feed"],"score":1468,"play_id":"90ae2f75-287e-4f4f-9092-adefdc6f3862","local_time":"20210112220236","is_ascension_mode":true,"campfire_choices":[{"data":"Bludgeon","floor":7.0,"key":"SMITH"},{"floor":10.0,"key":"REST"},{"data":"Armaments","floor":15.0,"key":"SMITH"},{"floor":23.0,"key":"REST"},{"floor":29.0,"key":"REST"},{"data":"Uppercut","floor":32.0,"key":"SMITH"},{"floor":42.0,"key":"REST"},{"data":"Offering","floor":44.0,"key":"SMITH"},{"floor":49.0,"key":"REST"}],"circlet_count":0,"master_deck":["AscendersBane","Defend_R","Defend_R","Bash","Bludgeon+1","Cleave","Flex","Feed","Armaments+1","Pommel Strike","Metallicize","Uppercut+1","Headbutt+1","Feel No Pain+1","Shrug It Off","Necronomicurse","Offering+1","Juggernaut+1","Power Through+1","Havoc+1","Shrug It Off+1","Seeing Red","Carnage","Shrug It Off","Shockwave"],"relics":["Burning Blood","Happy Flower","Red Skull","Smiling Mask","Velvet Choker","Lee\u0027s Waffle","Paper Frog","Regal Pillow","Toy Ornithopter","Necronomicon","Astrolabe","Unceasing Top","Ice Cream","Ancient Tea Set","Gremlin Horn","Pear"],"acts_visited":["Exordium","TheCity","TheBeyond"],"potions_floor_usage":[],"damage_taken":[{"damage":6.0,"enemies":"Cultist","floor":1.0,"turns":3.0},{"damage":4.0,"enemies":"2 Louse","floor":2.0,"turns":3.0},{"damage":0.0,"enemies":"Small Slimes","floor":4.0,"turns":3.0},{"damage":55.0,"enemies":"Gremlin Nob","floor":6.0,"turns":5.0},{"damage":25.0,"enemies":"Lagavulin","floor":8.0,"turns":6.0},{"damage":0.0,"enemies":"Looter","floor":11.0,"turns":1.0},{"damage":9.0,"enemies":"Large Slime","floor":12.0,"turns":5.0},{"damage":1.0,"enemies":"Exordium Wildlife","floor":13.0,"turns":3.0},{"damage":8.0,"enemies":"Blue Slaver","floor":14.0,"turns":2.0},{"damage":28.0,"enemies":"The Guardian","floor":16.0,"turns":11.0},{"damage":20.0,"enemies":"Shell Parasite","floor":18.0,"turns":3.0},{"damage":20.0,"enemies":"3 Byrds","floor":20.0,"turns":6.0},{"damage":28.0,"enemies":"Snecko","floor":21.0,"turns":7.0},{"damage":22.0,"enemies":"Centurion and Healer","floor":25.0,"turns":6.0},{"damage":0.0,"enemies":"Snake Plant","floor":27.0,"turns":1.0},{"damage":35.0,"enemies":"Slavers","floor":28.0,"turns":5.0},{"damage":4.0,"enemies":"Gremlin Leader","floor":30.0,"turns":5.0},{"damage":43.0,"enemies":"Champ","floor":33.0,"turns":10.0},{"damage":32.0,"enemies":"3 Darklings","floor":35.0,"turns":6.0},{"damage":0.0,"enemies":"Orb Walker","floor":37.0,"turns":2.0},{"damage":22.0,"enemies":"Spire Growth","floor":38.0,"turns":4.0},{"damage":6.0,"enemies":"Mind Bloom Boss Battle","floor":39.0,"turns":7.0},{"damage":41.0,"enemies":"Giant Head","floor":40.0,"turns":6.0},{"damage":15.0,"enemies":"Jaw Worm Horde","floor":46.0,"turns":3.0},{"damage":9.0,"enemies":"4 Shapes","floor":47.0,"turns":5.0},{"damage":37.0,"enemies":"Nemesis","floor":48.0,"turns":3.0},{"damage":78.0,"enemies":"Awakened One","floor":50.0,"turns":14.0},{"damage":46,"enemies":"Time Eater","floor":51,"turns":3}],"seed_played":"-7508171282133625592","potions_obtained":[{"floor":2.0,"key":"Strength Potion"},{"floor":8.0,"key":"Explosive Potion"},{"floor":11.0,"key":"Dexterity Potion"},{"floor":12.0,"key":"Weak Potion"},{"floor":13.0,"key":"DistilledChaos"},{"floor":21.0,"key":"AttackPotion"},{"floor":25.0,"key":"SkillPotion"},{"floor":28.0,"key":"PowerPotion"},{"floor":37.0,"key":"LiquidBronze"},{"floor":40.0,"key":"PowerPotion"},{"floor":46.0,"key":"Weak Potion"}],"is_trial":false,"path_per_floor":["M","M","$","M","$","E","R","E","T","R","M","M","M","M","R","B",null,"M","$","M","M","?","R","?","M","T","M","E","R","E","?","R","B",null,"M","?","M","M","?","E","$","R","T","R","$","M","M","E","R","B","B"],"character_chosen":"IRONCLAD","items_purchased":["Lee\u0027s Waffle","Ancient Tea Set"],"campfire_rested":5,"item_purchase_floors":[19,41],"current_hp_per_floor":[68,70,70,75,75,26,26,10,10,33,39,36,44,45,45,23,69,55,91,84,62,33,63,63,51,51,60,34,82,84,63,63,26,91,69,69,75,59,62,30,30,81,81,81,81,77,74,53,107,45,0,0],"gold":201,"neow_bonus":"ONE_RANDOM_RARE_CARD","is_daily":false,"chose_seed":false,"campfire_upgraded":4,"win_rate":0.0,"timestamp":1610456556,"path_taken":["M","?","$","M","?","E","R","E","T","R","M","M","M","M","R","BOSS","M","?","M","M","?","R","?","?","T","?","E","R","E","?","R","BOSS","M","?","M","M","?","E","?","R","T","R","$","M","M","E","R","BOSS","BOSS"],"items_purchased_type":["Relic","Relic"],"build_version":"2020-12-22","purchased_purges":4,"victory":false,"max_hp_per_floor":[75,75,75,75,75,75,75,78,78,78,78,78,81,84,84,84,84,84,91,98,98,103,103,103,107,107,110,113,113,113,113,113,113,113,117,117,117,117,120,123,123,123,123,123,123,123,123,133,133,133,133,133],"card_choices":[{"not_picked":["Warcry","Bloodletting"],"picked":"Cleave","floor":1.0},{"not_picked":["Anger","Body Slam"],"picked":"Flex","floor":2.0},{"not_picked":["Headbutt","Shrug It Off"],"picked":"Feed","floor":4.0},{"not_picked":["Clothesline","Wild Strike"],"picked":"Armaments","floor":6.0},{"not_picked":["True Grit","Wild Strike"],"picked":"Pommel Strike","floor":8.0},{"not_picked":["Warcry","Thunderclap","Twin Strike"],"picked":"SKIP","floor":11.0},{"not_picked":["Armaments","Headbutt","Thunderclap"],"picked":"SKIP","floor":12.0},{"not_picked":["Searing Blow","Second Wind"],"picked":"Anger","floor":13.0},{"not_picked":["Wild Strike","Armaments","Combust"],"picked":"SKIP","floor":14.0},{"not_picked":["Demon Form","Exhume"],"picked":"Feed","floor":16.0},{"not_picked":["Flex","Body Slam","Twin Strike"],"picked":"SKIP","floor":18.0},{"not_picked":["Juggernaut","Perfected Strike"],"picked":"Metallicize","floor":20.0},{"not_picked":["Headbutt","Blood for Blood"],"picked":"Uppercut","floor":21.0},{"not_picked":["Bloodletting","Whirlwind"],"picked":"Headbutt+1","floor":25.0},{"not_picked":["Flex","Anger+1"],"picked":"Feel No Pain+1","floor":27.0},{"not_picked":["Flex","Sword Boomerang","Perfected Strike"],"picked":"SKIP","floor":28.0},{"not_picked":["Warcry","Headbutt"],"picked":"Shrug It Off","floor":30.0},{"not_picked":["Reaper","Impervious"],"picked":"Offering","floor":33.0},{"not_picked":["Power Through","Dark Embrace"],"picked":"Shrug It Off+1","floor":35.0},{"not_picked":["Thunderclap","Wild Strike+1"],"picked":"Seeing Red","floor":37.0},{"not_picked":["Fire Breathing","Clothesline","Armaments"],"picked":"SKIP","floor":38.0},{"not_picked":["Seeing Red","Cleave+1"],"picked":"Carnage","floor":39.0},{"not_picked":["Demon Form","Rupture","Twin Strike"],"picked":"SKIP","floor":40.0},{"not_picked":["Whirlwind","Sword Boomerang"],"picked":"Shrug It Off","floor":46.0},{"not_picked":["Warcry","Armaments","Havoc"],"picked":"SKIP","floor":47.0},{"not_picked":["Flame Barrier","Berserk"],"picked":"Shockwave","floor":48.0}],"player_experience":1220413,"relics_obtained":[{"floor":6.0,"key":"Happy Flower"},{"floor":8.0,"key":"Red Skull"},{"floor":9.0,"key":"Smiling Mask"},{"floor":26.0,"key":"Paper Frog"},{"floor":28.0,"key":"Regal Pillow"},{"floor":30.0,"key":"Toy Ornithopter"},{"floor":31.0,"key":"Necronomicon"},{"floor":39.0,"key":"Unceasing Top"},{"floor":40.0,"key":"Ice Cream"},{"floor":43.0,"key":"Gremlin Horn"},{"floor":48.0,"key":"Pear"}],"event_choices":[{"damage_healed":0.0,"max_hp_gain":5.0,"max_hp_loss":0.0,"gold_gain":0.0,"event_name":"Forgotten Altar","player_choice":"Shed Blood","floor":22.0,"gold_loss":0.0,"damage_taken":34.0},{"cards_removed":["Strike_R"],"damage_healed":0.0,"max_hp_gain":0.0,"max_hp_loss":0.0,"gold_gain":0.0,"event_name":"Purifier","player_choice":"Purged","floor":24.0,"gold_loss":0.0,"damage_taken":0.0},{"damage_healed":0.0,"max_hp_gain":0.0,"max_hp_loss":0.0,"gold_gain":0.0,"event_name":"Cursed Tome","player_choice":"Obtained Book","floor":31.0,"gold_loss":0.0,"damage_taken":21.0},{"cards_removed":["Defend_R"],"damage_healed":0.0,"max_hp_gain":0.0,"max_hp_loss":0.0,"gold_gain":0.0,"event_name":"Falling","player_choice":"Removed Skill","floor":36.0,"gold_loss":0.0,"damage_taken":0.0},{"damage_healed":0.0,"max_hp_gain":0.0,"max_hp_loss":0.0,"gold_gain":0.0,"event_name":"MindBloom","player_choice":"Fight","floor":39.0,"gold_loss":0.0,"damage_taken":0.0}],"is_beta":false,"boss_relics":[{"not_picked":["Cursed Key","SacredBark"],"picked":"Velvet Choker"},{"not_picked":["Coffee Dripper","Runic Pyramid"],"picked":"Astrolabe"}],"items_purged_floors":[3,19,41,45],"is_endless":false,"potions_floor_spawned":[2,8,11,12,13,21,25,28,37,40,46,47],"killed_by":"Time Eater","ascension_level":20}}