{"host":"1a3cjta80tad0aqj","time":1610447834,"event":{"mods":["2.2 Compatiblity","AchievementEnabler","BaseMod","Colored Map","DeckTracker","KOR Keyword Fix","Keyboard Shortcuts","Minty Spire (QoL Compilation)","Permanent Neow","Quick Restart","Random Character Button","StSLib","SuperFastMode","everything is the same but u backflip on backflip"],"gold_per_floor":[114,114,132,147,72,98,98,112,180,198,208,61,72,91,91,188,188,208,225,142,157,57,57,69,69,69,19,36,36,52,72,72,72,72],"floor_reached":33,"playtime":2303,"items_purged":["Defend_B","Strike_B"],"score":280,"play_id":"cb5e85e0-1b6a-4f1c-867c-13a1b3383270","local_time":"20210112193714","is_ascension_mode":false,"campfire_choices":[{"data":"Dualcast","floor":7.0,"key":"SMITH"},{"floor":15.0,"key":"REST"},{"data":"Defragment","floor":23.0,"key":"SMITH"},{"floor":29,"key":"REST"},{"floor":32,"key":"REST"}],"circlet_count":0,"master_deck":["Strike_B","Strike_B","Strike_B","Defend_B","Defend_B+1","Defend_B","Zap","Dualcast+1","Conserve Battery+1","Loop","Self Repair","Turbo","Seek","Coolheaded","Leap","Hyperbeam","Hologram","Defragment+1","Glacier","Steam","Shame","Hologram+1","Chill+1","Fusion"],"relics":["Cracked Core","Incense Burner","FaceOfCleric","CaptainsWheel","Darkstone Periapt","War Paint","Snecko Eye","Toy Ornithopter","Ancient Tea Set","MealTicket"],"acts_visited":["Exordium","TheCity"],"potions_floor_usage":[33],"damage_taken":[{"damage":0.0,"enemies":"Small Slimes","floor":1.0,"turns":2.0},{"damage":0.0,"enemies":"Cultist","floor":3.0,"turns":4.0},{"damage":5.0,"enemies":"Jaw Worm","floor":4.0,"turns":5.0},{"damage":26.0,"enemies":"3 Sentries","floor":6.0,"turns":8.0},{"damage":4.0,"enemies":"Red Slaver","floor":8.0,"turns":4.0},{"damage":2.0,"enemies":"2 Fungi Beasts","floor":10.0,"turns":3.0},{"damage":16.0,"enemies":"Large Slime","floor":11.0,"turns":5.0},{"damage":9.0,"enemies":"Gremlin Gang","floor":13.0,"turns":6.0},{"damage":10.0,"enemies":"Blue Slaver","floor":14.0,"turns":3.0},{"damage":18.0,"enemies":"The Guardian","floor":16.0,"turns":18.0},{"damage":10.0,"enemies":"Shell Parasite","floor":18.0,"turns":10.0},{"damage":18.0,"enemies":"2 Thieves","floor":19.0,"turns":3.0},{"damage":16.0,"enemies":"Snake Plant","floor":21.0,"turns":6.0},{"damage":22.0,"enemies":"3 Cultists","floor":24.0,"turns":4.0},{"damage":28,"enemies":"Snecko","floor":28,"turns":7},{"damage":0,"enemies":"Snake Plant","floor":30,"turns":7},{"damage":26,"enemies":"Cultist and Chosen","floor":31,"turns":6},{"damage":15,"enemies":"Collector","floor":33,"turns":6}],"seed_played":"-8250265735543521408","potions_obtained":[{"floor":6.0,"key":"Weak Potion"},{"floor":8.0,"key":"BlessingOfTheForge"},{"floor":13.0,"key":"SteroidPotion"},{"floor":16.0,"key":"Explosive Potion"},{"floor":19.0,"key":"SteroidPotion"},{"floor":31,"key":"DistilledChaos"}],"is_trial":false,"path_per_floor":["M","?","M","M","$","E","R","M","T","M","M","$","M","M","R","B",null,"M","M","?","M","$","R","M","?","T","?","M","R","M","M","R","B"],"character_chosen":"DEFECT","items_purchased":["War Paint"],"campfire_rested":3,"item_purchase_floors":[12],"current_hp_per_floor":[54,54,55,51,51,33,33,37,37,36,28,28,27,25,49,39,84,82,65,65,57,57,57,36,42,42,42,22,50,58,40,69,59,59],"gold":72,"neow_bonus":"ONE_RARE_RELIC","is_daily":false,"chose_seed":true,"campfire_upgraded":2,"win_rate":0.0,"timestamp":1610447834,"path_taken":["M","?","M","M","$","E","R","?","T","?","M","$","M","M","R","BOSS","M","M","?","?","$","R","M","?","T","?","M","R","?","M","R","BOSS"],"items_purchased_type":["Relic"],"build_version":"2020-12-22","purchased_purges":2,"victory":false,"max_hp_per_floor":[75,75,76,77,77,78,78,79,79,80,81,81,82,83,83,84,84,85,86,86,87,87,87,88,94,94,94,95,95,96,97,97,97,97],"card_choices":[{"not_picked":["Beam Cell","Leap"],"picked":"Conserve Battery","floor":1.0},{"not_picked":["Machine Learning","Chaos"],"picked":"Loop","floor":3.0},{"not_picked":["Conserve Battery","Blizzard"],"picked":"Self Repair","floor":4.0},{"not_picked":["Chaos","Tempest","Sweeping Beam"],"picked":"SKIP","floor":6.0},{"not_picked":["Doom and Gloom","Redo"],"picked":"Turbo","floor":8.0},{"not_picked":["Rebound","Ball Lightning","Go for the Eyes"],"picked":"SKIP","floor":10.0},{"not_picked":["Turbo","Streamline"],"picked":"Seek","floor":11.0},{"not_picked":["Rip and Tear","Conserve Battery"],"picked":"Coolheaded","floor":13.0},{"not_picked":["FTL","Ball Lightning"],"picked":"Leap","floor":14.0},{"not_picked":["Core Surge","All For One"],"picked":"Hyperbeam","floor":16.0},{"not_picked":["Conserve Battery","Streamline"],"picked":"Hologram","floor":18.0},{"not_picked":["Redo+1","Streamline+1"],"picked":"Defragment","floor":19.0},{"not_picked":["Consume+1","Loop"],"picked":"Glacier","floor":21.0},{"not_picked":["Leap","Tempest"],"picked":"Steam","floor":24.0},{"not_picked":["Compile Driver","Reboot"],"picked":"Hologram+1","floor":28},{"not_picked":["Hello World","Fusion"],"picked":"Chill+1","floor":30},{"not_picked":["Sweeping Beam","Redo+1"],"picked":"Fusion","floor":31}],"player_experience":327236,"relics_obtained":[{"floor":6.0,"key":"CaptainsWheel"},{"floor":9.0,"key":"Darkstone Periapt"},{"floor":26.0,"key":"MealTicket"}],"event_choices":[{"damage_healed":0.0,"max_hp_gain":0.0,"max_hp_loss":0.0,"gold_gain":0.0,"event_name":"FaceTrader","player_choice":"Trade","floor":2.0,"gold_loss":0.0,"damage_taken":0.0,"relics_obtained":["FaceOfCleric"]},{"damage_healed":0.0,"max_hp_gain":0.0,"max_hp_loss":0.0,"gold_gain":0.0,"event_name":"WeMeetAgain","player_choice":"Paid Gold","floor":20.0,"gold_loss":83.0,"damage_taken":0.0,"relics_obtained":["Toy Ornithopter"]},{"damage_healed":0.0,"max_hp_gain":0.0,"max_hp_loss":0.0,"gold_gain":0.0,"event_name":"Addict","player_choice":"Stole Relic","floor":25.0,"gold_loss":0.0,"damage_taken":0.0,"relics_obtained":["Ancient Tea Set"],"cards_obtained":["Shame"]},{"damage_healed":0.0,"max_hp_gain":0.0,"max_hp_loss":0.0,"gold_gain":0.0,"event_name":"The Joust","player_choice":"Bet on Owner","floor":27.0,"gold_loss":50.0,"damage_taken":0.0}],"is_beta":false,"boss_relics":[{"not_picked":["Inserter","Calling Bell"],"picked":"Snecko Eye"}],"items_purged_floors":[5,22],"is_endless":false,"potions_floor_spawned":[6,8,13,14,16,19,21,31],"killed_by":"Collector","ascension_level":0}}