{"host":"iq6tbtp5mk4vf216","time":1610463322,"event":{"mods":["BaseMod","BetterRewards","Colored Map","Colored Powertips","Downfall","Duelist Mod","Minty Spire (QoL Compilation)","Rare Cards Sparkle","Replay The Spire","StSLib","The Hierophant","The Jungle","The Necromancer","The Poker Player"],"gold_per_floor":[117,135,135,135,152,152,161,16,16,58,85,85,106,106,106,212,212,234,234,291,291,325,325,354,354,406,440,472,8,8,48,48,48,48],"floor_reached":33,"playtime":2411,"items_purged":[],"score":257,"play_id":"49e85190-ecc6-4c78-b759-a31f2fd2a6dc","local_time":"20210112075522","is_ascension_mode":false,"campfire_choices":[{"data":"hierophant:Martyrdom","floor":6,"key":"SMITH"},{"data":"hierophant:ChurchCoffers","floor":12,"key":"SMITH"},{"floor":15,"key":"REST"},{"floor":23,"key":"REST"},{"floor":25,"key":"REST"},{"floor":30,"key":"REST"},{"floor":32,"key":"REST"}],"circlet_count":0,"master_deck":["hierophant:Strike_Hierophant","hierophant:Strike_Hierophant","hierophant:Strike_Hierophant","hierophant:Strike_Hierophant","hierophant:Punish","hierophant:Defend_Hierophant","hierophant:Defend_Hierophant","hierophant:Defend_Hierophant","hierophant:Defend_Hierophant","hierophant:ChurchCoffers+1","hierophant:OrnateBuckler","hierophant:Martyrdom+1","hierophant:Patience+1","hierophant:Doubloon","hierophant:CoinFling","hierophant:HolyVerse","hierophant:FlamingChariot","hierophant:Sermon","hierophant:Batter","hierophant:Smite+1","hierophant:Doubloon","hierophant:CoinFling","hierophant:RepressedViolence","hierophant:Blessing+1","hierophant:Chorus+1","hierophant:WrathOfGod","Apotheosis","hierophant:Dazzle","hierophant:Doubloon","hierophant:Empathy"],"relics":["hierophant:PropheticMaskRelic","NeowsBlessing","Question Card","Calipers","Omamori","Chameleon Ring","Smiling Mask","CultistMask","ChewingGum","MutagenicStrength","Bag of Marbles","Membership Card","Replay:Rubber Ducky","Replay:WaspNest"],"acts_visited":["Exordium","TheCity"],"potions_floor_usage":[7,10,16,31],"damage_taken":[{"damage":0,"enemies":"Cultist","floor":1,"turns":1},{"damage":0,"enemies":"2 Louse","floor":2,"turns":2},{"damage":0,"enemies":"Jaw Worm","floor":5,"turns":1},{"damage":37,"enemies":"Lagavulin","floor":7,"turns":8},{"damage":8,"enemies":"Gremlin Nob","floor":10,"turns":4},{"damage":0,"enemies":"Gremlin Gang","floor":11,"turns":3},{"damage":6,"enemies":"2 Fungi Beasts","floor":13,"turns":2},{"damage":38,"enemies":"The Guardian","floor":16,"turns":13},{"damage":58,"enemies":"3 Byrds","floor":18,"turns":8},{"damage":8,"enemies":"Chosen","floor":22,"turns":5},{"damage":14,"enemies":"Centurion and Healer","floor":24,"turns":4},{"damage":29,"enemies":"Snake Plant","floor":27,"turns":4},{"damage":24,"enemies":"Snecko","floor":28,"turns":6},{"damage":0,"enemies":"Shelled Parasite and Fungi","floor":31,"turns":1},{"damage":99,"enemies":"Collector","floor":33,"turns":12}],"seed_played":"-3221786973649673292","potions_obtained":[{"floor":2,"key":"sneckomod:MuddlingPotion"},{"floor":5,"key":"FearPotion"},{"floor":7,"key":"Guardian:BlockOnCardUsePotion"},{"floor":13,"key":"Swift Potion"},{"floor":18,"key":"SmokeBomb"},{"floor":20,"key":"FairyPotion"},{"floor":20,"key":"SneckoOil"},{"floor":24,"key":"Energy Potion"}],"is_trial":false,"path_per_floor":["M","M","?","?","M","R","E","$","T","E","M","R","M","?","R","B",null,"M","?","?","?","M","R","M","R","T","M","M","$","R","M","R","B"],"character_chosen":"HIEROPHANT","items_purchased":["Omamori","Membership Card","Apotheosis","Replay:Rubber Ducky","Replay:WaspNest","hierophant:Dazzle"],"campfire_rested":5,"item_purchase_floors":[8,29,29,29,29,29],"current_hp_per_floor":[75,75,75,75,75,75,38,38,38,30,30,30,24,24,46,8,75,17,17,17,17,9,31,17,39,39,20,6,6,28,28,50,0,0],"gold":48,"neow_bonus":"THREE_ENEMY_KILL","is_daily":false,"chose_seed":false,"campfire_upgraded":2,"win_rate":0.0,"timestamp":1610463322,"path_taken":["M","?","?","?","M","R","E","$","T","E","M","R","?","?","R","BOSS","M","?","?","?","M","R","M","R","T","M","?","?","R","M","R","BOSS"],"items_purchased_type":["Relic","Relic","Card","Relic","Relic","Card"],"build_version":"2020-12-22","purchased_purges":0,"victory":false,"max_hp_per_floor":[75,75,75,75,75,75,75,75,75,75,75,75,75,75,75,75,75,75,75,75,75,75,75,75,75,75,75,75,75,75,75,75,75,75],"card_choices":[{"not_picked":["hierophant:SealAway","hierophant:HammerAndAnvil"],"picked":"hierophant:OrnateBuckler","floor":1},{"not_picked":["hierophant:OrnateBuckler","hierophant:Alms"],"picked":"hierophant:Martyrdom","floor":2},{"not_picked":["hierophant:Prophecy","hierophant:RecallFunds","hierophant:AuricBeam"],"picked":"hierophant:Patience","floor":5},{"not_picked":["hierophant:Shelter","hierophant:HammerAndAnvil","hierophant:Smite"],"picked":"hierophant:CoinFling","floor":7},{"not_picked":["hierophant:LocustPlague","hierophant:PristineSoul","hierophant:Patience"],"picked":"hierophant:HolyVerse","floor":10},{"not_picked":["hierophant:Encroach","hierophant:Blessing","hierophant:EyeForCoin"],"picked":"hierophant:FlamingChariot","floor":11},{"not_picked":["hierophant:DisplayOfPower","hierophant:HolyVerse","hierophant:AuricBeam"],"picked":"hierophant:Sermon","floor":13},{"not_picked":["hierophant:Kindle","hierophant:DeathKnell","hierophant:BulkyChest"],"picked":"hierophant:Batter","floor":16},{"not_picked":["hierophant:FieryStrike","hierophant:Sermon","hierophant:Refuge"],"picked":"hierophant:Smite+1","floor":18},{"not_picked":["hierophant:HammerAndAnvil","hierophant:PassingBell","hierophant:Patience+1"],"picked":"hierophant:CoinFling","floor":20},{"not_picked":["hierophant:EyeForCoin","hierophant:TollTheBells","hierophant:OrnateBuckler"],"picked":"hierophant:RepressedViolence","floor":22},{"not_picked":["hierophant:FlamingChariot","hierophant:OrnateBuckler+1","hierophant:Alms"],"picked":"hierophant:Blessing+1","floor":24},{"not_picked":["hierophant:Shelter","hierophant:ThreeLashes+1","hierophant:CoinFling"],"picked":"hierophant:Chorus+1","floor":27},{"not_picked":["hierophant:RustyCrate","hierophant:DisplayOfPower","hierophant:Shelter"],"picked":"hierophant:WrathOfGod","floor":28},{"not_picked":["hierophant:Doomsaying","hierophant:Sermon+1","hierophant:AuricBeam"],"picked":"hierophant:Empathy","floor":31}],"player_experience":664868,"relics_obtained":[{"floor":7,"key":"Calipers"},{"floor":9,"key":"Chameleon Ring"},{"floor":10,"key":"Smiling Mask"},{"floor":26,"key":"Bag of Marbles"}],"event_choices":[{"damage_healed":0,"gold_gain":0,"player_choice":"Leave","damage_taken":0,"max_hp_gain":0,"max_hp_loss":0,"event_name":"The Cleric","floor":3,"gold_loss":0},{"damage_healed":0,"gold_gain":0,"player_choice":"Gave Potion","damage_taken":0,"relics_obtained":["Question Card"],"max_hp_gain":0,"max_hp_loss":0,"event_name":"WeMeetAgain","floor":4,"gold_loss":0},{"damage_healed":0,"gold_gain":0,"player_choice":"Trade","damage_taken":0,"relics_obtained":["CultistMask"],"max_hp_gain":0,"max_hp_loss":0,"event_name":"FaceTrader","floor":14,"gold_loss":0},{"damage_healed":0,"gold_gain":0,"player_choice":"Inject Mutagens","damage_taken":0,"relics_obtained":["MutagenicStrength"],"max_hp_gain":0,"max_hp_loss":0,"event_name":"Drug Dealer","floor":19,"gold_loss":0},{"damage_healed":0,"gold_gain":0,"player_choice":"Upgraded","damage_taken":0,"max_hp_gain":0,"max_hp_loss":0,"event_name":"Upgrade Shrine","floor":21,"gold_loss":0,"cards_upgraded":["hierophant:Patience"]}],"is_beta":false,"boss_relics":[{"not_picked":["Replay:Bronze Core","SacredBark"],"picked":"ChewingGum"}],"items_purged_floors":[],"is_endless":false,"potions_floor_spawned":[2,5,7,13,18,24,28],"killed_by":"Collector","ascension_level":0}}