{"host":"c3lc60y5x60jlt1y","time":1610453745,"event":{"mods":["AchievementEnabler","BaseMod","Bestiary","Colored Map","Minty Spire (QoL Compilation)","Quick Restart","StSLib","ojb\u0027s Info Mod"],"gold_per_floor":[119,119,130,142,142,174,174,36,36,70,0,14,95,112,112,212,212,231,2,2,14,31,59,59,87,87,87,100,125,125,152,152,256,256,274,274,47,322,26,26,56,56,81,81,97,0,35,35,35,35],"floor_reached":51,"playtime":5137,"items_purged":["Normality"],"score":898,"play_id":"64dc4b34-7cb2-4043-b63e-c9c920805e76","local_time":"20210112141545","is_ascension_mode":true,"campfire_choices":[{"data":"Apotheosis","floor":7,"key":"SMITH"},{"floor":15,"key":"REST"},{"floor":24,"key":"REST"},{"floor":27,"key":"REST"},{"floor":32,"key":"REST"},{"floor":40,"key":"REST"},{"floor":42,"key":"RECALL"},{"data":"Undo","floor":44,"key":"SMITH"},{"data":"Creative AI","floor":49,"key":"SMITH"}],"circlet_count":0,"master_deck":["Strike_B","Strike_B","Strike_B","Defend_B","Defend_B","Defend_B","Defend_B","Zap","Dualcast","Apotheosis+1","Streamline","Undo+1","Self Repair","Capacitor","Capacitor","Beam Cell","Loop","Storm","Seek+1","Conserve Battery+1","Streamline","Turbo+1","Ball Lightning","Recycle+1","Creative AI+1","Chaos+1","Ghostly+1","Ghostly+1","Ghostly+1","Ghostly+1","Ghostly+1","Heatsinks+1","Echo Form+1","Panacea+1","Static Discharge+1"],"relics":["Cracked Core","Emotion Chip","Bird Faced Urn","Mercury Hourglass","Toxic Egg 2","Busted Crown","Orrery","Blue Candle","Torii","Frozen Egg 2","Omamori","Mango","Sozu","OrangePellets","Strange Spoon","Bag of Marbles","Bottled Tornado","Centennial Puzzle","Red Mask","Ginger"],"acts_visited":["Exordium","TheCity","TheBeyond"],"potions_floor_usage":[10,10,10,10,14,16,23,25,31],"damage_taken":[{"damage":1,"enemies":"2 Louse","floor":1,"turns":4},{"damage":0,"enemies":"Cultist","floor":3,"turns":3},{"damage":7,"enemies":"Small Slimes","floor":4,"turns":3},{"damage":4,"enemies":"Lagavulin","floor":6,"turns":7},{"damage":34,"enemies":"Gremlin Nob","floor":10,"turns":4},{"damage":26,"enemies":"Exordium Wildlife","floor":12,"turns":3},{"damage":4,"enemies":"Lots of Slimes","floor":14,"turns":2},{"damage":22,"enemies":"Hexaghost","floor":16,"turns":9},{"damage":8,"enemies":"Shell Parasite","floor":18,"turns":4},{"damage":0,"enemies":"Chosen","floor":21,"turns":3},{"damage":28,"enemies":"Centurion and Healer","floor":22,"turns":6},{"damage":97,"enemies":"Gremlin Leader","floor":23,"turns":7},{"damage":44,"enemies":"Slavers","floor":25,"turns":4},{"damage":31,"enemies":"Snecko","floor":28,"turns":4},{"damage":28,"enemies":"Gremlin Leader","floor":29,"turns":7},{"damage":26,"enemies":"Slavers","floor":31,"turns":5},{"damage":12,"enemies":"Collector","floor":33,"turns":8},{"damage":29,"enemies":"3 Darklings","floor":35,"turns":6},{"damage":12,"enemies":"Nemesis","floor":41,"turns":7},{"damage":1,"enemies":"3 Shapes","floor":45,"turns":4},{"damage":4,"enemies":"Reptomancer","floor":47,"turns":5},{"damage":35,"enemies":"Donu and Deca","floor":50,"turns":10}],"seed_played":"-8131465662265038533","potions_obtained":[{"floor":3,"key":"BlessingOfTheForge"},{"floor":10,"key":"Explosive Potion"},{"floor":12,"key":"Regen Potion"},{"floor":16,"key":"FairyPotion"},{"floor":29,"key":"DuplicationPotion"},{"floor":31,"key":"Fire Potion"},{"floor":33,"key":"Explosive Potion"}],"is_trial":false,"path_per_floor":["M","?","M","M","?","E","R","$","T","E","$","M","T","M","R","B",null,"M","$","?","M","M","E","R","E","T","R","M","E","?","E","R","B",null,"M","?","$","?","$","R","E","R","T","R","M","?","E","$","R","B",null],"character_chosen":"DEFECT","items_purchased":["Capacitor","EntropicBrew","Loop","Orrery","Static Discharge+1","OrangePellets","Strange Spoon","Bag of Marbles"],"campfire_rested":5,"item_purchase_floors":[8,8,11,19,37,37,39,39],"current_hp_per_floor":[74,75,75,68,61,67,67,67,67,49,49,32,32,28,50,63,75,75,75,63,75,63,18,40,16,16,38,24,26,26,20,35,51,51,42,42,42,42,42,51,51,51,51,51,51,51,51,51,51,36],"gold":35,"neow_bonus":"RANDOM_COLORLESS_2","is_daily":false,"chose_seed":false,"campfire_upgraded":3,"win_rate":0.0,"timestamp":1610453745,"path_taken":["M","?","?","M","?","E","R","$","T","E","$","M","?","M","R","BOSS","M","$","?","?","M","E","R","E","T","R","M","E","?","E","R","BOSS","M","?","$","?","$","R","E","R","T","R","?","?","E","$","R","BOSS"],"items_purchased_type":["Card","Potion","Card","Relic","Card","Relic","Relic","Relic"],"build_version":"2020-12-22","purchased_purges":1,"victory":true,"max_hp_per_floor":[75,75,75,75,75,75,75,75,75,75,75,75,75,75,75,75,75,75,75,75,75,75,75,75,75,75,75,75,75,37,51,51,51,51,51,51,51,51,51,51,51,51,51,51,51,51,51,51,51,51],"card_choices":[{"not_picked":["Thinking Ahead","Secret Technique"],"picked":"Apotheosis","floor":0},{"not_picked":["Ball Lightning","Leap"],"picked":"Streamline","floor":1},{"not_picked":["Go for the Eyes","Stack"],"picked":"Undo","floor":3},{"not_picked":["Sweeping Beam","Go for the Eyes"],"picked":"Self Repair","floor":4},{"not_picked":["Streamline","Reboot"],"picked":"Capacitor","floor":6},{"not_picked":["Go for the Eyes","Stack"],"picked":"Beam Cell","floor":10},{"not_picked":["Stack","Go for the Eyes","Gash"],"picked":"SKIP","floor":12},{"not_picked":["Streamline","Go for the Eyes"],"picked":"Storm","floor":14},{"not_picked":["Reboot+1","Biased Cognition"],"picked":"Seek+1","floor":16},{"not_picked":[],"picked":"Conserve Battery+1","floor":18},{"not_picked":[],"picked":"Streamline","floor":19},{"not_picked":[],"picked":"Turbo+1","floor":19},{"not_picked":[],"picked":"Ball Lightning","floor":19},{"not_picked":[],"picked":"Recycle+1","floor":21},{"not_picked":["Rebound+1"],"picked":"SKIP","floor":22},{"not_picked":[],"picked":"Creative AI","floor":23},{"not_picked":["Conserve Battery+1"],"picked":"SKIP","floor":25},{"not_picked":[],"picked":"Chaos+1","floor":28},{"not_picked":["Redo+1"],"picked":"SKIP","floor":29},{"not_picked":[],"picked":"Heatsinks+1","floor":31},{"not_picked":[],"picked":"Echo Form+1","floor":33},{"not_picked":["Conserve Battery+1"],"picked":"SKIP","floor":35},{"not_picked":[],"picked":"Panacea+1","floor":36},{"not_picked":["Leap+1"],"picked":"SKIP","floor":41},{"not_picked":["Stack+1"],"picked":"SKIP","floor":45},{"not_picked":["Gash"],"picked":"SKIP","floor":47}],"player_experience":7869543,"relics_obtained":[{"floor":6,"key":"Emotion Chip"},{"floor":9,"key":"Bird Faced Urn"},{"floor":10,"key":"Mercury Hourglass"},{"floor":13,"key":"Toxic Egg 2"},{"floor":23,"key":"Blue Candle"},{"floor":25,"key":"Torii"},{"floor":26,"key":"Frozen Egg 2"},{"floor":29,"key":"Omamori"},{"floor":31,"key":"Mango"},{"floor":41,"key":"Bottled Tornado"},{"floor":43,"key":"Centennial Puzzle"},{"floor":47,"key":"Ginger"}],"event_choices":[{"damage_healed":1,"gold_gain":0,"player_choice":"Full Heal","damage_taken":0,"max_hp_gain":0,"max_hp_loss":0,"event_name":"Wheel of Change","floor":2,"gold_loss":0},{"cards_removed":["Strike_B"],"damage_healed":0,"gold_gain":0,"player_choice":"Card Removal","damage_taken":7,"max_hp_gain":0,"max_hp_loss":0,"event_name":"Golden Wing","floor":5,"gold_loss":0},{"damage_healed":0,"gold_gain":0,"player_choice":"POTION ","damage_taken":12,"max_hp_gain":0,"max_hp_loss":0,"event_name":"Knowing Skull","floor":20,"potions_obtained":["LiquidBronze"],"gold_loss":0,"cards_obtained":[]},{"damage_healed":0,"gold_gain":0,"player_choice":"Became a Ghost","damage_taken":0,"max_hp_gain":0,"max_hp_loss":38,"event_name":"Ghosts","floor":30,"gold_loss":0,"cards_obtained":["Ghostly","Ghostly","Ghostly","Ghostly","Ghostly"]},{"damage_healed":0,"gold_gain":0,"player_choice":"Memory 1","damage_taken":0,"max_hp_gain":0,"max_hp_loss":0,"event_name":"SensoryStone","floor":36,"gold_loss":0},{"damage_healed":0,"gold_gain":275,"player_choice":"Desecrate","damage_taken":0,"max_hp_gain":0,"max_hp_loss":0,"event_name":"Golden Shrine","floor":38,"gold_loss":0,"cards_obtained":["Regret"]},{"damage_healed":0,"gold_gain":0,"player_choice":"Paid","damage_taken":0,"relics_obtained":["Red Mask"],"max_hp_gain":0,"max_hp_loss":0,"event_name":"Tomb of Lord Red Mask","floor":46,"gold_loss":97}],"is_beta":false,"boss_relics":[{"not_picked":["Calling Bell","Pandora\u0027s Box"],"picked":"Busted Crown"},{"not_picked":["Tiny House","Snecko Eye"],"picked":"Sozu"}],"items_purged_floors":[19],"is_endless":false,"potions_floor_spawned":[3,10,12,16,21,22,29,31,33,35,47],"ascension_level":3}}