{"host":"q0qnzbgdx8oqogg9","time":1610485162,"event":{"mods":["BaseMod","Minty Spire (QoL Compilation)","Slay-I","StSLib"],"gold_per_floor":[119,136,148,148,223,223,223,242,269,269,287,306,406,433,433,433,433],"floor_reached":16,"language":"ENG","playtime":451,"items_purged":[],"score":133,"play_id":"b8d6f774-66f9-40e2-8531-82562bbdff67","local_time":"20210112155922","is_ascension_mode":true,"campfire_choices":[{"data":"Spot Weakness","floor":6,"key":"SMITH"},{"data":"Clash","floor":10,"key":"SMITH"},{"data":"Finesse","floor":15,"key":"SMITH"}],"circlet_count":0,"master_deck":["Strike_R","Strike_R","Strike_R","Strike_R","Defend_R","Defend_R","Defend_R","Defend_R","Bash","Finesse+1","Headbutt+1","Spot Weakness+1","Cleave","Clash+1","Iron Wave","Warcry","Power Through"],"relics":["Burning Blood","MealTicket","Orichalcum"],"acts_visited":["Exordium"],"potions_floor_usage":[8,12,16,16],"damage_taken":[{"damage":1,"enemies":"2 Louse","floor":1,"turns":3},{"damage":15,"enemies":"Small Slimes","floor":2,"turns":4},{"damage":4,"enemies":"Cultist","floor":3,"turns":4},{"damage":13,"enemies":"Large Slime","floor":8,"turns":4},{"damage":2,"enemies":"2 Fungi Beasts","floor":11,"turns":2},{"damage":7,"enemies":"3 Louse","floor":12,"turns":2},{"damage":10,"enemies":"Gremlin Nob","floor":14,"turns":3},{"damage":44,"enemies":"Slime Boss","floor":16,"turns":7}],"seed_played":"-4864054869785674361","potions_obtained":[{"floor":3,"key":"Fire Potion"},{"floor":8,"key":"LiquidMemories"},{"floor":11,"key":"LiquidMemories"},{"floor":14,"key":"Swift Potion"}],"is_trial":false,"path_per_floor":["M","M","M","?","?","R","?","M","T","R","M","M","?","E","R","B"],"character_chosen":"IRONCLAD","items_purchased":[],"campfire_rested":0,"item_purchase_floors":[],"current_hp_per_floor":[77,68,70,70,59,59,52,45,45,45,49,48,48,44,44,0,0],"gold":433,"neow_bonus":"RANDOM_COLORLESS","is_daily":false,"chose_seed":false,"campfire_upgraded":3,"win_rate":0.0,"timestamp":1610485162,"path_taken":["M","M","M","?","?","R","?","M","T","R","M","M","?","E","R","BOSS"],"items_purchased_type":[],"build_version":"2020-12-22","purchased_purges":0,"victory":false,"max_hp_per_floor":[80,80,80,80,80,80,80,80,80,80,80,80,80,80,80,80,80],"card_choices":[{"not_picked":["Blind","Forethought"],"picked":"Finesse","floor":0},{"not_picked":["Thunderclap","Heavy Blade"],"picked":"Headbutt","floor":1},{"not_picked":["Intimidate","Cleave"],"picked":"Spot Weakness","floor":2},{"not_picked":["Warcry","Rage"],"picked":"Cleave","floor":3},{"not_picked":["Uppercut","Anger"],"picked":"Clash","floor":8},{"not_picked":["Brutality","Blood for Blood"],"picked":"Iron Wave","floor":11},{"not_picked":["Reckless Charge","Wild Strike"],"picked":"Warcry","floor":12},{"not_picked":["Shrug It Off","Pommel Strike"],"picked":"Power Through","floor":14}],"player_experience":208020,"relics_obtained":[{"floor":9,"key":"MealTicket"},{"floor":14,"key":"Orichalcum"}],"event_choices":[{"damage_healed":0,"gold_gain":0,"player_choice":"Grow","damage_taken":0,"max_hp_gain":0,"max_hp_loss":0,"event_name":"Living Wall","floor":4,"gold_loss":0,"cards_upgraded":["Headbutt"]},{"damage_healed":0,"gold_gain":75,"player_choice":"Gather Gold","damage_taken":11,"max_hp_gain":0,"max_hp_loss":0,"event_name":"World of Goop","floor":5,"gold_loss":0},{"cards_removed":["Strike_R"],"damage_healed":0,"gold_gain":0,"player_choice":"Card Removal","damage_taken":7,"max_hp_gain":0,"max_hp_loss":0,"event_name":"Golden Wing","floor":7,"gold_loss":0},{"damage_healed":0,"gold_gain":100,"player_choice":"Pray","damage_taken":0,"max_hp_gain":0,"max_hp_loss":0,"event_name":"Golden Shrine","floor":13,"gold_loss":0}],"is_beta":false,"boss_relics":[],"items_purged_floors":[],"is_endless":false,"potions_floor_spawned":[3,8,11,14],"killed_by":"Slime Boss","ascension_level":6}}