{"host":"ec2wu4mdnvke243f","time":1610476684,"event":{"mods":["2.2 Compatiblity","AchievementEnabler","BaseMod","Defuse TimeMaze Blight","Downfall","Hermit","Infinite Spire","Minty Spire (QoL Compilation)","StSLib","The Cursed","The Disciple","The Jungle","The Servant 0.9.4"],"gold_per_floor":[116,291,172,191,213,241,90,90,114,114,139,157,157,191,191,300,300,319,439,439,439,489,522,346,346,346,405,405,405,423,452,452,472,472],"floor_reached":33,"playtime":1966,"items_purged":[],"score":434,"play_id":"5db019e1-63d0-44ee-af9c-840bd83f1e31","local_time":"20210112193804","daily_mods":["Colorless Cards","Flight"],"is_ascension_mode":false,"campfire_choices":[{"data":"hermit:Misfire","floor":15,"key":"SMITH"},{"floor":25,"key":"DIG"},{"floor":32,"key":"REST"}],"circlet_count":0,"master_deck":["hermit:Strike_Hermit","hermit:Strike_Hermit","hermit:Strike_Hermit+1","hermit:Strike_Hermit","hermit:Defend_Hermit","hermit:Defend_Hermit","hermit:Defend_Hermit+1","hermit:Defend_Hermit+1","hermit:Snapshot","hermit:Covet","hermit:LowProfile+1","Flash of Steel","hermit:Glare","hermit:Misfire+1","expansioncontent:GuardianWhirl","HandOfGreed","hermit:CalledShot+1","infinitespire:TheBestDefense","hermit:Enervate","hermit:Quickdraw","hermit:Dive+1","hermit:Quickdraw+1","hermit:GhostlyPresence"],"relics":["hermit:Momento","Ancient Tea Set","hexamod:BolsterEngine","Lee\u0027s Waffle","Anchor","Question Card","PreservedInsect","expansioncontent:StudyCardRelic","theJungle:BirthdayCake","Shovel","ClockworkSouvenir","Happy Flower","Mummified Hand","White Beast Statue","War Paint"],"acts_visited":["Exordium","Exordium"],"potions_floor_usage":[16,33,33],"damage_taken":[{"damage":1,"enemies":"Jaw Worm","floor":1,"turns":3},{"damage":3,"enemies":"Small Slimes","floor":4,"turns":4},{"damage":0,"enemies":"Cultist","floor":5,"turns":4},{"damage":51,"enemies":"Gremlin Nob","floor":6,"turns":6},{"damage":0,"enemies":"Exordium Thugs","floor":11,"turns":5},{"damage":0,"enemies":"2 Fungi Beasts","floor":12,"turns":3},{"damage":15,"enemies":"Lagavulin","floor":14,"turns":6},{"damage":44,"enemies":"Hexaghost","floor":16,"turns":11},{"damage":0,"enemies":"theJungle:MUSHROOMGANG","floor":18,"turns":3},{"damage":0,"enemies":"theJungle:MamaSnecko","floor":23,"turns":3},{"damage":0,"enemies":"theJungle:Cassacara","floor":27,"turns":4},{"damage":0,"enemies":"theJungle:GiantWrat","floor":30,"turns":3},{"damage":0,"enemies":"theJungle:2_Phrogs","floor":31,"turns":4},{"damage":123,"enemies":"theJungle:TotemBoss","floor":33,"turns":7}],"seed_played":"-2996564138156928642","potions_obtained":[{"floor":1,"key":"FairyPotion"},{"floor":6,"key":"champ:CounterPotion"},{"floor":12,"key":"Energy Potion"},{"floor":18,"key":"AttackPotion"},{"floor":31,"key":"AttackPotion"}],"is_trial":true,"path_per_floor":["M","?","?","M","M","E","$","?","T","T","M","M","?","E","R","B",null,"M","?","?","?","?","E","$","R","T","E","?","?","M","E","R","B"],"character_chosen":"HERMIT","items_purchased":["Lee\u0027s Waffle","ClockworkSouvenir","hermit:Quickdraw"],"campfire_rested":1,"item_purchase_floors":[7,24,24],"current_hp_per_floor":[74,74,74,71,71,20,82,66,66,66,66,66,66,51,51,7,82,82,70,90,64,50,50,50,50,50,50,50,50,50,50,80,0,0],"gold":472,"neow_bonus":"","is_daily":false,"chose_seed":false,"campfire_upgraded":1,"win_rate":0.0,"timestamp":1610476684,"path_taken":["M","?","?","M","?","E","?","?","T","?","M","?","?","E","R","BOSS","M","?","?","?","?","E","?","R","T","E","?","?","?","E","R","BOSS"],"items_purchased_type":["Relic","Relic","Card"],"build_version":"2020-12-22","purchased_purges":0,"victory":false,"max_hp_per_floor":[75,75,75,75,75,75,82,82,82,82,82,82,82,82,82,82,82,82,82,102,102,102,102,102,102,102,102,102,102,102,102,102,102,102],"card_choices":[{"not_picked":["hermit:Gestalt","expansioncontent:Torchfire"],"picked":"hermit:Scavenge","floor":1},{"not_picked":["expansioncontent:Torchfire","expansioncontent:LastStand"],"picked":"hermit:LowProfile","floor":4},{"not_picked":["hermit:BodyArmor","hermit:Desperado","hermit:Determination"],"picked":"SKIP","floor":5},{"not_picked":["hermit:Horror","hermit:Vantage"],"picked":"Flash of Steel","floor":6},{"not_picked":["Jack Of All Trades","Blind","hermit:Headshot"],"picked":"hermit:Glare","floor":11},{"not_picked":["hermit:Manifest","expansioncontent:DefensiveMode","hermit:WideOpen"],"picked":"hermit:Misfire","floor":12},{"not_picked":["hermit:FullyLoaded","expansioncontent:ManipulateTime","hermit:Roulette"],"picked":"expansioncontent:GuardianWhirl","floor":14},{"not_picked":["hermit:RoundhouseKick","Master of Strategy","hermit:Dissolve"],"picked":"HandOfGreed","floor":16},{"not_picked":["expansioncontent:ChargeUp+1","hermit:LuckOfTheDraw+1","hermit:Ricochet"],"picked":"hermit:CalledShot+1","floor":18},{"not_picked":["infinitespire:Fortify","infinitespire:Punishment"],"picked":"infinitespire:TheBestDefense","floor":21},{"not_picked":["hermit:ItchyTrigger","hermit:NoHoldsBarred","expansioncontent:SuperHexaguard"],"picked":"hermit:Enervate","floor":23},{"not_picked":["hermit:Desperado","hermit:Coalescence","expansioncontent:GoopSpray+1"],"picked":"hermit:Dive+1","floor":27},{"not_picked":["hermit:Spite","hermit:Dive","hermit:Roulette"],"picked":"hermit:Quickdraw+1","floor":30},{"not_picked":["expansioncontent:ManipulateTime","Apotheosis","hermit:Misfire"],"picked":"hermit:GhostlyPresence","floor":31}],"player_experience":565737,"relics_obtained":[{"floor":6,"key":"hexamod:BolsterEngine"},{"floor":9,"key":"Anchor"},{"floor":10,"key":"Question Card"},{"floor":14,"key":"PreservedInsect"},{"floor":23,"key":"Shovel"},{"floor":25,"key":"Happy Flower"},{"floor":26,"key":"Mummified Hand"},{"floor":27,"key":"White Beast Statue"},{"floor":31,"key":"War Paint"}],"event_choices":[{"damage_healed":0,"gold_gain":175,"player_choice":"AGREE","damage_taken":0,"max_hp_gain":0,"max_hp_loss":0,"event_name":"Liars Game","floor":2,"gold_loss":0,"cards_obtained":["Doubt"]},{"damage_healed":0,"gold_gain":0,"player_choice":"Paid Gold","damage_taken":0,"relics_obtained":["Ancient Tea Set"],"max_hp_gain":0,"max_hp_loss":0,"event_name":"WeMeetAgain","floor":3,"gold_loss":119},{"damage_healed":0,"gold_gain":0,"player_choice":"Entered Light","damage_taken":16,"max_hp_gain":0,"max_hp_loss":0,"event_name":"Shining Light","floor":8,"gold_loss":0,"cards_upgraded":["hermit:LowProfile","hermit:Strike_Hermit"]},{"cards_removed":["Doubt"],"damage_healed":0,"gold_gain":0,"player_choice":"Forget","damage_taken":0,"max_hp_gain":0,"max_hp_loss":0,"event_name":"Living Wall","floor":13,"gold_loss":0},{"cards_removed":["hermit:Scavenge"],"damage_healed":0,"gold_gain":0,"player_choice":"Purged","damage_taken":0,"max_hp_gain":0,"max_hp_loss":0,"event_name":"Purifier","floor":29,"gold_loss":0}],"is_beta":false,"boss_relics":[{"not_picked":["Fusion Hammer","Pandora\u0027s Box"],"picked":"expansioncontent:StudyCardRelic"}],"items_purged_floors":[],"is_endless":false,"potions_floor_spawned":[1,6,12,18,30,31],"killed_by":"theJungle:TotemBoss","ascension_level":0}}