{"host":"egskdxp2q9kv48xe","time":1610481901,"event":{"mods":["Aspiration","BaseMod","Colored Powertips","Conspire","Downfall","GifTheSpireLib","Hubris","Infinite Spire","Minty Spire (QoL Compilation)","Replay The Spire","Slay the Relics Exporter","StSLib","Stuff the Spire","vexMod"],"gold_per_floor":[20,20,20,95,195,195,206,206,206,236,249,1,11,27,27,126,126,136,61,79,79,103,103,103,138,138,138,150,150,169,203,203,302,302,317,317,317,334,347,347,66,66,66,116,127,127,27,53,53,53],"floor_reached":51,"language":"ENG","playtime":3630,"items_purged":["Defend_G","Strike_G","Defend_G","Defend_G"],"score":694,"play_id":"354d4586-1223-470f-b21d-a90e892b0b77","local_time":"20210112130501","is_ascension_mode":true,"campfire_choices":[{"data":"Neutralize","floor":6,"key":"SMITH"},{"data":"Quick Slash","floor":8,"key":"SMITH"},{"floor":15,"key":"REST"},{"floor":23,"key":"REST"},{"floor":27,"key":"REST"},{"floor":29,"key":"REST"},{"floor":32,"key":"REST"},{"floor":46,"key":"REST"}],"circlet_count":0,"master_deck":["Strike_G","Strike_G+1","Strike_G+1","Defend_G","Defend_G","Survivor+1","Neutralize+1","Choke","Quick Slash+1","Accuracy+1","Well Laid Plans+1","conspire:DoublingDagger","Sadistic Nature+1","Blade Dance","StuffTheSpire:Sprint","Night Terror","StuffTheSpire:DoubleShiv","StuffTheSpire:Harmony","Deflect+1","Accuracy+1","Prepared+1","Hidden Blade","Burst","Distraction+1","After Image+1","Quick Slash+1","Replay:Parry","ReplayTheSpireMod:Speed Training","A Thousand Cuts+1","Cloak And Dagger","infinitespire:UltimateForm+1","Backflip+1","Blur"],"relics":["Ring of the Snake","Replay:Towering Pillar of Hats","hubris:Towel","Frozen Egg 2","Whetstone","Black Star","aspiration:RitualStick","Replay:Wax Seal","DollysMirror","hubris:PeanutButter","War Paint","Meat on the Bone","conspire:BottledYoYo","ReplayFunnel","hubris:TerracottaHorce","Replay:Multitool","aspiration:Lifesprig","StuffTheSpire:Nightcore","Replay:Arrowhead","Ice Cream","hubris:ToyBattleship"],"acts_visited":["Exordium","TheCity","TheBeyond"],"potions_floor_usage":[10,16,16,25,30,33,39,45],"damage_taken":[{"damage":0,"enemies":"Small Slimes","floor":1,"turns":3},{"damage":0,"enemies":"2 Louse","floor":7,"turns":2},{"damage":18,"enemies":"Replay:BlueRogue","floor":10,"turns":5},{"damage":2,"enemies":"conspire:RoseBush","floor":11,"turns":3},{"damage":6,"enemies":"Red Slaver","floor":13,"turns":4},{"damage":10,"enemies":"Lots of Slimes","floor":14,"turns":3},{"damage":7,"enemies":"The Guardian","floor":16,"turns":9},{"damage":8,"enemies":"Shell Parasite","floor":18,"turns":8},{"damage":11,"enemies":"3 Byrds","floor":20,"turns":7},{"damage":28,"enemies":"Book of Stabbing","floor":25,"turns":6},{"damage":31,"enemies":"Snake Plant","floor":28,"turns":4},{"damage":26,"enemies":"Centurion and Healer","floor":30,"turns":6},{"damage":17,"enemies":"conspire:SneckoGhost","floor":31,"turns":6},{"damage":15,"enemies":"hubris:MusketHawk","floor":33,"turns":6},{"damage":12,"enemies":"3 Shapes","floor":35,"turns":8},{"damage":0,"enemies":"Orb Walker","floor":38,"turns":4},{"damage":48,"enemies":"Transient","floor":39,"turns":5},{"damage":0,"enemies":"Mind Bloom Boss Battle","floor":44,"turns":5},{"damage":25,"enemies":"Sphere and 2 Shapes","floor":45,"turns":7},{"damage":29,"enemies":"Reptomancer","floor":48,"turns":4},{"damage":49,"enemies":"Awakened One","floor":50,"turns":11}],"seed_played":"-1054960799488899523","potions_obtained":[{"floor":7,"key":"Fire Potion"},{"floor":11,"key":"PowerPotion"},{"floor":14,"key":"Dexterity Potion"},{"floor":20,"key":"LifebloodPotion"},{"floor":25,"key":"Poison Potion"},{"floor":28,"key":"LiquidBronze"},{"floor":38,"key":"Strength Potion"},{"floor":44,"key":"Poison Potion"}],"is_trial":false,"path_per_floor":["M","?","?","?","?","R","M","R","T","E","M","$","M","M","R","B",null,"M","?","M","?","T","R","AVR","E","T","R","M","R","M","E","R","B",null,"M","?","AVR","M","M","R","$","?","T","?","M","R","$","E","R","B",null],"character_chosen":"THE_SILENT","items_purchased":["conspire:DoublingDagger","Sadistic Nature+1","aspiration:Lifesprig","Cloak And Dagger"],"campfire_rested":6,"item_purchase_floors":[12,12,41,41],"current_hp_per_floor":[70,70,70,59,59,59,59,59,59,41,39,39,33,23,44,37,70,62,62,54,40,40,61,61,36,36,57,44,65,44,45,66,56,67,58,58,58,64,37,37,37,20,20,42,39,60,60,41,62,35],"gold":53,"neow_bonus":"ONE_RARE_RELIC","is_daily":false,"chose_seed":false,"campfire_upgraded":2,"win_rate":0.0,"timestamp":1610481901,"path_taken":["M","?","?","?","?","R","M","R","T","E","?","?","?","M","R","BOSS","M","?","M","?","?","R","AVR","E","T","R","M","R","M","E","R","BOSS","M","?","AVR","M","M","R","$","?","T","?","M","R","$","E","R","BOSS"],"items_purchased_type":["Card","Card","Relic","Card"],"build_version":"2020-12-22","purchased_purges":4,"victory":true,"max_hp_per_floor":[70,70,70,70,70,70,70,70,70,70,70,70,70,70,70,70,70,70,70,70,70,70,70,70,70,70,70,70,70,70,70,70,70,70,70,70,70,70,70,70,70,70,70,70,70,70,70,70,70,70],"card_choices":[{"not_picked":["StuffTheSpire:BumpUp","Slice"],"picked":"Choke","floor":1},{"not_picked":["Poisoned Stab","Bane"],"picked":"Quick Slash","floor":7},{"not_picked":["Slice","Finisher"],"picked":"Accuracy+1","floor":10},{"not_picked":["StuffTheSpire:ClusterCrunch","Slice"],"picked":"Well Laid Plans+1","floor":11},{"not_picked":["Sucker Punch","ReplayTheSpireMod:Exploit Weakness"],"picked":"Blade Dance","floor":13},{"not_picked":["StuffTheSpire:Python","Bane"],"picked":"StuffTheSpire:Sprint","floor":14},{"not_picked":["Grand Finale","Glass Knife"],"picked":"Night Terror","floor":16},{"not_picked":["Backflip+1","StuffTheSpire:ClusterCrunch"],"picked":"StuffTheSpire:DoubleShiv","floor":18},{"not_picked":["Endless Agony+1","StuffTheSpire:ClusterCrunch"],"picked":"Deflect","floor":20},{"not_picked":["ReplayTheSpireMod:The Works+1","ReplayTheSpireMod:Speed Training"],"picked":"Prepared","floor":25},{"not_picked":["Eviscerate+1","Finisher+1"],"picked":"Hidden Blade","floor":28},{"not_picked":["StuffTheSpire:BumpUp","Infinite Blades+1"],"picked":"Burst","floor":30},{"not_picked":["Slice","hubris:SlightOfHand"],"picked":"Distraction+1","floor":31},{"not_picked":["Venomology","Wraith Form v2+1"],"picked":"After Image+1","floor":33},{"not_picked":["StuffTheSpire:Injection+1","Bouncing Flask"],"picked":"Quick Slash+1","floor":35},{"not_picked":["StuffTheSpire:Recharge","expansioncontent:Torchfire"],"picked":"Replay:Parry","floor":36},{"not_picked":["Sucker Punch","conspire:DoublingDagger+1"],"picked":"ReplayTheSpireMod:Speed Training","floor":38},{"not_picked":["Riddle With Holes+1","Bane+1","StuffTheSpire:Fury+1"],"picked":"SKIP","floor":39},{"not_picked":["infinitespire:Execution","ReplayTheSpireMod:??????????????????????"],"picked":"infinitespire:UltimateForm","floor":42},{"not_picked":["Slice+1","Heel Hook"],"picked":"Backflip+1","floor":45},{"not_picked":["Endless Agony+1","Deadly Poison+1"],"picked":"Blur","floor":48}],"player_experience":443491,"relics_obtained":[{"floor":9,"key":"Frozen Egg 2"},{"floor":10,"key":"Whetstone"},{"floor":22,"key":"Replay:Wax Seal"},{"floor":25,"key":"hubris:PeanutButter"},{"floor":25,"key":"War Paint"},{"floor":26,"key":"Meat on the Bone"},{"floor":31,"key":"conspire:BottledYoYo"},{"floor":31,"key":"ReplayFunnel"},{"floor":43,"key":"StuffTheSpire:Nightcore"},{"floor":44,"key":"Replay:Arrowhead"},{"floor":48,"key":"Ice Cream"},{"floor":48,"key":"hubris:ToyBattleship"}],"event_choices":[{"damage_healed":0,"gold_gain":75,"player_choice":"Gather Gold","damage_taken":11,"max_hp_gain":0,"max_hp_loss":0,"event_name":"World of Goop","floor":4,"gold_loss":0},{"damage_healed":0,"gold_gain":100,"player_choice":"Pray","damage_taken":0,"max_hp_gain":0,"max_hp_loss":0,"event_name":"Golden Shrine","floor":5,"gold_loss":0},{"damage_healed":0,"gold_gain":0,"player_choice":"Memory 1","damage_taken":0,"max_hp_gain":0,"max_hp_loss":0,"event_name":"SensoryStone","floor":36,"gold_loss":0},{"damage_healed":0,"gold_gain":0,"player_choice":"Fight","damage_taken":0,"max_hp_gain":0,"max_hp_loss":0,"event_name":"MindBloom","floor":44,"gold_loss":0}],"is_beta":false,"boss_relics":[{"not_picked":["conspire:SlowCooker","vexMod:MegatonBomb"],"picked":"Black Star"},{"not_picked":["hubris:HollowSoul","vexMod:MysteryBossChallenge"],"picked":"hubris:TerracottaHorce"}],"items_purged_floors":[24,37,41,47],"is_endless":false,"potions_floor_spawned":[7,11,14,20,25,28,38,44],"ascension_level":1}}