{"host":"840yoaz69lavfcgt","time":1610442094,"event":{"mods":["BaseMod","Colored Powertips","DeckTracker","Highlight Path","Minty Spire (QoL Compilation)","Synergy Search"],"gold_per_floor":[216,36,56,56,69,95,95,95,95,116,116,116,148,166,166,266,266,282,301,311,329,428,462,479,24,74,37,37,69,69,69,69,69,69],"floor_reached":33,"playtime":2658,"items_purged":[],"score":343,"play_id":"a4d117fe-a7dc-4ced-affa-163a91e19de5","local_time":"20210112040134","is_ascension_mode":false,"campfire_choices":[{"floor":8.0,"key":"REST"},{"floor":12.0,"key":"REST"},{"floor":15.0,"key":"REST"},{"data":"Blade Dance","floor":32.0,"key":"SMITH"}],"circlet_count":0,"master_deck":["Strike_G","Strike_G","Strike_G","Strike_G","Strike_G","Defend_G","Defend_G","Defend_G","Defend_G","Defend_G","Survivor","Neutralize","Terror+1","Flying Knee","Slice","Prepared","Quick Slash","Prepared","Crippling Poison","Well Laid Plans+1","Adrenaline","CurseOfTheBell","Dash+1","Poisoned Stab","Deadly Poison+1","Underhanded Strike","Blade Dance+1","Deflect","Deflect","Poisoned Stab","Heel Hook","Writhe","Tactician+1","Ghostly","Ghostly","Ghostly","Ghostly","Ghostly"],"relics":["Ring of the Snake","Bronze Scales","Eternal Feather","Sundial","Blue Candle","Odd Mushroom","Frozen Egg 2","Calling Bell","Toy Ornithopter","Shuriken","Pocketwatch","Pen Nib","Kunai","TheAbacus","Vajra","PreservedInsect","Ginger","MutagenicStrength"],"acts_visited":["Exordium","TheCity"],"potions_floor_usage":[33],"damage_taken":[{"damage":6.0,"enemies":"2 Louse","floor":1.0,"turns":3.0},{"damage":6.0,"enemies":"Jaw Worm","floor":3.0,"turns":3.0},{"damage":0.0,"enemies":"Cultist","floor":5.0,"turns":3.0},{"damage":31.0,"enemies":"Lagavulin","floor":6.0,"turns":6.0},{"damage":26.0,"enemies":"The Mushroom Lair","floor":10.0,"turns":4.0},{"damage":29.0,"enemies":"3 Sentries","floor":13.0,"turns":9.0},{"damage":14.0,"enemies":"Gremlin Gang","floor":14.0,"turns":3.0},{"damage":33.0,"enemies":"The Guardian","floor":16.0,"turns":11.0},{"damage":27.0,"enemies":"2 Thieves","floor":18.0,"turns":4.0},{"damage":0.0,"enemies":"3 Byrds","floor":19.0,"turns":3.0},{"damage":6.0,"enemies":"Cultist and Chosen","floor":20.0,"turns":6.0},{"damage":14.0,"enemies":"Sentry and Sphere","floor":21.0,"turns":4.0},{"damage":12.0,"enemies":"Gremlin Leader","floor":23.0,"turns":6.0},{"damage":3.0,"enemies":"Shelled Parasite and Fungi","floor":24.0,"turns":5.0},{"damage":12.0,"enemies":"Book of Stabbing","floor":29.0,"turns":3.0},{"damage":39,"enemies":"Automaton","floor":33,"turns":6}],"seed_played":"-7469549692398920154","potions_obtained":[{"floor":1.0,"key":"SkillPotion"},{"floor":6.0,"key":"Poison Potion"},{"floor":13.0,"key":"GhostInAJar"},{"floor":19.0,"key":"Dexterity Potion"},{"floor":20.0,"key":"EssenceOfSteel"},{"floor":21.0,"key":"DistilledChaos"},{"floor":23.0,"key":"LiquidMemories"}],"is_trial":false,"path_per_floor":["M","$","M","?","M","E","?","R","T","?","?","R","E","M","R","B",null,"M","M","M","M","?","E","M","$","T","$","?","E","?","?","R","B"],"character_chosen":"THE_SILENT","items_purchased":["Flying Knee","Bronze Scales","Kunai","Deflect","Poisoned Stab","TheAbacus","Heel Hook"],"campfire_rested":3,"item_purchase_floors":[2,2,25,25,25,25,27],"current_hp_per_floor":[64,64,58,51,51,20,20,50,50,24,24,54,25,11,44,11,70,43,43,42,28,28,31,28,28,28,28,28,16,16,16,35,0,0],"gold":69,"neow_bonus":"HUNDRED_GOLD","is_daily":false,"chose_seed":false,"campfire_upgraded":1,"win_rate":0.0,"timestamp":1610442094,"path_taken":["M","$","M","?","M","E","?","R","T","?","?","R","E","M","R","BOSS","M","?","M","?","?","E","M","$","T","$","?","E","?","?","R","BOSS"],"items_purchased_type":["Card","Relic","Relic","Card","Card","Relic","Card"],"build_version":"2020-12-22","purchased_purges":0,"victory":false,"max_hp_per_floor":[70,70,70,70,70,70,70,70,70,70,70,70,70,70,70,70,70,70,70,70,70,70,70,70,70,70,70,70,70,70,35,35,35,35],"card_choices":[{"not_picked":["Flechettes","Poisoned Stab"],"picked":"Terror","floor":1.0},{"not_picked":["PiercingWail","Backflip"],"picked":"Slice","floor":3.0},{"not_picked":["Tactician","Dagger Throw"],"picked":"Prepared","floor":5.0},{"not_picked":["Choke","Blade Dance"],"picked":"Quick Slash","floor":6.0},{"not_picked":["Adrenaline","Calculated Gamble"],"picked":"Prepared","floor":10.0},{"not_picked":["Underhanded Strike","Prepared"],"picked":"Crippling Poison","floor":13.0},{"not_picked":["Deadly Poison","Deflect"],"picked":"Well Laid Plans+1","floor":14.0},{"not_picked":["Phantasmal Killer","Die Die Die"],"picked":"Adrenaline","floor":16.0},{"not_picked":["Deadly Poison","Expertise+1"],"picked":"Dash+1","floor":18.0},{"not_picked":["Glass Knife","Masterful Stab+1"],"picked":"Poisoned Stab","floor":19.0},{"not_picked":["Poisoned Stab","Caltrops+1"],"picked":"Deadly Poison+1","floor":20.0},{"not_picked":["Sucker Punch","Expertise+1"],"picked":"Underhanded Strike","floor":21.0},{"not_picked":["Flying Knee","Crippling Poison+1"],"picked":"Blade Dance","floor":23.0},{"not_picked":["Envenom+1","Deadly Poison"],"picked":"Deflect","floor":24.0},{"not_picked":["Flying Knee+1","Poisoned Stab"],"picked":"Tactician+1","floor":29.0}],"player_experience":187593,"relics_obtained":[{"floor":6.0,"key":"Sundial"},{"floor":9.0,"key":"Blue Candle"},{"floor":10.0,"key":"Odd Mushroom"},{"floor":13.0,"key":"Frozen Egg 2"},{"floor":17.0,"key":"Toy Ornithopter"},{"floor":17.0,"key":"Shuriken"},{"floor":17.0,"key":"Pocketwatch"},{"floor":23.0,"key":"Pen Nib"},{"floor":26.0,"key":"Vajra"},{"floor":29.0,"key":"Ginger"}],"event_choices":[{"damage_healed":0.0,"max_hp_gain":0.0,"max_hp_loss":0.0,"gold_gain":0.0,"event_name":"Scrap Ooze","player_choice":"Success","floor":4.0,"gold_loss":0.0,"damage_taken":7.0,"relics_obtained":["Eternal Feather"]},{"damage_healed":0.0,"max_hp_gain":0.0,"max_hp_loss":0.0,"gold_gain":0.0,"event_name":"Living Wall","player_choice":"Grow","floor":7.0,"gold_loss":0.0,"damage_taken":0.0,"cards_upgraded":["Terror"]},{"damage_healed":0.0,"max_hp_gain":0.0,"max_hp_loss":0.0,"gold_gain":0.0,"event_name":"Mushrooms","player_choice":"Fought Mushrooms","floor":10.0,"gold_loss":0.0,"damage_taken":0.0},{"damage_healed":0.0,"max_hp_gain":0.0,"max_hp_loss":0.0,"gold_gain":0.0,"event_name":"Purifier","player_choice":"Ignored","floor":11.0,"gold_loss":0.0,"damage_taken":0.0},{"damage_healed":0.0,"max_hp_gain":0.0,"max_hp_loss":0.0,"gold_gain":99.0,"event_name":"Nest","player_choice":"Stole From Cult","floor":22.0,"gold_loss":0.0,"damage_taken":0.0},{"damage_healed":0.0,"max_hp_gain":0.0,"max_hp_loss":0.0,"gold_gain":0.0,"event_name":"The Mausoleum","player_choice":"Opened","floor":28.0,"gold_loss":0.0,"damage_taken":0.0,"relics_obtained":["PreservedInsect"],"cards_obtained":["Writhe"]},{"damage_healed":0.0,"max_hp_gain":0.0,"max_hp_loss":0.0,"gold_gain":0.0,"event_name":"Drug Dealer","player_choice":"Inject Mutagens","floor":30.0,"gold_loss":0.0,"damage_taken":0.0,"relics_obtained":["MutagenicStrength"]},{"damage_healed":0.0,"max_hp_gain":0.0,"max_hp_loss":35.0,"gold_gain":0.0,"event_name":"Ghosts","player_choice":"Became a Ghost","floor":31.0,"gold_loss":0.0,"damage_taken":0.0,"cards_obtained":["Ghostly","Ghostly","Ghostly","Ghostly","Ghostly"]}],"is_beta":false,"boss_relics":[{"not_picked":["Busted Crown","HoveringKite"],"picked":"Calling Bell"}],"items_purged_floors":[],"is_endless":false,"potions_floor_spawned":[1,6,13,19,20,21,23],"killed_by":"Automaton","ascension_level":0}}