{"host":"rl55h36hts1vjtzv","time":1610456546,"event":{"mods":["BaseMod","Colored Powertips","Minty Spire (QoL Compilation)","Relic Stats"],"gold_per_floor":[112,122,47,47,65,94,114,114,114,142,159,159,188,201,201,297,297,316,241,115,115,30,57,71,71,71,88,122,142,142,176,176,271,271,284,284,284,0,0,30,48,80,80,130,145,155,172,172,172,172,172],"floor_reached":50,"playtime":5902,"items_purged":["Strike_R","Defend_R"],"score":721,"play_id":"784814b4-9f11-406f-8b64-fa4dabd2f2d8","local_time":"20210112210226","is_ascension_mode":true,"campfire_choices":[{"data":"Infernal Blade","floor":8.0,"key":"SMITH"},{"data":"Inflame","floor":15.0,"key":"SMITH"},{"floor":30.0,"key":"REST"},{"data":"RitualDagger","floor":32.0,"key":"SMITH"},{"data":"Pommel Strike","floor":49.0,"key":"SMITH"}],"circlet_count":0,"master_deck":["Strike_R","Strike_R","Defend_R","Bash","Rampage+1","Pommel Strike+1","Flex","Infernal Blade+1","Inflame+1","Shrug It Off","Cleave","Twin Strike","Iron Wave+1","Pommel Strike","RitualDagger+1","Pommel Strike+1","Hemokinesis+1","Blood for Blood+1","Hemokinesis+1","Thunderclap+1","Impervious","Flex+1","Good Instincts","Armaments+1","Disarm+1"],"relics":["Burning Blood","PreservedInsect","Potion Belt","Pantograph","Bottled Flame","Charon\u0027s Ashes","Pear","SlaversCollar","MealTicket","Molten Egg 2","FossilizedHelix","Incense Burner","Paper Frog","Empty Cage","Red Mask","Sundial","Calipers","Darkstone Periapt","StoneCalendar"],"acts_visited":["Exordium","TheCity","TheBeyond"],"potions_floor_usage":[50],"damage_taken":[{"damage":1.0,"enemies":"Cultist","floor":1.0,"turns":3.0},{"damage":5.0,"enemies":"Small Slimes","floor":2.0,"turns":3.0},{"damage":3.0,"enemies":"2 Louse","floor":5.0,"turns":3.0},{"damage":25.0,"enemies":"3 Sentries","floor":6.0,"turns":5.0},{"damage":0.0,"enemies":"Exordium Wildlife","floor":7.0,"turns":3.0},{"damage":8.0,"enemies":"Gremlin Nob","floor":10.0,"turns":3.0},{"damage":7.0,"enemies":"Looter","floor":11.0,"turns":3.0},{"damage":22.0,"enemies":"Lagavulin","floor":13.0,"turns":5.0},{"damage":1.0,"enemies":"2 Fungi Beasts","floor":14.0,"turns":2.0},{"damage":29.0,"enemies":"The Guardian","floor":16.0,"turns":8.0},{"damage":26.0,"enemies":"Shell Parasite","floor":18.0,"turns":6.0},{"damage":12.0,"enemies":"Book of Stabbing","floor":23.0,"turns":3.0},{"damage":11.0,"enemies":"Spheric Guardian","floor":24.0,"turns":3.0},{"damage":2.0,"enemies":"Snecko","floor":27.0,"turns":3.0},{"damage":32.0,"enemies":"Slavers","floor":28.0,"turns":4.0},{"damage":18.0,"enemies":"Snake Plant","floor":29.0,"turns":3.0},{"damage":6.0,"enemies":"Book of Stabbing","floor":31.0,"turns":4.0},{"damage":84.0,"enemies":"Champ","floor":33.0,"turns":9.0},{"damage":44.0,"enemies":"3 Shapes","floor":35.0,"turns":3.0},{"damage":4.0,"enemies":"Giant Head","floor":40.0,"turns":4.0},{"damage":30.0,"enemies":"3 Darklings","floor":41.0,"turns":6.0},{"damage":16.0,"enemies":"Nemesis","floor":42.0,"turns":3.0},{"damage":26.0,"enemies":"Mind Bloom Boss Battle","floor":44.0,"turns":6.0},{"damage":19.0,"enemies":"4 Shapes","floor":45.0,"turns":5.0},{"damage":4.0,"enemies":"Transient","floor":46.0,"turns":5.0},{"damage":0.0,"enemies":"Jaw Worm Horde","floor":47.0,"turns":2.0},{"damage":80,"enemies":"Time Eater","floor":50,"turns":9}],"seed_played":"-5752989447636376477","potions_obtained":[{"floor":2.0,"key":"Dexterity Potion"},{"floor":5.0,"key":"Block Potion"},{"floor":7.0,"key":"Strength Potion"},{"floor":11.0,"key":"DuplicationPotion"},{"floor":23.0,"key":"EssenceOfSteel"},{"floor":24.0,"key":"Dexterity Potion"},{"floor":27.0,"key":"SkillPotion"},{"floor":28.0,"key":"Dexterity Potion"},{"floor":33.0,"key":"AttackPotion"},{"floor":41.0,"key":"LiquidMemories"},{"floor":42.0,"key":"ColorlessPotion"},{"floor":44.0,"key":"PowerPotion"},{"floor":46.0,"key":"ColorlessPotion"}],"is_trial":false,"path_per_floor":["M","M","$","?","M","E","M","R","T","E","M","T","E","M","R","B",null,"M","?","$","?","?","E","M","?","T","M","E","M","R","E","R","B",null,"M","?","?","?","?","E","M","E","T","?","M","M","M","?","R","B"],"character_chosen":"IRONCLAD","items_purchased":["Pommel Strike"],"campfire_rested":1,"item_purchase_floors":[20],"current_hp_per_floor":[80,80,80,80,80,61,67,67,67,65,64,64,58,63,63,65,90,70,70,70,64,64,58,53,83,83,87,61,49,76,76,76,12,90,52,52,52,52,52,54,30,20,20,25,12,14,20,79,79,0,0],"gold":172,"neow_bonus":"RANDOM_COMMON_RELIC","is_daily":false,"chose_seed":false,"campfire_upgraded":4,"win_rate":0.0,"timestamp":1610456546,"path_taken":["M","M","?","?","?","E","M","R","T","E","?","?","E","M","R","BOSS","M","?","$","?","?","E","M","?","T","M","E","M","R","E","R","BOSS","M","?","?","?","?","E","M","E","T","?","M","?","M","?","R","BOSS"],"items_purchased_type":["Card"],"build_version":"2020-12-22","purchased_purges":2,"victory":false,"max_hp_per_floor":[80,80,80,80,80,80,80,80,80,80,80,80,90,90,90,90,90,90,90,90,90,90,90,90,90,90,90,90,90,90,90,90,90,90,90,90,90,90,90,90,90,90,90,90,90,90,90,79,79,79,79],"relic_stats":{"Darkstone Periapt":0,"counters":[27,116],"Sundial":[2],"Pantograph":64,"MealTicket":0,"StoneCalendar":[52],"PreservedInsect":372,"Charon\u0027s Ashes":[144],"obtain_stats":[{"Potion Belt":6,"Darkstone Periapt":43,"Pear":13,"Calipers":42,"StoneCalendar":44,"PreservedInsect":0,"Charon\u0027s Ashes":12,"Incense Burner":28,"Empty Cage":34,"Burning Blood":0,"SlaversCollar":17,"Bottled Flame":10,"Sundial":40,"Pantograph":9,"MealTicket":22,"Molten Egg 2":23,"Red Mask":38,"FossilizedHelix":26,"Paper Frog":31},{"Potion Belt":4,"Darkstone Periapt":22,"Pear":8,"Calipers":22,"StoneCalendar":23,"PreservedInsect":0,"Charon\u0027s Ashes":7,"Incense Burner":15,"Empty Cage":18,"Burning Blood":0,"SlaversCollar":10,"Bottled Flame":6,"Sundial":20,"Pantograph":5,"MealTicket":11,"Molten Egg 2":12,"Red Mask":19,"FossilizedHelix":13,"Paper Frog":17},{"Potion Belt":14,"Darkstone Periapt":89,"Pear":28,"Calipers":89,"StoneCalendar":95,"PreservedInsect":0,"Charon\u0027s Ashes":23,"Incense Burner":57,"Empty Cage":73,"Burning Blood":0,"SlaversCollar":38,"Bottled Flame":20,"Sundial":80,"Pantograph":17,"MealTicket":44,"Molten Egg 2":47,"Red Mask":76,"FossilizedHelix":50,"Paper Frog":64}],"Burning Blood":147},"card_choices":[{"not_picked":["Warcry","True Grit"],"picked":"Rampage","floor":1.0},{"not_picked":["Clash","Wild Strike"],"picked":"Pommel Strike","floor":2.0},{"not_picked":["Wild Strike","Anger"],"picked":"Flex","floor":5.0},{"not_picked":["Armaments","Perfected Strike","Clash"],"picked":"SKIP","floor":6.0},{"not_picked":["Headbutt","Dropkick"],"picked":"Infernal Blade","floor":7.0},{"not_picked":["Berserk","Seeing Red"],"picked":"Inflame","floor":10.0},{"not_picked":["Thunderclap","Whirlwind"],"picked":"Shrug It Off","floor":11.0},{"not_picked":["Fire Breathing","Second Wind"],"picked":"Cleave","floor":13.0},{"not_picked":["Second Wind","Anger"],"picked":"Twin Strike","floor":14.0},{"not_picked":["Infernal Blade","Dropkick"],"picked":"Iron Wave+1","floor":18.0},{"not_picked":["Flex","Entrench"],"picked":"Pommel Strike+1","floor":23.0},{"not_picked":["Impervious","Heavy Blade+1"],"picked":"Hemokinesis+1","floor":24.0},{"not_picked":["Body Slam+1","Fire Breathing"],"picked":"Blood for Blood+1","floor":27.0},{"not_picked":["Anger+1","Pommel Strike+1"],"picked":"Hemokinesis+1","floor":28.0},{"not_picked":["Headbutt+1","Shockwave"],"picked":"Thunderclap+1","floor":29.0},{"not_picked":["Brutality","Body Slam+1","Clash+1"],"picked":"SKIP","floor":31.0},{"not_picked":["Demon Form","Fiend Fire+1"],"picked":"Impervious","floor":33.0},{"not_picked":["Wild Strike+1","Perfected Strike+1"],"picked":"Flex+1","floor":35.0},{"not_picked":["Jack Of All Trades","Purity"],"picked":"Good Instincts","floor":37.0},{"not_picked":["Flex","Carnage+1"],"picked":"Armaments+1","floor":40.0},{"not_picked":["Flex","Anger+1","Carnage+1"],"picked":"SKIP","floor":41.0},{"not_picked":["Rupture","Evolve+1"],"picked":"Disarm+1","floor":42.0},{"not_picked":["Armaments","Feel No Pain","Cleave+1"],"picked":"SKIP","floor":45.0},{"not_picked":["Fire Breathing+1","Power Through","Armaments"],"picked":"SKIP","floor":46.0},{"not_picked":["Warcry+1","Heavy Blade+1","Shockwave+1"],"picked":"SKIP","floor":47.0}],"player_experience":81625,"relics_obtained":[{"floor":6.0,"key":"Potion Belt"},{"floor":9.0,"key":"Pantograph"},{"floor":10.0,"key":"Bottled Flame"},{"floor":12.0,"key":"Charon\u0027s Ashes"},{"floor":13.0,"key":"Pear"},{"floor":23.0,"key":"Molten Egg 2"},{"floor":26.0,"key":"FossilizedHelix"},{"floor":28.0,"key":"Incense Burner"},{"floor":31.0,"key":"Paper Frog"},{"floor":40.0,"key":"Sundial"},{"floor":42.0,"key":"Calipers"},{"floor":43.0,"key":"Darkstone Periapt"},{"floor":44.0,"key":"StoneCalendar"}],"event_choices":[{"damage_healed":0.0,"max_hp_gain":0.0,"max_hp_loss":0.0,"gold_gain":0.0,"event_name":"Upgrade Shrine","player_choice":"Upgraded","floor":4.0,"gold_loss":0.0,"damage_taken":0.0,"cards_upgraded":["Rampage"]},{"cards_removed":["Strike_R"],"damage_healed":0.0,"max_hp_gain":0.0,"max_hp_loss":0.0,"gold_gain":0.0,"event_name":"Beggar","player_choice":"Gave Gold","floor":19.0,"gold_loss":75.0,"damage_taken":0.0},{"damage_healed":0.0,"max_hp_gain":0.0,"max_hp_loss":0.0,"gold_gain":0.0,"event_name":"Nest","player_choice":"Joined the Cult","floor":21.0,"gold_loss":0.0,"damage_taken":6.0,"cards_obtained":["RitualDagger"]},{"damage_healed":0.0,"max_hp_gain":0.0,"max_hp_loss":0.0,"gold_gain":0.0,"event_name":"Addict","player_choice":"Obtained Relic","floor":22.0,"gold_loss":85.0,"damage_taken":0.0,"relics_obtained":["MealTicket"]},{"damage_healed":30.0,"max_hp_gain":0.0,"max_hp_loss":0.0,"gold_gain":0.0,"event_name":"The Library","player_choice":"Heal","floor":25.0,"gold_loss":0.0,"damage_taken":0.0},{"cards_removed":["Defend_R"],"damage_healed":0.0,"max_hp_gain":0.0,"max_hp_loss":0.0,"gold_gain":0.0,"event_name":"Falling","player_choice":"Removed Skill","floor":36.0,"gold_loss":0.0,"damage_taken":0.0},{"damage_healed":0.0,"max_hp_gain":0.0,"max_hp_loss":0.0,"gold_gain":0.0,"event_name":"SensoryStone","player_choice":"Memory 1","floor":37.0,"gold_loss":0.0,"damage_taken":0.0},{"damage_healed":0.0,"max_hp_gain":0.0,"max_hp_loss":0.0,"gold_gain":0.0,"event_name":"Tomb of Lord Red Mask","player_choice":"Paid","floor":38.0,"gold_loss":284.0,"damage_taken":0.0,"relics_obtained":["Red Mask"]},{"damage_healed":0.0,"max_hp_gain":0.0,"max_hp_loss":0.0,"gold_gain":0.0,"event_name":"Mysterious Sphere","player_choice":"Ignored","floor":39.0,"gold_loss":0.0,"damage_taken":0.0},{"damage_healed":0.0,"max_hp_gain":0.0,"max_hp_loss":0.0,"gold_gain":0.0,"event_name":"MindBloom","player_choice":"Fight","floor":44.0,"gold_loss":0.0,"damage_taken":0.0},{"damage_healed":79.0,"max_hp_gain":0.0,"max_hp_loss":11.0,"gold_gain":0.0,"event_name":"The Moai Head","player_choice":"Heal","floor":48.0,"gold_loss":0.0,"damage_taken":0.0}],"is_beta":false,"boss_relics":[{"not_picked":["Fusion Hammer","Tiny House"],"picked":"SlaversCollar"},{"not_picked":["Runic Cube","Sozu"],"picked":"Empty Cage"}],"items_purged_floors":[3,20],"is_endless":false,"potions_floor_spawned":[2,5,7,11,23,24,27,28,33,41,42,44,46],"killed_by":"Time Eater","ascension_level":3}}