{"host":"qie2g20yrau14p9p","time":1610446118,"event":{"mods":["BaseMod","Downfall","Minty Spire (QoL Compilation)","Replay The Spire","StSLib","The Cursed","The Necromancer","The Runesmith"],"gold_per_floor":[116,135,135,135,151,151,151,151,204,242,242,283,308,118,118,235,235,270,303,403,436,436,436,470,503,576,610,610,650,681,707,707,721,721],"floor_reached":33,"playtime":2207,"items_purged":[],"score":294,"play_id":"7ea25312-4a95-43ff-b6e0-8442b0fde03a","local_time":"20210112040838","is_ascension_mode":false,"campfire_choices":[{"data":"Bone_Wall","floor":6,"key":"SMITH"},{"data":"Negative_Energy_Arrows","floor":8,"key":"SMITH"},{"data":"Bone_Armory","floor":23,"key":"SMITH"},{"floor":28,"key":"REST"},{"data":"Summon_Lich","floor":32,"key":"SMITH"}],"circlet_count":0,"master_deck":["Defend_W","Defend_W","Defend_W","Defend_W","Negative_Energy_Arrows+1","Bone_Wall+1","Negative_Energy_Sphere+1","Bone_Prison","Shackles_Of_Pain","Shade_Step+1","Blood_Is_Power","Whirlwind_of_Bones","Bone_Armory+1","Death_March_Dance","Death_March_Dance","Cloudkill","Acid_Javelin+1","Negative_Energy_Shield","Epidemic","Bite","Bite","Bite","Bite","Bite","Flesh_Made_Foul","Spectral_Armor","Negative_Energy_Javelin+1","Toxic_Smoke_Screen","Summon_Lich+1"],"relics":["Vampire_Amulet","ReplayTheSpireMod:Ring of Addiction","White Beast Statue","Toy Ornithopter","Replay:Bandana","Onion Ring","Runesmith:AutoHammer","Replay:Bronze Core","Meat on the Bone","Ancient Tea Set","Regal Pillow"],"acts_visited":["Exordium","TheCity"],"potions_floor_usage":[18,19,21,21,25,25,27,29,30,33,33],"damage_taken":[{"damage":0,"enemies":"Jaw Worm","floor":1,"turns":5},{"damage":4,"enemies":"2 Louse","floor":2,"turns":2},{"damage":4,"enemies":"Cultist","floor":5,"turns":5},{"damage":13,"enemies":"2 Fungi Beasts","floor":10,"turns":3},{"damage":9,"enemies":"Replay:BlueRogue","floor":12,"turns":6},{"damage":0,"enemies":"3 Louse","floor":13,"turns":3},{"damage":73,"enemies":"Fading Forest","floor":16,"turns":11},{"damage":10,"enemies":"2 Thieves","floor":18,"turns":5},{"damage":12,"enemies":"Spheric Guardian","floor":19,"turns":6},{"damage":8,"enemies":"3 Cultists","floor":21,"turns":5},{"damage":14,"enemies":"Shelled Parasite and Fungi","floor":24,"turns":7},{"damage":22,"enemies":"Centurion and Healer","floor":25,"turns":5},{"damage":16,"enemies":"Snake Plant","floor":27,"turns":4},{"damage":52,"enemies":"Book of Stabbing","floor":29,"turns":10},{"damage":14,"enemies":"Shelled Parasite and Fungi","floor":30,"turns":6},{"damage":77,"enemies":"Automaton","floor":33,"turns":6}],"seed_played":"-357435698204966489","potions_obtained":[{"floor":1,"key":"PowerPotion"},{"floor":3,"key":"Block Potion"},{"floor":3,"key":"Elixir"},{"floor":18,"key":"Weak Potion"},{"floor":19,"key":"PowerPotion"},{"floor":21,"key":"Explosive Potion"},{"floor":24,"key":"SpeedPotion"},{"floor":25,"key":"SteroidPotion"},{"floor":27,"key":"Dexterity Potion"},{"floor":29,"key":"Regen Potion"},{"floor":30,"key":"SteroidPotion"}],"is_trial":false,"path_per_floor":["M","M","?","?","M","R","?","R","T","M","?","E","M","$","R","B",null,"M","M","?","M","?","R","M","M","T","M","R","E","M","T","R","B"],"character_chosen":"NECROMANCER","items_purchased":["Death_March_Dance","Runesmith:AutoHammer"],"campfire_rested":1,"item_purchase_floors":[14,14],"current_hp_per_floor":[82,80,80,80,78,78,78,78,78,67,72,65,71,71,81,42,79,79,76,76,79,55,55,55,53,53,49,53,38,53,53,53,0,0],"gold":721,"neow_bonus":"TEN_PERCENT_HP_BONUS","is_daily":false,"chose_seed":false,"campfire_upgraded":4,"win_rate":0.0,"timestamp":1610446118,"path_taken":["M","M","?","?","?","R","?","R","T","M","?","E","M","$","R","BOSS","M","M","?","?","?","R","M","M","T","M","R","E","M","?","R","BOSS"],"items_purchased_type":["Card","Relic"],"build_version":"2020-12-13","purchased_purges":0,"victory":false,"max_hp_per_floor":[82,82,82,82,82,82,80,80,80,78,83,83,81,81,81,79,79,79,79,79,79,55,55,55,53,53,53,53,53,53,53,53,53,53],"card_choices":[{"not_picked":["Thousand_Bone_Knives","Violent_Necrosis"],"picked":"Negative_Energy_Sphere","floor":1},{"not_picked":["Bone_Bullets","Life_Drain"],"picked":"Bone_Prison","floor":2},{"not_picked":["Bone_Armory","Shackles_Of_Pain"],"picked":"Shade_Step","floor":5},{"not_picked":["Shackles_Of_Pain","Bone_Prison"],"picked":"Blood_Is_Power","floor":10},{"not_picked":["Skeleton_Dragon","Bones_to_Steel"],"picked":"Whirlwind_of_Bones","floor":12},{"not_picked":["Blood_Curse","Death_March_Dance"],"picked":"Bone_Armory","floor":13},{"not_picked":["Negative_Energy_Bomb","Requiem"],"picked":"Cloudkill","floor":16},{"not_picked":["Negative_Energy_Sphere","Siphon_Strength"],"picked":"Acid_Javelin+1","floor":18},{"not_picked":["Spectral_Armor","Blood_Curse"],"picked":"Negative_Energy_Shield","floor":19},{"not_picked":["Life_Tap","Vampiric_Strike"],"picked":"Epidemic","floor":21},{"not_picked":["Vampiric_Strike","Blood_Curse"],"picked":"Flesh_Made_Foul","floor":24},{"not_picked":["Corrupt+1","Strike_from_Beyond"],"picked":"Spectral_Armor","floor":25},{"not_picked":["Shackles_Of_Pain+1","Acid_Javelin"],"picked":"Negative_Energy_Javelin+1","floor":27},{"not_picked":["Shackles_Of_Pain","Negative_Energy_Sphere+1"],"picked":"Toxic_Smoke_Screen","floor":29},{"not_picked":["Scare","Bones_to_Steel"],"picked":"Summon_Lich","floor":30}],"player_experience":2786,"relics_obtained":[{"floor":3,"key":"ReplayTheSpireMod:Ring of Addiction"},{"floor":3,"key":"White Beast Statue"},{"floor":3,"key":"Toy Ornithopter"},{"floor":9,"key":"Replay:Bandana"},{"floor":12,"key":"Onion Ring"},{"floor":26,"key":"Meat on the Bone"},{"floor":29,"key":"Ancient Tea Set"},{"floor":31,"key":"Regal Pillow"}],"event_choices":[{"damage_healed":0,"gold_gain":0,"cards_transformed":["Strike_W"],"player_choice":"Transformed","damage_taken":0,"max_hp_gain":0,"max_hp_loss":0,"event_name":"Transmorgrifier","floor":4,"gold_loss":0,"cards_obtained":["Shackles_Of_Pain"]},{"damage_healed":0,"gold_gain":0,"player_choice":"Grow","damage_taken":0,"max_hp_gain":0,"max_hp_loss":0,"event_name":"Living Wall","floor":7,"gold_loss":0,"cards_upgraded":["Negative_Energy_Sphere"]},{"damage_healed":0,"gold_gain":0,"player_choice":"Donut","damage_taken":0,"max_hp_gain":5,"max_hp_loss":0,"event_name":"Big Fish","floor":11,"gold_loss":0},{"damage_healed":0,"gold_gain":100,"player_choice":"Pray","damage_taken":0,"max_hp_gain":0,"max_hp_loss":0,"event_name":"Golden Shrine","floor":20,"gold_loss":0},{"damage_healed":0,"gold_gain":0,"player_choice":"Became a vampire","damage_taken":0,"max_hp_gain":0,"max_hp_loss":24,"event_name":"Vampires","floor":22,"gold_loss":0,"cards_obtained":["Bite","Bite","Bite","Bite","Bite"]}],"is_beta":false,"boss_relics":[{"not_picked":["Painkiller Herb","Sozu"],"picked":"Replay:Bronze Core"}],"items_purged_floors":[],"is_endless":false,"potions_floor_spawned":[1,5,10,12,13,16,18,19,21,24,25,27,29,30],"killed_by":"Automaton","ascension_level":0}}