{"host":"qxeepl7ydvsgmfdb","time":1610460370,"event":{"mods":["AchievementEnabler","BaseMod","Colored Powertips","Minty Spire (QoL Compilation)","Quick Restart","slay the spire mod where everything is the same but ironclad has a cowboy hat"],"gold_per_floor":[111,111,9,9,9,36,36,61,61,76,105,105,119,132,132,235,235,246,256,171,183,108,108,141,141,141,141,169,217,317,344,344,441,441,455,455,455,159,204,233,248,248,248,27,27,27,39,52,52,52],"floor_reached":51,"playtime":1640,"items_purged":["Regret","Strike_G","Strike_G"],"score":1021,"play_id":"4f8d1c5e-08fe-4c4a-882b-80d5fa6748d9","local_time":"20210112090610","is_ascension_mode":true,"campfire_choices":[{"data":"After Image","floor":7.0,"key":"SMITH"},{"data":"Dagger Spray","floor":12.0,"key":"SMITH"},{"data":"Blade Dance","floor":15.0,"key":"SMITH"},{"data":"Die Die Die","floor":23.0,"key":"SMITH"},{"data":"Blade Dance","floor":25.0,"key":"SMITH"},{"floor":27.0,"key":"REST"},{"floor":32.0,"key":"REST"},{"data":"Phantasmal Killer","floor":42.0,"key":"SMITH"},{"data":"Catalyst","floor":46.0,"key":"SMITH"},{"floor":49.0,"key":"REST"}],"circlet_count":0,"master_deck":["Strike_G","Strike_G","Strike_G","Defend_G","Defend_G","Defend_G","Defend_G","Defend_G","Neutralize","Slice+1","Cloak And Dagger","Slice","After Image+1","Blade Dance+1","Blade Dance+1","Dagger Spray+1","Slice","Die Die Die+1","Noxious Fumes+1","Deadly Poison+1","Cloak And Dagger+1","Deadly Poison","Phantasmal Killer+1","Catalyst+1","Poisoned Stab+1"],"relics":["Ring of the Snake","NeowsBlessing","PreservedInsect","Mango","Ninja Scroll","Ancient Tea Set","Art of War","Turnip","Pear","Omamori","The Courier","TungstenRod","Snake Skull","Tingsha","Mummified Hand","InkBottle","Calling Bell","Centennial Puzzle","Matryoshka","The Specimen","Lantern","StoneCalendar","Tough Bandages","Pantograph","Paper Crane","Membership Card"],"acts_visited":["Exordium","TheCity","TheBeyond"],"potions_floor_usage":[50,50,50],"damage_taken":[{"damage":0.0,"enemies":"Small Slimes","floor":1.0,"turns":1.0},{"damage":0.0,"enemies":"Lagavulin","floor":6.0,"turns":1.0},{"damage":0.0,"enemies":"3 Sentries","floor":8.0,"turns":1.0},{"damage":0.0,"enemies":"Jaw Worm","floor":10.0,"turns":2.0},{"damage":14.0,"enemies":"Lagavulin","floor":11.0,"turns":4.0},{"damage":3.0,"enemies":"2 Louse","floor":13.0,"turns":2.0},{"damage":2.0,"enemies":"Looter","floor":14.0,"turns":2.0},{"damage":56.0,"enemies":"Hexaghost","floor":16.0,"turns":11.0},{"damage":13.0,"enemies":"2 Thieves","floor":18.0,"turns":4.0},{"damage":8.0,"enemies":"Shell Parasite","floor":19.0,"turns":4.0},{"damage":21.0,"enemies":"Sentry and Sphere","floor":21.0,"turns":4.0},{"damage":5.0,"enemies":"Slavers","floor":24.0,"turns":3.0},{"damage":9.0,"enemies":"Book of Stabbing","floor":28.0,"turns":3.0},{"damage":18.0,"enemies":"Colosseum Slavers","floor":30.0,"turns":5.0},{"damage":3.0,"enemies":"Colosseum Nobs","floor":30.0,"turns":3.0},{"damage":18.0,"enemies":"Gremlin Leader","floor":31.0,"turns":4.0},{"damage":52.0,"enemies":"Automaton","floor":33.0,"turns":8.0},{"damage":2.0,"enemies":"3 Shapes","floor":35.0,"turns":6.0},{"damage":21.0,"enemies":"2 Orb Walkers","floor":39.0,"turns":4.0},{"damage":18.0,"enemies":"Reptomancer","floor":40.0,"turns":4.0},{"damage":12.0,"enemies":"Orb Walker","floor":41.0,"turns":3.0},{"damage":0.0,"enemies":"Jaw Worm Horde","floor":47.0,"turns":3.0},{"damage":11.0,"enemies":"Sphere and 2 Shapes","floor":48.0,"turns":4.0},{"damage":88,"enemies":"Awakened One","floor":50,"turns":12}],"seed_played":"-2150421491335191288","potions_obtained":[{"floor":6.0,"key":"SkillPotion"},{"floor":8.0,"key":"DuplicationPotion"},{"floor":14.0,"key":"Ancient Potion"},{"floor":19.0,"key":"LiquidMemories"},{"floor":24.0,"key":"BlessingOfTheForge"},{"floor":33.0,"key":"Fruit Juice"},{"floor":41.0,"key":"Fruit Juice"}],"is_trial":false,"path_per_floor":["M","?","$","?","T","E","R","E","T","M","E","R","M","M","R","B",null,"M","M","?","M","$","R","E","R","T","R","E","T","?","E","R","B",null,"M","?","?","$","?","E","M","R","T","$","?","R","M","M","R","B",null],"character_chosen":"THE_SILENT","items_purchased":["Cloak And Dagger","Slice","Lantern","AttackPotion","CunningPotion","Membership Card","EntropicBrew"],"campfire_rested":3,"item_purchase_floors":[3,3,38,38,38,44,44],"current_hp_per_floor":[70,70,70,70,84,84,84,84,84,84,70,70,67,65,65,9,84,71,63,73,52,52,52,47,47,47,75,66,66,45,27,55,8,99,97,97,97,97,76,58,51,51,51,51,91,91,91,80,91,3],"gold":52,"neow_bonus":"THREE_ENEMY_KILL","is_daily":false,"chose_seed":false,"campfire_upgraded":7,"win_rate":0.0,"timestamp":1610460370,"path_taken":["M","?","$","?","?","E","R","E","T","M","E","R","M","M","R","BOSS","M","M","?","M","$","R","E","R","T","R","E","?","?","E","R","BOSS","M","?","?","$","?","E","M","R","T","?","?","R","M","M","R","BOSS"],"items_purchased_type":["Card","Card","Relic","Potion","Potion","Relic","Potion"],"build_version":"2020-12-22","purchased_purges":3,"victory":true,"max_hp_per_floor":[70,70,70,70,84,84,84,84,84,84,84,84,84,84,84,84,84,84,84,94,94,94,94,94,94,94,94,94,94,94,94,94,99,99,99,99,99,99,99,99,104,104,104,104,91,91,91,91,91,91],"card_choices":[{"not_picked":["Cloak And Dagger","PiercingWail"],"picked":"Slice","floor":1.0},{"not_picked":["Slice","Well Laid Plans"],"picked":"After Image","floor":6.0},{"not_picked":["Riddle With Holes","Night Terror"],"picked":"Blade Dance","floor":8.0},{"not_picked":["Deflect","Outmaneuver"],"picked":"Blade Dance","floor":10.0},{"not_picked":["Bane","Predator"],"picked":"Dagger Spray","floor":11.0},{"not_picked":["Calculated Gamble","Flying Knee"],"picked":"Slice","floor":13.0},{"not_picked":["Outmaneuver","Dagger Spray","Blade Dance"],"picked":"SKIP","floor":14.0},{"not_picked":["Phantasmal Killer","Storm of Steel"],"picked":"Die Die Die","floor":16.0},{"not_picked":["Cloak And Dagger","Deflect+1"],"picked":"Noxious Fumes+1","floor":18.0},{"not_picked":["Dagger Throw+1","PiercingWail+1"],"picked":"Deadly Poison+1","floor":19.0},{"not_picked":["Well Laid Plans","Concentrate+1"],"picked":"Cloak And Dagger+1","floor":21.0},{"not_picked":["Underhanded Strike","Terror","Dodge and Roll+1"],"picked":"SKIP","floor":24.0},{"not_picked":["Finisher","Acrobatics"],"picked":"Deadly Poison","floor":28.0},{"not_picked":["Backflip","Infinite Blades","Wraith Form v2"],"picked":"SKIP","floor":31.0},{"not_picked":["Unload","A Thousand Cuts"],"picked":"Phantasmal Killer","floor":33.0},{"not_picked":["Bane","Underhanded Strike+1"],"picked":"Catalyst","floor":35.0},{"not_picked":["Noxious Fumes+1","Glass Knife","Catalyst+1"],"picked":"SKIP","floor":40.0},{"not_picked":["Reflex+1","Skewer+1"],"picked":"Poisoned Stab+1","floor":41.0},{"not_picked":["Quick Slash+1","Skewer","Crippling Poison+1"],"picked":"SKIP","floor":47.0},{"not_picked":["Bane","Dagger Throw","Poisoned Stab+1"],"picked":"SKIP","floor":48.0}],"player_experience":125804,"relics_obtained":[{"floor":5.0,"key":"Mango"},{"floor":6.0,"key":"Ninja Scroll"},{"floor":8.0,"key":"Ancient Tea Set"},{"floor":9.0,"key":"Art of War"},{"floor":11.0,"key":"Turnip"},{"floor":24.0,"key":"Omamori"},{"floor":26.0,"key":"The Courier"},{"floor":28.0,"key":"TungstenRod"},{"floor":29.0,"key":"Snake Skull"},{"floor":30.0,"key":"Tingsha"},{"floor":30.0,"key":"Mummified Hand"},{"floor":31.0,"key":"InkBottle"},{"floor":34.0,"key":"Centennial Puzzle"},{"floor":34.0,"key":"Matryoshka"},{"floor":34.0,"key":"The Specimen"},{"floor":39.0,"key":"StoneCalendar"},{"floor":40.0,"key":"Tough Bandages"},{"floor":43.0,"key":"Pantograph"},{"floor":43.0,"key":"Paper Crane"}],"event_choices":[{"damage_healed":0.0,"max_hp_gain":0.0,"max_hp_loss":0.0,"gold_gain":0.0,"event_name":"Living Wall","player_choice":"Grow","floor":2.0,"gold_loss":0.0,"damage_taken":0.0,"cards_upgraded":["Slice"]},{"damage_healed":0.0,"max_hp_gain":0.0,"max_hp_loss":0.0,"gold_gain":0.0,"event_name":"Big Fish","player_choice":"Box","floor":4.0,"gold_loss":0.0,"damage_taken":0.0,"relics_obtained":["PreservedInsect"],"cards_obtained":["Regret"]},{"damage_healed":0.0,"max_hp_gain":0.0,"max_hp_loss":0.0,"gold_gain":0.0,"event_name":"Addict","player_choice":"Obtained Relic","floor":20.0,"gold_loss":85.0,"damage_taken":0.0,"relics_obtained":["Pear"]},{"damage_healed":0.0,"max_hp_gain":0.0,"max_hp_loss":0.0,"gold_gain":0.0,"event_name":"Colosseum","player_choice":"Fight","floor":30.0,"gold_loss":0.0,"damage_taken":0.0},{"damage_healed":0.0,"max_hp_gain":0.0,"max_hp_loss":0.0,"gold_gain":0.0,"event_name":"Colosseum","player_choice":"Fought Nobs","floor":30.0,"gold_loss":0.0,"damage_taken":0.0},{"cards_removed":["Survivor"],"damage_healed":0.0,"max_hp_gain":0.0,"max_hp_loss":0.0,"gold_gain":0.0,"event_name":"Falling","player_choice":"Removed Skill","floor":36.0,"gold_loss":0.0,"damage_taken":0.0},{"damage_healed":0.0,"max_hp_gain":0.0,"max_hp_loss":0.0,"gold_gain":0.0,"event_name":"Tomb of Lord Red Mask","player_choice":"Ignored","floor":37.0,"gold_loss":0.0,"damage_taken":0.0},{"damage_healed":0.0,"max_hp_gain":0.0,"max_hp_loss":0.0,"gold_gain":0.0,"event_name":"Mysterious Sphere","player_choice":"Fight","floor":39.0,"gold_loss":0.0,"damage_taken":0.0},{"damage_healed":91.0,"max_hp_gain":0.0,"max_hp_loss":13.0,"gold_gain":0.0,"event_name":"The Moai Head","player_choice":"Heal","floor":45.0,"gold_loss":0.0,"damage_taken":0.0}],"is_beta":false,"boss_relics":[{"not_picked":["Velvet Choker","Coffee Dripper","Runic Dome"]},{"not_picked":["HoveringKite","SlaversCollar"],"picked":"Calling Bell"}],"items_purged_floors":[22,38,44],"is_endless":false,"potions_floor_spawned":[6,8,14,19,24,33,41,48],"ascension_level":4}}