{"host":"04hh9gplt9wkfmr1","time":1610463561,"event":{"mods":["AchievementEnabler","BaseMod","Colored Map","KOR Keyword Fix","Minty Spire (QoL Compilation)","Rare Cards Sparkle","SuperFastMode"],"gold_per_floor":[118,132,148,164,176,192,219,219,219,234,409,439,439,456,456,556,556],"floor_reached":16,"playtime":481,"items_purged":[],"score":166,"play_id":"7decb1bf-b88e-401a-bd52-89996bac1a12","local_time":"20210112235921","is_ascension_mode":false,"campfire_choices":[{"data":"Double Tap","floor":8,"key":"SMITH"},{"data":"Shockwave","floor":13,"key":"SMITH"},{"data":"Disarm","floor":15,"key":"SMITH"}],"circlet_count":0,"master_deck":["Strike_R","Strike_R","Strike_R","Strike_R","Strike_R","Defend_R","Defend_R","Defend_R+1","Defend_R","Bash","Armaments+1","Headbutt","Shockwave+1","Headbutt","Double Tap+1","Twin Strike","Disarm+1","Doubt","Fiend Fire"],"relics":["Burning Blood","War Paint","WingedGreaves","Pantograph"],"acts_visited":["Exordium"],"potions_floor_usage":[7,12],"damage_taken":[{"damage":10,"enemies":"Jaw Worm","floor":1,"turns":6},{"damage":1,"enemies":"Cultist","floor":2,"turns":4},{"damage":1,"enemies":"2 Louse","floor":3,"turns":2},{"damage":2,"enemies":"2 Fungi Beasts","floor":4,"turns":4},{"damage":4,"enemies":"Blue Slaver","floor":5,"turns":5},{"damage":9,"enemies":"Exordium Wildlife","floor":6,"turns":6},{"damage":31,"enemies":"Lagavulin","floor":7,"turns":7},{"damage":12,"enemies":"Lots of Slimes","floor":10,"turns":3},{"damage":23,"enemies":"Gremlin Nob","floor":12,"turns":4},{"damage":7,"enemies":"Red Slaver","floor":14,"turns":5},{"damage":51,"enemies":"Slime Boss","floor":16,"turns":13}],"seed_played":"-3896322742814076599","potions_obtained":[{"floor":1,"key":"Explosive Potion"},{"floor":4,"key":"GamblersBrew"},{"floor":10,"key":"Explosive Potion"},{"floor":12,"key":"SteroidPotion"},{"floor":14,"key":"SmokeBomb"}],"is_trial":false,"path_per_floor":["M","M","M","M","M","M","E","R","T","M","?","E","R","M","R","B"],"character_chosen":"IRONCLAD","items_purchased":[],"campfire_rested":0,"item_purchase_floors":[],"current_hp_per_floor":[84,88,88,88,88,85,60,60,60,54,54,37,37,36,36,16,16],"gold":556,"neow_bonus":"TEN_PERCENT_HP_BONUS","is_daily":false,"chose_seed":false,"campfire_upgraded":3,"win_rate":0.0,"timestamp":1610463561,"path_taken":["M","M","M","M","M","M","E","R","T","M","?","E","R","M","R","BOSS"],"items_purchased_type":[],"build_version":"2020-12-22","purchased_purges":0,"victory":false,"max_hp_per_floor":[88,88,88,88,88,88,88,88,88,88,88,88,88,88,88,88,88],"card_choices":[{"not_picked":["Dropkick","Iron Wave"],"picked":"Armaments","floor":1},{"not_picked":["Intimidate","Clothesline"],"picked":"Headbutt","floor":2},{"not_picked":["Headbutt","Warcry"],"picked":"Shockwave","floor":3},{"not_picked":["Shrug It Off","Warcry","Bloodletting"],"picked":"SKIP","floor":4},{"not_picked":["Body Slam","Anger"],"picked":"Headbutt","floor":5},{"not_picked":["Warcry","Combust"],"picked":"Double Tap","floor":6},{"not_picked":["Body Slam","Hemokinesis"],"picked":"Twin Strike","floor":7},{"not_picked":["Flex","Twin Strike"],"picked":"Disarm","floor":10},{"not_picked":["Thunderclap","Bloodletting","Clash"],"picked":"SKIP","floor":12},{"not_picked":["True Grit","Thunderclap","Body Slam"],"picked":"SKIP","floor":14},{"not_picked":["Corruption","Barricade"],"picked":"Fiend Fire","floor":16}],"player_experience":13499,"relics_obtained":[{"floor":7,"key":"War Paint"},{"floor":9,"key":"WingedGreaves"},{"floor":12,"key":"Pantograph"}],"event_choices":[{"damage_healed":0,"gold_gain":175,"player_choice":"AGREE","damage_taken":0,"max_hp_gain":0,"max_hp_loss":0,"event_name":"Liars Game","floor":11,"gold_loss":0,"cards_obtained":["Doubt"]}],"is_beta":false,"boss_relics":[],"items_purged_floors":[],"is_endless":false,"potions_floor_spawned":[1,4,10,12,14],"killed_by":"Slime Boss","ascension_level":0}}