{"host":"0ndhasp09f4rkdar","time":1610426502,"event":{"mods":["BaseMod","Dio Mod","Hermit","Hero for Fun","Minty Spire (QoL Compilation)","Replay The Spire","StSLib","SuperFastMode","The Bladedancer"],"gold_per_floor":[116,129,129,129,140,140,151,167,193,193,220,220,242,258,258],"floor_reached":14,"playtime":613,"items_purged":[],"score":92,"play_id":"6f168420-0063-4ffa-812c-0eeaeece61bd","local_time":"20210112124142","is_ascension_mode":false,"campfire_choices":[{"data":"Accuracy","floor":6,"key":"SMITH"},{"floor":10,"key":"REST"}],"circlet_count":0,"master_deck":["Strike_G","Strike_G","Strike_G","Strike_G","Defend_G","Defend_G","Defend_G","Defend_G","Defend_G","Survivor","Neutralize+1","Underhanded Strike","Acrobatics","Accuracy+1","ReplayTheSpireMod:Scrap Shanks","Backflip","Outmaneuver","Voices","Flying Knee"],"relics":["Ring of the Snake","Bird Faced Urn","Replay:Bandana","Lantern","Ring of Hypnosis"],"acts_visited":["Exordium"],"potions_floor_usage":[13],"damage_taken":[{"damage":0,"enemies":"Small Slimes","floor":1,"turns":6},{"damage":4,"enemies":"2 Louse","floor":2,"turns":4},{"damage":0,"enemies":"Cultist","floor":5,"turns":3},{"damage":0,"enemies":"Blue Slaver","floor":7,"turns":6},{"damage":23,"enemies":"3 Louse","floor":8,"turns":4},{"damage":22,"enemies":"3 Sentries","floor":11,"turns":10},{"damage":1,"enemies":"Looter","floor":13,"turns":5},{"damage":32,"enemies":"Gremlin Nob","floor":14,"turns":5}],"seed_played":"-4419520945358499519","potions_obtained":[{"floor":5,"key":"Toxic Potion"},{"floor":7,"key":"Fire Potion"},{"floor":13,"key":"Ancient Potion"}],"is_trial":false,"path_per_floor":["M","M","?","?","M","R","M","M","T","R","E","?","M","E"],"character_chosen":"THE_SILENT","items_purchased":[],"campfire_rested":1,"item_purchase_floors":[],"current_hp_per_floor":[49,45,45,45,45,45,47,28,28,49,31,31,34,6,6],"gold":258,"neow_bonus":"ONE_RARE_RELIC","is_daily":false,"chose_seed":false,"campfire_upgraded":1,"win_rate":0.0,"timestamp":1610426502,"path_taken":["M","M","?","?","M","R","?","M","T","R","E","?","M","E"],"items_purchased_type":[],"build_version":"2020-12-22","purchased_purges":0,"victory":false,"max_hp_per_floor":[70,70,70,70,70,70,70,70,70,70,70,70,70,70,70],"card_choices":[{"not_picked":["Cloak And Dagger","PiercingWail"],"picked":"Underhanded Strike","floor":1},{"not_picked":["Poisoned Stab","Slice"],"picked":"Acrobatics","floor":2},{"not_picked":["Atom Bomb","Leg Sweep"],"picked":"Accuracy","floor":5},{"not_picked":["Dodge and Roll","Noxious Fumes"],"picked":"ReplayTheSpireMod:Scrap Shanks","floor":7},{"not_picked":["Blade Dance","Acrobatics"],"picked":"Backflip","floor":8},{"not_picked":["Sucker Punch","PiercingWail"],"picked":"Outmaneuver","floor":11},{"not_picked":["Poisoned Stab","ReplayTheSpireMod:Shiv Toss"],"picked":"Flying Knee","floor":13}],"player_experience":216153,"relics_obtained":[{"floor":9,"key":"Replay:Bandana"},{"floor":11,"key":"Lantern"},{"floor":12,"key":"Ring of Hypnosis"}],"event_choices":[{"cards_removed":["Strike_G"],"damage_healed":0,"gold_gain":0,"player_choice":"Purged","damage_taken":0,"max_hp_gain":0,"max_hp_loss":0,"event_name":"Purifier","floor":4,"gold_loss":0}],"is_beta":false,"boss_relics":[],"items_purged_floors":[],"is_endless":false,"potions_floor_spawned":[5,7,13],"killed_by":"Gremlin Nob","ascension_level":0}}