{"host":"d5orsqx4lxgzjfwi","time":1610445712,"event":{"mods":["AchievementEnabler","BaseMod","Colored Map","Downfall","Hermit","Minty Spire (QoL Compilation)","Permanent Neow","Replay The Spire","StSLib","The Cursed","The Hierophant"],"gold_per_floor":[111,41,41,41,51,51,70,90,113,148,148,66,118,197,197,302,302,324,168,202,202,202,197,54,87,87,177,259,259,278,303,321,341,341,441,441,457,457,48,62,62,62,62,62,93,93,93,93,128,145,145,145,145,150],"floor_reached":55,"playtime":3529,"items_purged":["Looming Evil"],"score":829,"play_id":"dae7aced-f3ce-454c-a6b2-07de7e6034e8","local_time":"20210112040152","is_ascension_mode":true,"campfire_choices":[{"data":"hermit:Maintenance","floor":6,"key":"SMITH"},{"data":"hermit:Maintenance","floor":11,"key":"SMITH"},{"data":"Replay:SS_hec_2","floor":15,"key":"SMITH"},{"floor":29,"key":"REST"},{"floor":34,"key":"REST"},{"data":"hermit:Maintenance","floor":46,"key":"SMITH"}],"circlet_count":0,"master_deck":["hermit:Strike_Hermit","hermit:Strike_Hermit","hermit:Strike_Hermit","hermit:Strike_Hermit","hermit:Defend_Hermit","hermit:Defend_Hermit","hermit:Defend_Hermit","hermit:Snapshot","hermit:Covet","Regret","hermit:Maintenance+1","hermit:Maintenance+1","hermit:Scavenge","hermit:HighNoon","Replay:SS_hec_2+1","hermit:BodyArmor","hermit:Showdown","hermit:BodyArmor+1","Pot Of Greed","Pot Of Greed","J.A.X.","hermit:Glare","hermit:Coalescence","hermit:FlashPowder+1","expansioncontent:Collect","hermit:Maintenance+1","Voices"],"relics":["hermit:Momento","Boot","hermit:RyeStalk","Kunai","Velvet Choker","Replay:Baseball","Red Mask","ClockworkSouvenir","Grinning Jar","The Courier","Black Star","Ring of Misfortune","ReplayTheSpireMod:Ring of Exchange","Oddly Smooth Stone","Bag of Preparation","Strawberry","Unceasing Top","Pen Nib","Molten Egg 2","Bag of Marbles","Replay:Rubber Ducky"],"acts_visited":["Exordium","TheCity","TheBeyond"],"potions_floor_usage":[],"damage_taken":[{"damage":0,"enemies":"Cultist","floor":1,"turns":3},{"damage":7,"enemies":"Small Slimes","floor":5,"turns":4},{"damage":4,"enemies":"2 Louse","floor":7,"turns":3},{"damage":0,"enemies":"2 Fungi Beasts","floor":8,"turns":4},{"damage":20,"enemies":"3 Sentries","floor":10,"turns":9},{"damage":1,"enemies":"Hexaghost","floor":16,"turns":13},{"damage":5,"enemies":"3 Byrds","floor":18,"turns":9},{"damage":28,"enemies":"Masked Bandits","floor":20,"turns":8},{"damage":3,"enemies":"2 Thieves","floor":23,"turns":5},{"damage":0,"enemies":"Book of Stabbing","floor":25,"turns":8},{"damage":6,"enemies":"3 Cultists","floor":30,"turns":8},{"damage":7,"enemies":"Shelled Parasite and Fungi","floor":31,"turns":7},{"damage":7,"enemies":"Centurion and Healer","floor":32,"turns":8},{"damage":0,"enemies":"Sentry and Sphere","floor":33,"turns":8},{"damage":8,"enemies":"Champ","floor":35,"turns":15},{"damage":0,"enemies":"3 Darklings","floor":37,"turns":8},{"damage":0,"enemies":"3 Shapes","floor":40,"turns":4},{"damage":6,"enemies":"R_Hoarder","floor":45,"turns":12},{"damage":3,"enemies":"Giant Head","floor":49,"turns":11},{"damage":0,"enemies":"Writhing Mass","floor":50,"turns":9},{"damage":5,"enemies":"Awakened One","floor":54,"turns":16}],"seed_played":"8978426768619463486","potions_obtained":[{"floor":1,"key":"CultistPotion"},{"floor":8,"key":"Dexterity Potion"},{"floor":23,"key":"Swift Potion"}],"is_trial":false,"path_per_floor":["M","$","?","$","M","R","M","M","T","E","R","$","?","?","R_BF","B",null,"M","$","?","PTL","PTL","M","$","E","?","?","T","R","M","M","M","M","R","B",null,"M","?","$","M","?","?","PTL","PTL","E","R","T","$","E","M","$","?","R_BF","B",null],"character_chosen":"HERMIT","items_purchased":["hermit:Maintenance","Replay:SS_hec_2","Replay:Baseball","ClockworkSouvenir","Oddly Smooth Stone","Bag of Preparation","Strawberry"],"campfire_rested":2,"item_purchase_floors":[2,12,19,24,39,39,39],"current_hp_per_floor":[75,75,75,75,68,68,64,64,64,44,44,44,44,44,44,43,75,70,70,42,42,42,39,39,39,39,27,27,49,43,36,29,29,51,43,75,75,75,82,82,82,82,82,82,76,76,76,76,73,73,73,73,73,68],"gold":150,"neow_bonus":"RANDOM_EVENT","is_daily":false,"chose_seed":false,"campfire_upgraded":4,"win_rate":0.0,"timestamp":1610445712,"path_taken":["M","?","?","$","M","R","M","?","T","E","R","$","?","?","R_BF","BOSS","M","$","?","PTL","PTL","M","$","E","?","?","T","R","?","M","M","M","R","BOSS","M","?","$","M","?","?","PTL","PTL","E","R","T","$","E","M","$","?","R_BF","BOSS"],"items_purchased_type":["Card","Card","Relic","Relic","Relic","Relic","Relic"],"build_version":"2020-12-22","purchased_purges":1,"victory":true,"max_hp_per_floor":[75,75,75,75,75,75,75,75,75,75,75,75,75,75,75,75,75,75,75,75,75,75,75,75,75,75,75,75,75,75,75,75,75,75,75,75,75,75,82,82,82,82,82,82,82,82,82,82,82,82,82,82,79,79],"card_choices":[{"not_picked":["hermit:CalledShot","hermit:SprayPray"],"picked":"hermit:Maintenance","floor":1},{"not_picked":["hermit:ItchyTrigger","hermit:Desperado","hermit:Feint"],"picked":"SKIP","floor":5},{"not_picked":["hermit:Roulette","hermit:Manifest"],"picked":"hermit:Scavenge","floor":7},{"not_picked":["hermit:DeadMansHand","hermit:Ricochet","hermit:Dissolve"],"picked":"SKIP","floor":8},{"not_picked":["hermit:Ricochet","hermit:TakeCover"],"picked":"hermit:HighNoon","floor":10},{"not_picked":["hermit:Determination","hermit:Snipe"],"picked":"hermit:BodyArmor","floor":14},{"not_picked":["hermit:SprayPray","hermit:Misfire"],"picked":"hermit:Showdown","floor":14},{"not_picked":["hermit:GoldenBullet","hermit:TrackingShot","hermit:Deadeye"],"picked":"SKIP","floor":18},{"not_picked":["hermit:WideOpen","hermit:TrackingShot"],"picked":"hermit:BodyArmor+1","floor":23},{"not_picked":["hermit:Feint","hermit:WideOpen","hermit:Spite"],"picked":"SKIP","floor":25},{"not_picked":["hermit:Ricochet","hermit:BodyArmor","hermit:HoleUp+1"],"picked":"SKIP","floor":30},{"not_picked":["hermit:Feint","hermit:Purgatory"],"picked":"hermit:Glare","floor":31},{"not_picked":["hermit:Roulette","hermit:Ricochet+1"],"picked":"hermit:Coalescence","floor":32},{"not_picked":["hermit:SprayPray+1","hermit:WideOpen+1","hermit:GhostlyPresence+1"],"picked":"SKIP","floor":33},{"not_picked":["hermit:Desperado+1","hermit:TakeCover"],"picked":"hermit:FlashPowder+1","floor":37},{"not_picked":["hermit:ItchyTrigger","hermit:Feint+1","hermit:Misfire"],"picked":"SKIP","floor":40},{"not_picked":["Blind","expansioncontent:DonusPower"],"picked":"expansioncontent:Collect","floor":41},{"not_picked":["hermit:Malice","hermit:NoHoldsBarred"],"picked":"hermit:Maintenance","floor":45},{"not_picked":["hermit:FatalDesire","hermit:GhostlyPresence","hermit:ItchyTrigger+1"],"picked":"SKIP","floor":49},{"not_picked":["hermit:FlashPowder+1","hermit:Deadeye+1","hermit:Feint+1"],"picked":"SKIP","floor":50}],"player_experience":209880,"relics_obtained":[{"floor":9,"key":"hermit:RyeStalk"},{"floor":10,"key":"Kunai"},{"floor":20,"key":"Red Mask"},{"floor":25,"key":"Grinning Jar"},{"floor":28,"key":"The Courier"},{"floor":38,"key":"Ring of Misfortune"},{"floor":38,"key":"ReplayTheSpireMod:Ring of Exchange"},{"floor":45,"key":"Unceasing Top"},{"floor":45,"key":"Pen Nib"},{"floor":47,"key":"Molten Egg 2"},{"floor":49,"key":"Bag of Marbles"},{"floor":49,"key":"Replay:Rubber Ducky"}],"event_choices":[{"damage_healed":0,"gold_gain":0,"player_choice":"Box","damage_taken":0,"relics_obtained":["Boot"],"max_hp_gain":0,"max_hp_loss":0,"event_name":"Big Fish","floor":0,"gold_loss":0,"cards_obtained":["Regret"]},{"damage_healed":0,"gold_gain":0,"player_choice":"Ignored","damage_taken":0,"max_hp_gain":0,"max_hp_loss":0,"event_name":"Fountain of Cleansing","floor":3,"gold_loss":0},{"damage_healed":0,"gold_gain":52,"player_choice":"Gained Gold","damage_taken":0,"max_hp_gain":0,"max_hp_loss":0,"event_name":"Golden Wing","floor":13,"gold_loss":0},{"damage_healed":0,"gold_gain":0,"player_choice":"Fought Bandits","damage_taken":0,"max_hp_gain":0,"max_hp_loss":0,"event_name":"Masked Bandits","floor":20,"gold_loss":0},{"damage_healed":0,"gold_gain":0,"player_choice":"Obtain J.A.X.","damage_taken":0,"max_hp_gain":0,"max_hp_loss":0,"event_name":"Drug Dealer","floor":26,"gold_loss":0,"cards_obtained":["J.A.X."]},{"damage_healed":0,"gold_gain":90,"player_choice":"GOLD ","damage_taken":12,"max_hp_gain":0,"max_hp_loss":0,"event_name":"Knowing Skull","floor":27,"potions_obtained":[],"gold_loss":0,"cards_obtained":[]},{"damage_healed":0,"gold_gain":0,"player_choice":"Memory 1","damage_taken":0,"max_hp_gain":0,"max_hp_loss":0,"event_name":"SensoryStone","floor":41,"gold_loss":0},{"cards_removed":["hermit:Defend_Hermit"],"damage_healed":0,"gold_gain":0,"player_choice":"Removed Skill","damage_taken":0,"max_hp_gain":0,"max_hp_loss":0,"event_name":"Falling","floor":42,"gold_loss":0},{"cards_removed":["Pot Of Greed"],"damage_healed":0,"gold_gain":0,"player_choice":"Card Removal","damage_taken":0,"max_hp_gain":0,"max_hp_loss":0,"event_name":"Wheel of Change","floor":52,"gold_loss":0},{"damage_healed":0,"gold_gain":0,"cards_transformed":["Parasite"],"player_choice":"Transformed","damage_taken":0,"max_hp_gain":0,"max_hp_loss":0,"event_name":"Transmorgrifier","floor":53,"gold_loss":0,"cards_obtained":["Voices"]}],"is_beta":false,"boss_relics":[{"not_picked":["Runic Pyramid","Fusion Hammer"],"picked":"Velvet Choker"},{"not_picked":["Honey Jar","Coffee Dripper"],"picked":"Black Star"}],"items_purged_floors":[39],"is_endless":false,"potions_floor_spawned":[1,8,23,25,30,33,37,45,49],"ascension_level":1}}