{"host":"64h6jdpsiwrne03s","time":1610465080,"event":{"mods":["Act Like it!","BaseMod","Bestiary","Colored Powertips","Gensokyo","Marisa£®ÏF”Í°°ƒß¿Ì…≥£©","Minty Spire (QoL Compilation)","Reimu£®≤©¿ˆ¡È√Œ£©","Remilia£®¿Ÿ√◊¿Ú—«£©","StSLib","The Servant 0.9.4","Youmu£®ªÍ∆«—˝√Œ£©"],"gold_per_floor":[110,122,222,152,77,102,114,147,170,198,213,243,243,243,243,322,322,333,333,333,62,62,89,89,122,145,159,191,210,210,241,241,315,315,334,334,334,334,209,209,239,239,239,239,266,53,53,83,83,83,83],"floor_reached":50,"playtime":2798,"items_purged":["Strike_Lin:ReiMu","Strike_Lin:ReiMu","TightArray:ReiMu","SubAcupoint:ReiMu"],"score":1389,"play_id":"e645dc40-abb0-413b-8962-7364f4b7c790","local_time":"20210112232440","is_ascension_mode":true,"campfire_choices":[{"data":"OctopathBindingBorder2:ReiMu","floor":15.0,"key":"SMITH"},{"data":"DependentForm:ReiMu","floor":24.0,"key":"SMITH"},{"floor":30.0,"key":"REST"},{"data":"FoulBorder2:ReiMu","floor":32.0,"key":"SMITH"},{"floor":40.0,"key":"REST"},{"floor":44.0,"key":"REST"},{"floor":49,"key":"RECALL"}],"circlet_count":0,"master_deck":["AscendersBane","Defend_Lin:ReiMu","Defend_Lin:ReiMu+1","Defend_Lin:ReiMu+1","Stagnation:ReiMu","OctopathBindingBorder2:ReiMu+1","Free:ReiMu+1","Free:ReiMu","TightArray:ReiMu+1","DependentForm:ReiMu+1","SubAcupoint:ReiMu+1","Revelation:ReiMu+1","FoulBorder2:ReiMu+1","Free:ReiMu","CleanRite:ReiMu","RainPray2:ReiMu","RainPray2:ReiMu","FoulBorder2:ReiMu","Revelation:ReiMu+1","Free:ReiMu"],"relics":["FlyPower:ReiMu","NeowsBlessing","RuthlessExorcism:ReiMu","War Paint","Juzu Bracelet","Tiny Chest","Dream Catcher","Happy Flower","SlaversCollar","WingedGreaves","PreservedInsect","Ornamental Fan","Regal Pillow","Lantern","Tea:ReiMu","KaguraBell:ReiMu","Empty Cage","Salt:ReiMu","Blue Candle","Torii","Gensokyo:DualWield","Bronze Scales","Smiling Mask","Medical Kit","Prayer Wheel"],"acts_visited":["Gensokyo:Gensokyo","Gensokyo:Gensokyoer","Gensokyo:Gensokyoest"],"potions_floor_usage":[],"damage_taken":[{"damage":0.0,"enemies":"Gensokyo:Python","floor":1.0,"turns":1.0},{"damage":0.0,"enemies":"Gensokyo:3_Fairies","floor":2.0,"turns":2.0},{"damage":0.0,"enemies":"Gensokyo:Mamizou","floor":6.0,"turns":3.0},{"damage":2.0,"enemies":"Gensokyo:Gryphon","floor":7.0,"turns":4.0},{"damage":0.0,"enemies":"Gensokyo:Aya","floor":8.0,"turns":6.0},{"damage":0.0,"enemies":"Gensokyo:Mamizou","floor":10.0,"turns":7.0},{"damage":2.0,"enemies":"Gensokyo:2_Rabbits","floor":11.0,"turns":5.0},{"damage":18.0,"enemies":"Gensokyo:Cirno","floor":12.0,"turns":6.0},{"damage":27.0,"enemies":"Gensokyo:Kokoro","floor":16.0,"turns":10.0},{"damage":0.0,"enemies":"Gensokyo:AngelMirror","floor":18.0,"turns":4.0},{"damage":3.0,"enemies":"Gensokyo:Tenshi","floor":23.0,"turns":5.0},{"damage":0.0,"enemies":"Gensokyo:Koishi","floor":25.0,"turns":6.0},{"damage":5.0,"enemies":"Gensokyo:CosmicMonolith","floor":27.0,"turns":4.0},{"damage":5.0,"enemies":"Gensokyo:Tenshi","floor":28.0,"turns":5.0},{"damage":22.0,"enemies":"Gensokyo:Swordslinger","floor":29.0,"turns":4.0},{"damage":0.0,"enemies":"Gensokyo:Koishi","floor":31.0,"turns":4.0},{"damage":6.0,"enemies":"Gensokyo:Kaguya","floor":33.0,"turns":11.0},{"damage":0.0,"enemies":"Gensokyo:3_Boulders","floor":35.0,"turns":5.0},{"damage":29.0,"enemies":"Gensokyo:Marisa","floor":41.0,"turns":6.0},{"damage":42,"enemies":"Gensokyo:Kasen","floor":45,"turns":6},{"damage":0,"enemies":"Gensokyo:Doremy","floor":48,"turns":4},{"damage":1,"enemies":"Gensokyo:Yuyuko","floor":50,"turns":4}],"seed_played":"-5980975660108104884","potions_obtained":[{"floor":1.0,"key":"PowerPotion"},{"floor":6.0,"key":"GrandPatriotsElixir:ReiMu"},{"floor":8.0,"key":"CultistPotion"}],"is_trial":false,"path_per_floor":["M","M","?","?","$","E","M","E","T","?","M","E","?","?","R","B",null,"M","?","T","$","?","E","R","E","T","M","E","M","R","E","R","B",null,"M","?","?","T","$","R","E","?","T","R","E","$","?","E","R","B"],"character_chosen":"REIMU","items_purchased":["PreservedInsect","Medical Kit"],"campfire_rested":3,"item_purchase_floors":[21,46],"current_hp_per_floor":[54,54,54,54,54,54,52,52,52,52,50,32,32,32,32,5,46,46,46,46,46,46,43,43,43,43,38,33,11,44,44,44,38,55,55,55,25,25,25,58,29,29,29,60,18,18,18,18,18,0,0],"gold":83,"neow_bonus":"THREE_ENEMY_KILL","is_daily":false,"chose_seed":false,"campfire_upgraded":3,"win_rate":0.0,"timestamp":1610465080,"path_taken":["M","M","?","?","$","E","M","E","T","?","M","E","?","?","R","BOSS","M","?","?","$","?","E","R","E","T","M","E","M","R","E","R","BOSS","M","?","?","?","$","R","E","?","T","R","E","$","?","E","R","BOSS"],"items_purchased_type":["Relic","Relic"],"build_version":"2020-12-22","purchased_purges":4,"victory":false,"max_hp_per_floor":[60,60,60,60,60,60,60,60,60,60,60,60,60,60,60,60,60,60,60,60,60,60,60,60,60,60,60,60,60,60,60,60,60,60,60,60,60,60,60,60,60,60,60,60,60,60,60,60,60,1,1],"card_choices":[{"not_picked":["MikOfLucky:ReiMu","EmergencyTakeOff:ReiMu","CareerPray:ReiMu"],"picked":"SKIP","floor":1.0},{"not_picked":["SafetyPray:ReiMu","SubcavityInstant:ReiMu","InherentArray:ReiMu"],"picked":"SKIP","floor":2.0},{"not_picked":["Dreaming2:ReiMu","AirStrike:ReiMu"],"picked":"OctopathBindingBorder2:ReiMu","floor":6.0},{"not_picked":["SubcavityInstant:ReiMu","WonderfulDomain:ReiMu"],"picked":"TightArray:ReiMu","floor":7.0},{"not_picked":["CardOfSanctity:ReiMu","AirStrike:ReiMu"],"picked":"Free:ReiMu","floor":8.0},{"not_picked":["TightArray:ReiMu","AlertArray:ReiMu"],"picked":"RainPray2:ReiMu","floor":10.0},{"not_picked":["InherentArray:ReiMu","SpringWay:ReiMu","SubcavityInstant:ReiMu"],"picked":"SKIP","floor":11.0},{"not_picked":["AirManeuver:ReiMu","EmergencyTakeOff:ReiMu"],"picked":"SubAcupoint:ReiMu","floor":12.0},{"not_picked":["HakureiPhantom:ReiMu","DependentForm:ReiMu"],"picked":"Free:ReiMu","floor":16.0},{"not_picked":["SafetyPray:ReiMu","CareerPray:ReiMu"],"picked":"TightArray:ReiMu+1","floor":18.0},{"not_picked":["YinYangSange:ReiMu","MikOfLucky:ReiMu"],"picked":"SubAcupoint:ReiMu+1","floor":23.0},{"not_picked":["DoubleButterfly:ReiMu","SafetyPray:ReiMu+1","PrepareRite:ReiMu"],"picked":"SKIP","floor":25.0},{"not_picked":["OrbThrow:ReiMu+1","SpreadBorder2:ReiMu"],"picked":"Revelation:ReiMu+1","floor":27.0},{"not_picked":["Meditation:ReiMu","Determination:ReiMu"],"picked":"FoulBorder2:ReiMu","floor":28.0},{"not_picked":["EmergencyTakeOff:ReiMu","TightArray:ReiMu","LearningPray:ReiMu"],"picked":"SKIP","floor":29.0},{"not_picked":["EmergencyTakeOff:ReiMu","UniversalSpiritual:ReiMu","SpringWay:ReiMu"],"picked":"SKIP","floor":31.0},{"not_picked":["BlastKick2:ReiMu","RunawayExorcism:ReiMu"],"picked":"Free:ReiMu","floor":33.0},{"not_picked":["CareerPray:ReiMu","TightArray:ReiMu","InherentArray:ReiMu+1"],"picked":"SKIP","floor":35.0},{"not_picked":["SpreadBorder2:ReiMu","EmergencyTakeOff:ReiMu"],"picked":"RainPray2:ReiMu","floor":40.0},{"not_picked":["CareerPray:ReiMu","Conquer:ReiMu"],"picked":"RainPray2:ReiMu","floor":41.0},{"not_picked":["SubcavityInstant:ReiMu","CollectionFlower2:ReiMu"],"picked":"FoulBorder2:ReiMu","floor":44.0},{"not_picked":["EmergencyTakeOff:ReiMu","Meditation:ReiMu+1"],"picked":"Revelation:ReiMu+1","floor":45},{"not_picked":["PayForSelf:ReiMu","AirStrike:ReiMu+1"],"picked":"Free:ReiMu","floor":48}],"player_experience":417142,"relics_obtained":[{"floor":6.0,"key":"War Paint"},{"floor":8.0,"key":"Juzu Bracelet"},{"floor":10.0,"key":"Tiny Chest"},{"floor":12.0,"key":"Dream Catcher"},{"floor":20.0,"key":"WingedGreaves"},{"floor":23.0,"key":"Ornamental Fan"},{"floor":25.0,"key":"Regal Pillow"},{"floor":26.0,"key":"Lantern"},{"floor":28.0,"key":"Tea:ReiMu"},{"floor":31.0,"key":"KaguraBell:ReiMu"},{"floor":38.0,"key":"Blue Candle"},{"floor":41.0,"key":"Torii"},{"floor":43.0,"key":"Bronze Scales"},{"floor":45,"key":"Smiling Mask"},{"floor":48,"key":"Prayer Wheel"}],"event_choices":[],"is_beta":false,"boss_relics":[{"not_picked":["Ectoplasm","Runic Pyramid"],"picked":"SlaversCollar"},{"not_picked":["Astrolabe","Runic Dome"],"picked":"Empty Cage"}],"items_purged_floors":[5,21,39,46],"is_endless":false,"potions_floor_spawned":[1,6,8,11,16,23,27],"killed_by":"Gensokyo:Yuyuko","ascension_level":19}}