{"host":"s8k08j4eybfen9r6","time":1610430230,"event":{"mods":["Aspiration","BaseMod","Better Altar","Better Match","Better Note","Better Sensory Stone","Better Skull","Better Third Choice","BetterRewards","Downfall","Duelist Mod","Hubris","Minty Spire (QoL Compilation)","MostiFishMod","Rare Cards Sparkle","Shop Mod","Spicy Shops","StSLib"],"gold_per_floor":[135,152,152,162,179,208,220,238,238,208,240,260,294,104,104,207,207,226,239,19,32,32,32,57,70,121,121,154,154,164,164,164],"floor_reached":31,"playtime":2760,"items_purged":["theDuelist:Sparks","theDuelist:CastleWalls"],"score":486,"play_id":"a758db1e-ba92-480e-a058-a8fad3813525","local_time":"20210112154350","is_ascension_mode":true,"campfire_choices":[{"data":"theDuelist:HammerShot","floor":15.0,"key":"SMITH"},{"data":"theDuelist:GamecieltheSeaTurtleKaiju","floor":23.0,"key":"SMITH"},{"floor":27.0,"key":"RECALL"},{"data":"theDuelist:GamecieltheSeaTurtleKaiju+1","floor":29.0,"key":"SMITH"}],"circlet_count":0,"master_deck":["theDuelist:SevenColoredFish","theDuelist:SevenColoredFish","theDuelist:AquaSpirit","theDuelist:CastleWalls","theDuelist:IslandTurtle","theDuelist:IslandTurtle","theDuelist:RevivalJam","theDuelist:GamecieltheSeaTurtleKaiju+2","theDuelist:Monokeros","theDuelist:MermailAbyssalacia","theDuelist:BigDesFrog","theDuelist:DepthShark","theDuelist:SphereKuriboh","theDuelist:TerrorkingSalmon","theDuelist:GishkiMarker","theDuelist:GishkiShadow","theDuelist:FishborgPlanter","theDuelist:HammerShot+1","theDuelist:Umi","theDuelist:AquaactressArowana","theDuelist:GoldenFlyingFish","theDuelist:ToadallyAwesome","Magnetism+1","theDuelist:AquaactressArowana","theDuelist:CallAtlanteans","theDuelist:GiantTurtle+1"],"relics":["theDuelist:MillenniumPuzzle","theDuelist:CardPoolRelic","theDuelist:CardPoolBasicRelic","theDuelist:BoosterPackPoolRelic","theDuelist:CardPoolAddRelic","theDuelist:CardPoolMinusRelic","theDuelist:CardPoolSaveRelic","theDuelist:CardPoolOptionsRelic","DaveBox","NeowsBlessing","SynthV:TestCard","Kunai","Shuriken","theDuelist:GiftAnubis","Bag of Preparation","FeatherPendant","theDuelist:ShopToken","aspiration:FetidBarrel"],"acts_visited":["Exordium","TheCity"],"potions_floor_usage":[31],"damage_taken":[{"damage":0.0,"enemies":"Cultist","floor":1.0,"turns":1.0},{"damage":0.0,"enemies":"Small Slimes","floor":2.0,"turns":1.0},{"damage":0.0,"enemies":"2 Louse","floor":4.0,"turns":1.0},{"damage":5.0,"enemies":"Lots of Slimes","floor":5.0,"turns":4.0},{"damage":0.0,"enemies":"3 Sentries","floor":6.0,"turns":9.0},{"damage":0.0,"enemies":"Large Slime","floor":7.0,"turns":6.0},{"damage":0.0,"enemies":"Exordium Wildlife","floor":8.0,"turns":9.0},{"damage":0.0,"enemies":"Looter","floor":10.0,"turns":4.0},{"damage":0.0,"enemies":"Lagavulin","floor":11.0,"turns":8.0},{"damage":0.0,"enemies":"2 Fungi Beasts","floor":12.0,"turns":5.0},{"damage":3.0,"enemies":"Gremlin Nob","floor":13.0,"turns":6.0},{"damage":25.0,"enemies":"Hexaghost","floor":16.0,"turns":13.0},{"damage":0.0,"enemies":"3 Byrds","floor":18.0,"turns":5.0},{"damage":0.0,"enemies":"Shell Parasite","floor":19.0,"turns":5.0},{"damage":36.0,"enemies":"Cultist and Chosen","floor":21.0,"turns":10.0},{"damage":4.0,"enemies":"Slavers","floor":24.0,"turns":2.0},{"damage":8.0,"enemies":"Centurion and Healer","floor":25.0,"turns":5.0},{"damage":8.0,"enemies":"Gremlin Leader","floor":28.0,"turns":7.0},{"damage":0.0,"enemies":"3 Cultists","floor":30.0,"turns":2.0},{"damage":18,"enemies":"Book of Stabbing","floor":31,"turns":3}],"seed_played":"-1340064222719563728","potions_obtained":[{"floor":1.0,"key":"GamblersBrew"},{"floor":4.0,"key":"DuplicationPotion"},{"floor":6.0,"key":"theDuelist:DebuffArmorPotion"},{"floor":11.0,"key":"hexamod:EctoCoolerPotion"},{"floor":16.0,"key":"theDuelist:SolderPotionB"},{"floor":19.0,"key":"theDuelist:BottledKuriboh"}],"is_trial":false,"path_per_floor":["M","M","?","M","M","E","M","M","T","M","E","M","E","$","R","B",null,"M","M","$","M","?","R","E","M","T","R","E","R","M","E"],"character_chosen":"THE_DUELIST","items_purchased":["theDuelist:Umi","theDuelist:ShopToken","theDuelist:ToadallyAwesome"],"campfire_rested":0,"item_purchase_floors":[14,20,20],"current_hp_per_floor":[72,72,72,72,67,78,78,78,78,78,78,78,75,75,75,50,73,73,73,73,37,37,37,33,25,25,25,17,17,17,0,0],"gold":164,"neow_bonus":"THREE_ENEMY_KILL","is_daily":false,"chose_seed":false,"campfire_upgraded":3,"win_rate":0.0,"timestamp":1610430230,"path_taken":["M","?","?","M","M","E","M","M","T","M","E","M","E","$","R","BOSS","M","M","$","M","?","R","E","?","T","R","E","R","M","E"],"items_purchased_type":["Card","Relic","Card"],"build_version":"2020-12-22","purchased_purges":2,"victory":false,"max_hp_per_floor":[80,80,80,80,80,80,80,80,80,80,80,80,80,80,80,80,80,80,80,80,80,80,80,80,80,80,80,80,80,80,80,80],"card_choices":[{"not_picked":["theDuelist:AtlanteanHeavyInfantry","theDuelist:EvigishkiSoulOgre"],"picked":"theDuelist:GamecieltheSeaTurtleKaiju","floor":1.0},{"not_picked":["theDuelist:HammerShot","theDuelist:BarrierStatue","theDuelist:BattleOx","theDuelist:BlizzardDefender"],"picked":"theDuelist:DianKeto","floor":2.0},{"not_picked":["theDuelist:Skystarray","theDuelist:AbyssWarrior","theDuelist:AbyssDweller","theDuelist:OldWhiteTurtle"],"picked":"theDuelist:MermailAbyssalacia","floor":4.0},{"not_picked":["theDuelist:RageDeepSea","theDuelist:GraydleCombat","theDuelist:Boneheimer","theDuelist:EnchantingMermaid"],"picked":"theDuelist:BigDesFrog","floor":5.0},{"not_picked":["theDuelist:GraydleEagle","theDuelist:Dorover","theDuelist:AquaSpirit","theDuelist:KaiserSeaSnake"],"picked":"theDuelist:DepthShark","floor":6.0},{"not_picked":["theDuelist:BattleOx","theDuelist:GishkiAquamirror","theDuelist:CraniumFish","theDuelist:Wiseman"],"picked":"theDuelist:SphereKuriboh","floor":7.0},{"not_picked":["theDuelist:SwampFrog","theDuelist:HighTideGyojin","theDuelist:CatShark","theDuelist:AmphibiousBugroth"],"picked":"theDuelist:TerrorkingSalmon","floor":8.0},{"not_picked":["theDuelist:FeatherPho","theDuelist:DeepDiver","theDuelist:RedMedicine","theDuelist:DarkCreator"],"picked":"theDuelist:GishkiMarker","floor":10.0},{"not_picked":["theDuelist:AquaactressTetra","theDuelist:FishborgPlanter","theDuelist:CorrodingShark","theDuelist:SeaLordAmulet"],"picked":"theDuelist:GishkiShadow","floor":11.0},{"not_picked":["theDuelist:AmphibiousBugroth","theDuelist:GishkiMollusk","theDuelist:BigDesFrog","theDuelist:NightmarePenguin"],"picked":"theDuelist:FishborgPlanter","floor":12.0},{"not_picked":["theDuelist:Fissure","theDuelist:PreventRat","theDuelist:ElementalBurst","theDuelist:PotGreed"],"picked":"theDuelist:HammerShot","floor":13.0},{"not_picked":["theDuelist:SplashCapture","theDuelist:SeaLordAmulet","theDuelist:GamecieltheSeaTurtleKaiju","theDuelist:DewlorenTigerKing"],"picked":"theDuelist:AquaactressArowana","floor":16.0},{"not_picked":["theDuelist:Unifrog","theDuelist:HighTideGyojin","theDuelist:WaterSpirit","theDuelist:BoulderTortoise"],"picked":"theDuelist:GoldenFlyingFish","floor":18.0},{"not_picked":["theDuelist:OneForOne+1","theDuelist:SphereKuriboh+1","theDuelist:DestructPotion","theDuelist:DianKeto+1","theDuelist:RedMedicine+1"],"picked":"SKIP","floor":19.0},{"not_picked":["Forethought","Purity","Secret Technique"],"picked":"Magnetism+1","floor":21.0},{"not_picked":["theDuelist:LeviairSeaDragon","theDuelist:IslandTurtle","theDuelist:GishkiAvance+1","theDuelist:AquaactressTetra"],"picked":"theDuelist:CallAtlanteans","floor":24.0},{"not_picked":["theDuelist:AbyssWarrior+1","theDuelist:FishSwaps","theDuelist:DepthShark","theDuelist:CallAtlanteans+1","theDuelist:AquaSpirit"],"picked":"SKIP","floor":25.0},{"not_picked":["theDuelist:AbyssWarrior","theDuelist:GraydleSlime","theDuelist:RageDeepSea","theDuelist:FishSwaps"],"picked":"theDuelist:GiantTurtle+1","floor":28.0},{"not_picked":["theDuelist:SevenColoredFish","theDuelist:Dewdark+1","theDuelist:GraydleSlime+1","theDuelist:GiantTurtle","theDuelist:Submarineroid+1"],"picked":"SKIP","floor":30.0}],"player_experience":401911,"relics_obtained":[{"floor":1.0,"key":"SynthV:TestCard"},{"floor":6.0,"key":"Kunai"},{"floor":9.0,"key":"Shuriken"},{"floor":11.0,"key":"theDuelist:GiftAnubis"},{"floor":13.0,"key":"Bag of Preparation"},{"floor":24.0,"key":"aspiration:FetidBarrel"}],"event_choices":[{"damage_healed":0.0,"max_hp_gain":0.0,"max_hp_loss":0.0,"gold_gain":0.0,"cards_transformed":["theDuelist:Sparks"],"event_name":"Living Wall","player_choice":"Change","floor":3.0,"gold_loss":0.0,"damage_taken":0.0,"cards_obtained":["theDuelist:Monokeros"]},{"damage_healed":0.0,"max_hp_gain":0.0,"max_hp_loss":0.0,"gold_gain":0.0,"event_name":"Duplicator","player_choice":"Copied","floor":22.0,"gold_loss":0.0,"damage_taken":0.0,"cards_obtained":["theDuelist:AquaactressArowana"]}],"is_beta":false,"boss_relics":[{"not_picked":["Transparent","Tiny House"],"picked":"FeatherPendant"}],"items_purged_floors":[14,20],"is_endless":false,"potions_floor_spawned":[1,4,6,7,11,16,18,19],"killed_by":"Book of Stabbing","ascension_level":6}}