{"host":"31s8hzukbhz1k6i6","time":1610485295,"event":{"mods":["AchievementEnabler","BaseMod","Bestiary","Colored Map","Filter the Spire","Minty Spire (QoL Compilation)","Relic Stats","ojb\u0027s Info Mod"],"gold_per_floor":[219,233,233,233,18,52,66,66,66,95,110,110,110],"floor_reached":12,"language":"ENG","playtime":367,"items_purged":["Strike_R"],"score":176,"play_id":"69da00fe-3a55-45e9-a811-2a98fe6d4e11","local_time":"20210112130135","is_ascension_mode":true,"campfire_choices":[{"data":"Whirlwind","floor":8,"key":"SMITH"}],"circlet_count":0,"master_deck":["AscendersBane","Strike_R","Strike_R","Strike_R","Strike_R","Defend_R","Defend_R","Defend_R","Defend_R","Bash","Whirlwind+1","Carnage","Rage","Dark Embrace","Power Through"],"relics":["Burning Blood","Kunai","InkBottle","Toy Ornithopter","Turnip"],"acts_visited":["Exordium"],"potions_floor_usage":[6,10,10,12],"damage_taken":[{"damage":1,"enemies":"Cultist","floor":1,"turns":3},{"damage":16,"enemies":"Small Slimes","floor":2,"turns":4},{"damage":35,"enemies":"Lagavulin","floor":6,"turns":5},{"damage":0,"enemies":"2 Louse","floor":7,"turns":2},{"damage":17,"enemies":"3 Sentries","floor":10,"turns":5},{"damage":17,"enemies":"Exordium Thugs","floor":11,"turns":3},{"damage":32,"enemies":"Gremlin Nob","floor":12,"turns":3}],"seed_played":"-5920743093067797178","potions_obtained":[{"floor":1,"key":"Dexterity Potion"},{"floor":2,"key":"LiquidBronze"},{"floor":7,"key":"Block Potion"},{"floor":11,"key":"SkillPotion"}],"is_trial":false,"path_per_floor":["M","M","$","?","$","E","M","R","T","E","M","E"],"character_chosen":"IRONCLAD","items_purchased":["Strength Potion","Carnage"],"campfire_rested":0,"item_purchase_floors":[5,5],"current_hp_per_floor":[73,63,63,52,52,23,29,29,29,28,17,0,0],"gold":110,"neow_bonus":"HUNDRED_GOLD","is_daily":false,"chose_seed":false,"campfire_upgraded":1,"win_rate":0.0,"timestamp":1610485295,"path_taken":["M","M","?","?","$","E","M","R","T","E","M","E"],"items_purchased_type":["Potion","Card"],"build_version":"2020-12-22","purchased_purges":1,"victory":false,"max_hp_per_floor":[75,75,75,75,75,75,75,75,75,75,75,75,75],"relic_stats":{"counters":[7,25],"Turnip":[1],"Kunai":[0],"obtain_stats":[{"Turnip":10,"Kunai":4,"Burning Blood":0,"InkBottle":6,"Toy Ornithopter":9},{"Turnip":5,"Kunai":2,"Burning Blood":0,"InkBottle":3,"Toy Ornithopter":4},{"Turnip":19,"Kunai":7,"Burning Blood":0,"InkBottle":12,"Toy Ornithopter":14}],"Burning Blood":36,"InkBottle":[3],"Toy Ornithopter":15},"card_choices":[{"not_picked":["Blood for Blood","Dark Embrace"],"picked":"Whirlwind","floor":1},{"not_picked":["Heavy Blade","Havoc","Whirlwind"],"picked":"SKIP","floor":2},{"not_picked":["Sever Soul","Berserk"],"picked":"Rage","floor":6},{"not_picked":["Rampage","Evolve"],"picked":"Dark Embrace","floor":7},{"not_picked":["Infernal Blade","Heavy Blade"],"picked":"Power Through","floor":10},{"not_picked":["Rupture","Searing Blow","Twin Strike"],"picked":"SKIP","floor":11}],"player_experience":182152,"relics_obtained":[{"floor":6,"key":"InkBottle"},{"floor":9,"key":"Toy Ornithopter"},{"floor":10,"key":"Turnip"}],"event_choices":[{"damage_healed":0,"gold_gain":0,"player_choice":"Success","damage_taken":11,"relics_obtained":["Kunai"],"max_hp_gain":0,"max_hp_loss":0,"event_name":"Scrap Ooze","floor":4,"gold_loss":0}],"is_beta":false,"boss_relics":[],"items_purged_floors":[5],"is_endless":false,"potions_floor_spawned":[1,2,7,11],"killed_by":"Gremlin Nob","ascension_level":20}}