{"host":"8qkhzo0jjkmvsb7l","time":1610484611,"event":{"mods":["BaseMod","Conspire","Downfall","Marisa????????","Minty Spire (QoL Compilation)","Replay The Spire","StSLib"],"gold_per_floor":[61,71,30,47,47,62,86,119,129,149,149,59,59,44,55,160,160,245,261,261,261,274,301,301,301,317,317,317,55,69,89,107,210,210,210,228,228,228,228,242,242,259,288,495,63,76,76,93,107,107],"floor_reached":51,"language":"RUS","playtime":2430,"items_purged":["Slimebound:Strike_Slimebound","Slimebound:Defend_Slimebound"],"score":994,"play_id":"c1ce8904-5271-4bf3-8a75-bdefac69d3cc","local_time":"20210112235011","is_ascension_mode":true,"campfire_choices":[{"data":"Slimebound:PrepareCrush","floor":11,"key":"SMITH"},{"data":"Slimebound:Split","floor":13,"key":"SMITH"},{"floor":28,"key":"REST"},{"floor":35,"key":"DIG"}],"circlet_count":0,"master_deck":["Slimebound:Strike_Slimebound+1","Slimebound:Tackle+1","Slimebound:Defend_Slimebound","Slimebound:Defend_Slimebound","Slimebound:Defend_Slimebound","Slimebound:Split+1","Slimebound:CorrosiveSpit","Slimebound:HauntingLick","Slimebound:DivideAndConquer","Slimebound:SplitLeeching","Slimebound:RainOfGoop","Slimebound:PrepareCrush+1","Slimebound:SplitBruiser","Slimebound:MegaLick","Slimebound:Equalize","Slimebound:SpikyOuterGoop","Slimebound:Schlurp","Slimebound:TagTeam","Slimebound:LeechEnergy","Slimebound:SplitMire","Slimebound:LeadByExample+1","Necronomicurse","Purity","Slimebound:SamplingLick","Slimebound:SlimeSpikes","Slimebound:RollThrough+1","Slimebound:ServeAndProtect+1","Slimebound:SamplingLick","Slimebound:Darklings"],"relics":["Slimebound:AbsorbEndCombat","conspire:Boomerang","Whetstone","Letter Opener","Busted Crown","conspire:InfiniteJournal","Bottled Flame","Replay:WaspNest","Necronomicon","Bag of Marbles","Juzu Bracelet","conspire:RunicOctahedron","FossilizedHelix","Replay:Bottled Steam","Mercury Hourglass","ClockworkSouvenir","Happy Flower"],"acts_visited":["Exordium","TheCity","TheBeyond"],"potions_floor_usage":[14,16,23,32,33,43,50,50],"damage_taken":[{"damage":8,"enemies":"Cultist","floor":2,"turns":3},{"damage":12,"enemies":"downfall:FleeingMerchant","floor":3,"turns":4},{"damage":14,"enemies":"Jaw Worm","floor":4,"turns":3},{"damage":8,"enemies":"conspire:RoseBush","floor":6,"turns":2},{"damage":15,"enemies":"Gremlin Nob","floor":8,"turns":3},{"damage":9,"enemies":"Exordium Wildlife","floor":9,"turns":3},{"damage":12,"enemies":"conspire:2 RoseBushes","floor":10,"turns":3},{"damage":23,"enemies":"downfall:FleeingMerchant","floor":12,"turns":4},{"damage":23,"enemies":"downfall:FleeingMerchant","floor":14,"turns":4},{"damage":28,"enemies":"Lots of Slimes","floor":15,"turns":4},{"damage":47,"enemies":"downfall:Silent","floor":16,"turns":6},{"damage":24,"enemies":"3 Byrds","floor":19,"turns":3},{"damage":8,"enemies":"Spheric Guardian","floor":22,"turns":2},{"damage":35,"enemies":"Gremlin Leader","floor":23,"turns":4},{"damage":42,"enemies":"conspire:HollyBat","floor":26,"turns":6},{"damage":7,"enemies":"downfall:FleeingMerchant","floor":29,"turns":2},{"damage":20,"enemies":"Centurion and Healer","floor":30,"turns":3},{"damage":22,"enemies":"3 Cultists","floor":31,"turns":3},{"damage":38,"enemies":"conspire:HollyBat","floor":32,"turns":7},{"damage":40,"enemies":"downfall:Watcher","floor":33,"turns":4},{"damage":21,"enemies":"3 Shapes","floor":36,"turns":3},{"damage":19,"enemies":"3 Darklings","floor":40,"turns":3},{"damage":24,"enemies":"Transient","floor":42,"turns":5},{"damage":9,"enemies":"Nemesis","floor":43,"turns":3},{"damage":15,"enemies":"Spire Growth","floor":46,"turns":4},{"damage":20,"enemies":"Maw","floor":48,"turns":5},{"damage":42,"enemies":"Writhing Mass","floor":49,"turns":4},{"damage":52,"enemies":"downfall:Ironclad","floor":50,"turns":5}],"seed_played":"-735326267333854337","potions_obtained":[{"floor":2,"key":"champ:CounterPotion"},{"floor":6,"key":"champ:CounterPotion"},{"floor":10,"key":"Block Potion"},{"floor":16,"key":"Languid Potion"},{"floor":23,"key":"Venom Potion"},{"floor":30,"key":"PowerPotion"},{"floor":33,"key":"Block Potion"},{"floor":36,"key":"SneckoOil"},{"floor":39,"key":"LifebloodPotion"},{"floor":39,"key":"Death Potion"},{"floor":49,"key":"DistilledChaos"}],"is_trial":false,"path_per_floor":["R","M","$","M","?","M","T","E","M","M","R","$","R","$","M","B",null,"R","M","?","?","M","E","T","?","M","?","R","$","M","M","M","B",null,"R","M","?","?","?","M","T","M","E","?","$","M","?","M","M","B",null],"character_chosen":"SLIMEBOUND","items_purchased":["Slimebound:SplitLeeching","Bag of Marbles","Juzu Bracelet","Purity","Slimebound:SamplingLick","DuplicationPotion","ClockworkSouvenir","Happy Flower","Regen Potion","Slimebound:SamplingLick"],"campfire_rested":1,"item_purchase_floors":[3,29,29,29,29,29,45,45,45,45],"current_hp_per_floor":[60,60,60,60,60,60,60,52,51,55,55,52,52,57,44,41,60,48,48,48,48,52,49,49,49,44,28,46,45,51,55,41,51,60,60,58,58,58,58,59,59,58,55,40,40,51,51,60,44,34],"gold":107,"neow_bonus":"ONE_RARE_RELIC","is_daily":false,"chose_seed":false,"campfire_upgraded":2,"win_rate":0.0,"timestamp":1610484611,"path_taken":["R","?","?","M","?","M","T","E","M","?","R","?","R","$","M","BOSS","R","M","?","?","?","E","T","?","M","?","R","$","M","M","M","BOSS","R","M","?","?","?","M","T","M","E","?","$","M","?","M","M","BOSS"],"items_purchased_type":["Card","Relic","Relic","Card","Card","Potion","Relic","Relic","Potion","Card"],"build_version":"2020-12-22","purchased_purges":2,"victory":true,"max_hp_per_floor":[60,60,60,60,60,60,60,60,60,60,60,60,60,60,60,60,60,60,60,60,60,60,60,60,60,60,60,60,60,60,60,60,60,60,60,60,60,60,60,60,60,60,60,60,60,60,60,60,60,60],"card_choices":[{"not_picked":["Slimebound:Dissolve","Slimebound:Prepare"],"picked":"Slimebound:HauntingLick","floor":2},{"not_picked":["Slimebound:FinishingTackle","Slimebound:SlimeSpikes"],"picked":"Slimebound:DivideAndConquer","floor":3},{"not_picked":["Slimebound:FlameTackle","Slimebound:SplitLeeching","Slimebound:FinishingTackle"],"picked":"SKIP","floor":4},{"not_picked":["Slimebound:SplitMire","Slimebound:Nibble"],"picked":"Slimebound:RainOfGoop","floor":6},{"not_picked":["Slimebound:Dissolve","Slimebound:GrowthPunch"],"picked":"Slimebound:PrepareCrush","floor":8},{"not_picked":["Slimebound:SplitLeeching","Slimebound:FinishingTackle"],"picked":"Slimebound:SplitBruiser","floor":9},{"not_picked":["Slimebound:Grow","Slimebound:Nibble"],"picked":"Slimebound:MegaLick","floor":10},{"not_picked":["Slimebound:ItLooksTasty","Slimebound:SplitBruiser"],"picked":"Slimebound:Equalize","floor":12},{"not_picked":["Slimebound:RollThrough","Slimebound:Grow"],"picked":"Slimebound:SpikyOuterGoop","floor":14},{"not_picked":["Slimebound:RollThrough","Slimebound:Prepare"],"picked":"Slimebound:Schlurp","floor":15},{"not_picked":["Slimebound:Teamwork","Slimebound:WasteNot"],"picked":"Slimebound:TagTeam","floor":16},{"not_picked":[],"picked":"Slimebound:LeechEnergy","floor":19},{"not_picked":["Slimebound:PressTheAttack"],"picked":"SKIP","floor":22},{"not_picked":["Slimebound:PressTheAttack"],"picked":"SKIP","floor":23},{"not_picked":[],"picked":"Slimebound:LeadByExample+1","floor":26},{"not_picked":["Slimebound:LeechingTouch"],"picked":"SKIP","floor":29},{"not_picked":[],"picked":"Slimebound:SlimeSpikes","floor":30},{"not_picked":["Slimebound:GoopTackle"],"picked":"SKIP","floor":31},{"not_picked":["Slimebound:LeechEnergy"],"picked":"SKIP","floor":32},{"not_picked":["Slimebound:DivideAndConquer"],"picked":"SKIP","floor":36},{"not_picked":[],"picked":"Slimebound:RollThrough+1","floor":40},{"not_picked":[],"picked":"Slimebound:ServeAndProtect+1","floor":42},{"not_picked":["Slimebound:LivingWall+1"],"picked":"SKIP","floor":43},{"not_picked":["Slimebound:SplitBruiser+1"],"picked":"SKIP","floor":46},{"not_picked":["Slimebound:RollThrough"],"picked":"SKIP","floor":48},{"not_picked":["Slimebound:Replication+1"],"picked":"SKIP","floor":49}],"player_experience":233241,"relics_obtained":[{"floor":7,"key":"Whetstone"},{"floor":8,"key":"Letter Opener"},{"floor":23,"key":"Bottled Flame"},{"floor":24,"key":"Replay:WaspNest"},{"floor":27,"key":"Necronomicon"},{"floor":35,"key":"FossilizedHelix"},{"floor":41,"key":"Replay:Bottled Steam"},{"floor":43,"key":"Mercury Hourglass"}],"event_choices":[{"cards_removed":["Slimebound:Strike_Slimebound"],"damage_healed":0,"gold_gain":0,"player_choice":"Purged","damage_taken":0,"max_hp_gain":0,"max_hp_loss":0,"event_name":"Purifier","floor":5,"gold_loss":0},{"cards_removed":["Writhe"],"damage_healed":0,"gold_gain":0,"player_choice":"Purged","damage_taken":0,"max_hp_gain":0,"max_hp_loss":0,"event_name":"Purifier","floor":21,"gold_loss":0},{"damage_healed":0,"gold_gain":0,"player_choice":"Read","damage_taken":0,"max_hp_gain":0,"max_hp_loss":0,"event_name":"The Library","floor":25,"gold_loss":0,"cards_obtained":["Slimebound:SplitMire"]},{"damage_healed":0,"gold_gain":0,"player_choice":"Leave","damage_taken":0,"max_hp_gain":0,"max_hp_loss":0,"event_name":"conspire:Investor","floor":37,"gold_loss":0},{"damage_healed":0,"gold_gain":0,"player_choice":"Got Potions","damage_taken":0,"max_hp_gain":0,"max_hp_loss":0,"event_name":"Lab","floor":39,"gold_loss":0}],"is_beta":false,"boss_relics":[{"not_picked":["Honey Jar","conspire:SeveredTorchhead"],"picked":"Busted Crown"},{"not_picked":["Sozu","Pandora\u0027s Box"],"picked":"conspire:RunicOctahedron"}],"items_purged_floors":[12,29],"is_endless":false,"potions_floor_spawned":[2,6,10,16,23,30,31,33,36,48,49],"ascension_level":1}}