{"host":"i1h39d0gfh5c6uxl","time":1610464746,"event":{"mods":["AchievementEnabler","BaseMod","Colored Map","Colored Powertips","Highlight Path","Minty Spire (QoL Compilation)"],"gold_per_floor":[112,112,82,101,112,145,156,156,156,156,156,156,156,174,174,278,278,288,307,307,331,350,350,364,376,376,376,393,424,424,441,441,539,539,550,256,306,318,318,318,348,348,348,381,396,396,396,413,413,413,413],"floor_reached":50,"playtime":1473,"items_purged":["Strike_R"],"score":522,"play_id":"a5bd9f86-fb5a-4268-b6dd-794926672a19","local_time":"20210112231906","is_ascension_mode":false,"campfire_choices":[{"data":"Uppercut","floor":8.0,"key":"SMITH"},{"data":"Bash","floor":11.0,"key":"SMITH"},{"floor":13.0,"key":"REST"},{"data":"Bludgeon","floor":15.0,"key":"SMITH"},{"data":"Immolate","floor":23.0,"key":"SMITH"},{"floor":27.0,"key":"REST"},{"floor":30.0,"key":"REST"},{"floor":32.0,"key":"REST"},{"data":"Double Tap","floor":40.0,"key":"SMITH"},{"floor":42.0,"key":"REST"},{"floor":46.0,"key":"REST"},{"floor":49.0,"key":"REST"}],"circlet_count":0,"master_deck":["Strike_R","Strike_R","Strike_R","Strike_R","Defend_R","Defend_R","Defend_R","Defend_R","Bash+1","Clothesline","Shrug It Off","Uppercut+1","Shockwave","Bludgeon+1","Immolate+1","Evolve","Power Through+1","Wild Strike+1","Shrug It Off","Fire Breathing","Fiend Fire","Double Tap+1","Pommel Strike","Master of Strategy","Flame Barrier","Sever Soul+1","Parasite","Writhe"],"relics":["Runic Dome"],"acts_visited":["Exordium","TheCity","TheBeyond"],"potions_floor_usage":[50,50],"damage_taken":[{"damage":1.0,"enemies":"Jaw Worm","floor":1.0,"turns":3.0},{"damage":4.0,"enemies":"Cultist","floor":4.0,"turns":3.0},{"damage":0.0,"enemies":"2 Louse","floor":5.0,"turns":2.0},{"damage":14.0,"enemies":"3 Sentries","floor":6.0,"turns":6.0},{"damage":11.0,"enemies":"Large Slime","floor":7.0,"turns":6.0},{"damage":2.0,"enemies":"Looter","floor":14.0,"turns":3.0},{"damage":1.0,"enemies":"The Guardian","floor":16.0,"turns":8.0},{"damage":14.0,"enemies":"2 Thieves","floor":18.0,"turns":2.0},{"damage":17.0,"enemies":"Shell Parasite","floor":19.0,"turns":3.0},{"damage":21.0,"enemies":"Shelled Parasite and Fungi","floor":22.0,"turns":6.0},{"damage":11.0,"enemies":"Snecko","floor":24.0,"turns":4.0},{"damage":9.0,"enemies":"Centurion and Healer","floor":25.0,"turns":5.0},{"damage":14.0,"enemies":"Snake Plant","floor":28.0,"turns":4.0},{"damage":12.0,"enemies":"Gremlin Leader","floor":29.0,"turns":3.0},{"damage":0.0,"enemies":"Snecko","floor":31.0,"turns":2.0},{"damage":56.0,"enemies":"Collector","floor":33.0,"turns":9.0},{"damage":23.0,"enemies":"3 Shapes","floor":35.0,"turns":5.0},{"damage":0.0,"enemies":"Mind Bloom Boss Battle","floor":37.0,"turns":5.0},{"damage":51.0,"enemies":"3 Darklings","floor":38.0,"turns":5.0},{"damage":36.0,"enemies":"Reptomancer","floor":41.0,"turns":7.0},{"damage":27.0,"enemies":"Nemesis","floor":44.0,"turns":7.0},{"damage":19.0,"enemies":"Writhing Mass","floor":45.0,"turns":5.0},{"damage":26.0,"enemies":"Maw","floor":48.0,"turns":8.0},{"damage":63,"enemies":"Time Eater","floor":50,"turns":6}],"seed_played":"8320292793951984711","potions_obtained":[{"floor":1.0,"key":"EssenceOfSteel"},{"floor":3.0,"key":"Strength Potion"},{"floor":3.0,"key":"AttackPotion"},{"floor":6.0,"key":"BlessingOfTheForge"},{"floor":16.0,"key":"CultistPotion"},{"floor":18.0,"key":"BloodPotion"},{"floor":22.0,"key":"Fruit Juice"},{"floor":25.0,"key":"SkillPotion"},{"floor":31.0,"key":"Block Potion"},{"floor":38.0,"key":"SpeedPotion"},{"floor":44.0,"key":"Swift Potion"},{"floor":48.0,"key":"Block Potion"}],"is_trial":false,"path_per_floor":["M","?","?","M","M","E","M","R","T","T","R","?","R","M","R","B",null,"M","M","?","T","M","R","M","M","T","R","M","E","R","M","R","B",null,"M","$","?","M","?","R","E","R","T","E","M","R","?","M","R","B"],"character_chosen":"IRONCLAD","items_purchased":["Pommel Strike","Master of Strategy"],"campfire_rested":7,"item_purchase_floors":[36,36],"current_hp_per_floor":[79,79,79,75,75,61,50,50,50,50,50,50,74,72,72,71,80,66,49,49,49,49,49,38,29,29,54,40,28,53,53,78,22,85,62,62,62,11,74,74,38,60,60,33,14,36,55,29,51,0,0],"gold":413,"neow_bonus":"BOSS_RELIC","is_daily":false,"chose_seed":false,"campfire_upgraded":5,"win_rate":0.0,"timestamp":1610464746,"path_taken":["M","?","?","M","?","E","M","R","T","?","R","?","R","M","R","BOSS","M","M","?","?","M","R","M","M","T","R","?","E","R","M","R","BOSS","M","$","?","M","?","R","E","R","T","E","M","R","?","?","R","BOSS"],"items_purchased_type":["Card","Card"],"build_version":"2020-12-22","purchased_purges":1,"victory":false,"max_hp_per_floor":[80,80,80,80,80,80,80,80,80,80,80,80,80,80,80,80,80,80,80,80,80,85,85,85,85,85,85,85,85,85,85,85,85,85,85,85,85,85,74,74,74,74,74,74,74,74,74,74,74,74,74],"card_choices":[{"not_picked":["Searing Blow","True Grit"],"picked":"Clothesline","floor":1.0},{"not_picked":["Sentinel","Power Through"],"picked":"Shrug It Off","floor":4.0},{"not_picked":["Bloodletting","Second Wind"],"picked":"Uppercut","floor":5.0},{"not_picked":["Heavy Blade","Sentinel","Metallicize"],"picked":"SKIP","floor":6.0},{"not_picked":["Warcry","Intimidate"],"picked":"Shockwave","floor":7.0},{"not_picked":["Havoc","Pommel Strike"],"picked":"Bludgeon","floor":14.0},{"not_picked":["Corruption","Exhume"],"picked":"Immolate","floor":16.0},{"not_picked":["Seeing Red+1","Warcry"],"picked":"Evolve","floor":18.0},{"not_picked":["Intimidate","Warcry","Power Through+1"],"picked":"SKIP","floor":19.0},{"not_picked":["Intimidate","Warcry"],"picked":"Power Through+1","floor":19.0},{"not_picked":["Clothesline","Entrench+1"],"picked":"Wild Strike+1","floor":22.0},{"not_picked":["Perfected Strike","Cleave"],"picked":"Shrug It Off","floor":24.0},{"not_picked":["Havoc","Anger"],"picked":"Fire Breathing","floor":25.0},{"not_picked":["Wild Strike+1","Dark Embrace","Havoc+1"],"picked":"SKIP","floor":28.0},{"not_picked":["Seeing Red","Pummel"],"picked":"Fiend Fire","floor":29.0},{"not_picked":["Wild Strike","Cleave","Warcry"],"picked":"SKIP","floor":31.0},{"not_picked":["Bludgeon","Juggernaut"],"picked":"Double Tap","floor":33.0},{"not_picked":["Power Through","Blood for Blood","Flex+1"],"picked":"SKIP","floor":35.0},{"not_picked":["Iron Wave+1","Havoc+1","Uppercut"],"picked":"SKIP","floor":38.0},{"not_picked":["Intimidate+1","Pommel Strike"],"picked":"Flame Barrier","floor":41.0},{"not_picked":["Flex+1","Dual Wield+1"],"picked":"Sever Soul+1","floor":44.0},{"not_picked":["Sever Soul+1","Clash+1","Sentinel"],"picked":"SKIP","floor":45.0},{"not_picked":["Flex+1","Seeing Red","Heavy Blade"],"picked":"SKIP","floor":48.0}],"player_experience":1363156,"relics_obtained":[],"event_choices":[{"damage_healed":0.0,"max_hp_gain":0.0,"max_hp_loss":0.0,"gold_gain":0.0,"event_name":"Liars Game","player_choice":"Ignored","floor":2.0,"gold_loss":0.0,"damage_taken":0.0},{"damage_healed":0.0,"max_hp_gain":0.0,"max_hp_loss":0.0,"gold_gain":0.0,"event_name":"The Woman in Blue","player_choice":"Bought 2 Potions","floor":3.0,"gold_loss":0.0,"damage_taken":0.0},{"damage_healed":0.0,"max_hp_gain":0.0,"max_hp_loss":0.0,"gold_gain":0.0,"event_name":"Shining Light","player_choice":"Ignored","floor":12.0,"gold_loss":0.0,"damage_taken":0.0},{"damage_healed":0.0,"max_hp_gain":0.0,"max_hp_loss":0.0,"gold_gain":0.0,"event_name":"The Mausoleum","player_choice":"Ignored","floor":20.0,"gold_loss":0.0,"damage_taken":0.0},{"damage_healed":0.0,"max_hp_gain":0.0,"max_hp_loss":0.0,"gold_gain":0.0,"event_name":"MindBloom","player_choice":"Fight","floor":37.0,"gold_loss":0.0,"damage_taken":0.0},{"damage_healed":74.0,"max_hp_gain":0.0,"max_hp_loss":11.0,"gold_gain":0.0,"event_name":"The Moai Head","player_choice":"Heal","floor":39.0,"gold_loss":0.0,"damage_taken":0.0},{"damage_healed":19.0,"max_hp_gain":0.0,"max_hp_loss":0.0,"gold_gain":0.0,"event_name":"Winding Halls","player_choice":"Writhe","floor":47.0,"gold_loss":0.0,"damage_taken":0.0,"cards_obtained":["Writhe"]}],"is_beta":false,"boss_relics":[{"not_picked":["Sozu","Mark of Pain","Ectoplasm"]},{"not_picked":["Philosopher\u0027s Stone","Astrolabe","Snecko Eye"]}],"items_purged_floors":[36],"is_endless":false,"potions_floor_spawned":[1,6,7,14,16,18,22,25,31,38,44,48],"killed_by":"Time Eater","ascension_level":0}}