{"host":"ELF","time":1610437217,"event":{"mods":["BaseMod","Minty Spire (QoL Compilation)"],"gold_per_floor":[112,112,130,18,18,18,56,56,56,56,56,74,74,97,97,199,199,233,266,266,295,318,318,318],"floor_reached":23,"playtime":874,"items_purged":[],"score":417,"play_id":"a8450443-0bd3-472c-80e2-7a2df489e1a0","local_time":"20210112014017","is_ascension_mode":true,"campfire_choices":[{"data":"Hologram","floor":6.0,"key":"SMITH"},{"data":"Sunder","floor":8.0,"key":"SMITH"},{"data":"Self Repair","floor":15.0,"key":"SMITH"}],"circlet_count":0,"master_deck":["AscendersBane","Strike_B","Strike_B","Strike_B","Strike_B","Defend_B","Defend_B+1","Defend_B","Defend_B","Zap","Dualcast","Cold Snap+1","Genetic Algorithm+1","Self Repair+1","Hologram+1","Sunder+1","Ball Lightning","Hyperbeam","Rebound+1","Stack+1","Turbo","Creative AI"],"relics":["Cracked Core","NeowsBlessing","Golden Idol","White Beast Statue","Tiny Chest","CeramicFish","Nuclear Battery","FaceOfCleric"],"acts_visited":["Exordium","TheCity"],"potions_floor_usage":[23],"damage_taken":[{"damage":0.0,"enemies":"Jaw Worm","floor":1.0,"turns":1.0},{"damage":0.0,"enemies":"Small Slimes","floor":3.0,"turns":1.0},{"damage":0.0,"enemies":"Lagavulin","floor":7.0,"turns":1.0},{"damage":0.0,"enemies":"2 Louse","floor":12.0,"turns":2.0},{"damage":33.0,"enemies":"The Guardian","floor":16.0,"turns":16.0},{"damage":0.0,"enemies":"Chosen","floor":18.0,"turns":5.0},{"damage":6.0,"enemies":"Spheric Guardian","floor":19.0,"turns":3.0},{"damage":20.0,"enemies":"Centurion and Healer","floor":21.0,"turns":4.0},{"damage":39.0,"enemies":"Chosen and Byrds","floor":22.0,"turns":7.0},{"damage":30,"enemies":"Book of Stabbing","floor":23,"turns":4}],"seed_played":"-4405595871979595138","potions_obtained":[{"floor":7.0,"key":"SpeedPotion"},{"floor":12.0,"key":"DuplicationPotion"},{"floor":16.0,"key":"AttackPotion"},{"floor":18.0,"key":"FocusPotion"},{"floor":19.0,"key":"SkillPotion"},{"floor":21.0,"key":"PowerPotion"},{"floor":22.0,"key":"Ancient Potion"}],"is_trial":false,"path_per_floor":["M","?","M","$","?","R","E","R","T","$","?","M","?","T","R","B",null,"M","M","?","M","M","E"],"character_chosen":"DEFECT","items_purchased":["Self Repair","Hologram"],"campfire_rested":0,"item_purchase_floors":[4,4],"current_hp_per_floor":[64,64,64,64,64,64,64,64,64,64,57,64,43,43,43,20,58,68,62,62,53,25,0,0],"gold":318,"neow_bonus":"THREE_ENEMY_KILL","is_daily":false,"chose_seed":false,"campfire_upgraded":3,"win_rate":0.0,"timestamp":1610437217,"path_taken":["M","?","M","$","?","R","E","R","T","?","?","M","?","?","R","BOSS","M","?","?","M","?","E"],"items_purchased_type":["Card","Card"],"build_version":"2020-12-18","purchased_purges":0,"victory":false,"max_hp_per_floor":[71,71,71,71,71,71,71,71,71,71,71,71,71,71,71,71,71,71,71,71,72,73,73,73],"card_choices":[{"not_picked":["Coolheaded","Conserve Battery"],"picked":"Cold Snap","floor":1.0},{"not_picked":["Double Energy","Rebound"],"picked":"Genetic Algorithm","floor":3.0},{"not_picked":["Ball Lightning","Hologram"],"picked":"Sunder","floor":7.0},{"not_picked":["Streamline","Turbo"],"picked":"Ball Lightning","floor":12.0},{"not_picked":["All For One","Seek"],"picked":"Hyperbeam","floor":16.0},{"not_picked":["Cold Snap","Coolheaded"],"picked":"Rebound+1","floor":18.0},{"not_picked":["Compile Driver","Coolheaded"],"picked":"Stack+1","floor":19.0},{"not_picked":["Redo","Scrape"],"picked":"Turbo","floor":21.0},{"not_picked":["Heatsinks+1","Turbo"],"picked":"Creative AI","floor":22.0}],"player_experience":3184833,"relics_obtained":[{"floor":7.0,"key":"White Beast Statue"},{"floor":9.0,"key":"Tiny Chest"},{"floor":14.0,"key":"CeramicFish"}],"event_choices":[{"damage_healed":0.0,"max_hp_gain":0.0,"max_hp_loss":0.0,"gold_gain":0.0,"event_name":"Living Wall","player_choice":"Grow","floor":2.0,"gold_loss":0.0,"damage_taken":0.0,"cards_upgraded":["Cold Snap"]},{"damage_healed":0.0,"max_hp_gain":0.0,"max_hp_loss":0.0,"gold_gain":0.0,"event_name":"Golden Idol","player_choice":"Take Wound","floor":5.0,"gold_loss":0.0,"damage_taken":0.0,"relics_obtained":["Golden Idol"],"cards_obtained":["Injury"]},{"cards_removed":["Injury"],"damage_healed":0.0,"max_hp_gain":0.0,"max_hp_loss":0.0,"gold_gain":0.0,"event_name":"Golden Wing","player_choice":"Card Removal","floor":11.0,"gold_loss":0.0,"damage_taken":7.0},{"damage_healed":0.0,"max_hp_gain":0.0,"max_hp_loss":0.0,"gold_gain":0.0,"event_name":"Shining Light","player_choice":"Entered Light","floor":13.0,"gold_loss":0.0,"damage_taken":21.0,"cards_upgraded":["Genetic Algorithm","Defend_B"]},{"damage_healed":0.0,"max_hp_gain":0.0,"max_hp_loss":0.0,"gold_gain":0.0,"event_name":"FaceTrader","player_choice":"Trade","floor":20.0,"gold_loss":0.0,"damage_taken":0.0,"relics_obtained":["FaceOfCleric"]}],"is_beta":true,"boss_relics":[{"not_picked":["Black Star","SlaversCollar"],"picked":"Nuclear Battery"}],"items_purged_floors":[],"is_endless":false,"potions_floor_spawned":[7,12,16,18,19,21,22],"killed_by":"Book of Stabbing","ascension_level":19}}