{"host":"dxmdoimsvept8qwy","time":1610476878,"event":{"mods":["BaseMod","Colored Powertips","Custom Start","Minty Spire (QoL Compilation)","StSLib","The Hierophant"],"gold_per_floor":[115,40,54,54,74,74,112,112,135,135,135,159,195,195,195,320,320,345,370,24,45,66,106,149,169,196,236,252,76,146,181,181,312,312,336,354,354,97,117,117,150,163,212,36,99,138,4,4,4,4,4,4,4,42,42],"floor_reached":56,"playtime":10794,"items_purged":["Strike_G","Injury","Strike_G"],"score":1402,"play_id":"b1226ccb-ff64-485d-b58b-a54dc641c040","local_time":"20210112134118","is_ascension_mode":true,"campfire_choices":[{"data":"Neutralize","floor":6.0,"key":"SMITH"},{"data":"Distraction","floor":8.0,"key":"SMITH"},{"floor":15.0,"key":"REST"},{"floor":32,"key":"REST"},{"floor":40,"key":"RECALL"},{"data":"After Image","floor":49,"key":"SMITH"},{"data":"Infinite Blades","floor":52,"key":"SMITH"}],"circlet_count":0,"master_deck":["Strike_G","Strike_G","Strike_G","Defend_G","Defend_G","Defend_G","Defend_G","Defend_G","Survivor","Neutralize+1","Blade Dance","Deadly Poison","Deadly Poison","Distraction+1","Blade Dance","Blur","After Image+1","Blade Dance","Finisher","Escape Plan","Venomology","Cloak And Dagger+1","Flechettes+1","PiercingWail","PiercingWail","Deadly Poison","Infinite Blades+1","A Thousand Cuts","Noxious Fumes","Footwork+1","Storm of Steel","Escape Plan","Finisher"],"relics":["Ring of the Snake","NeowsBlessing","Golden Idol","Potion Belt","Bronze Scales","PreservedInsect","Pear","White Beast Statue","SacredBark","Ninja Scroll","Pocketwatch","Red Mask","Anchor","Pantograph","Snake Skull","Ornamental Fan","Akabeko","WristBlade","Mummified Hand","Happy Flower","The Specimen","CeramicFish","Sundial","Shuriken"],"acts_visited":["Exordium","TheCity","TheBeyond","TheEnding"],"potions_floor_usage":[24,25,25,27,27,27,28,31,33,33,33,35,35,39,41,42,42,45,50,50,50,55,55,55,55,55,55],"damage_taken":[{"damage":0.0,"enemies":"Cultist","floor":1.0,"turns":1.0},{"damage":0.0,"enemies":"Jaw Worm","floor":3.0,"turns":1.0},{"damage":0.0,"enemies":"2 Louse","floor":5.0,"turns":1.0},{"damage":32.0,"enemies":"Gremlin Nob","floor":7.0,"turns":5.0},{"damage":3.0,"enemies":"Lots of Slimes","floor":12.0,"turns":5.0},{"damage":12.0,"enemies":"3 Sentries","floor":13.0,"turns":4.0},{"damage":32.0,"enemies":"The Guardian","floor":16.0,"turns":10.0},{"damage":15.0,"enemies":"Spheric Guardian","floor":18.0,"turns":6.0},{"damage":3.0,"enemies":"Shell Parasite","floor":19.0,"turns":5.0},{"damage":17.0,"enemies":"Snake Plant","floor":21.0,"turns":6.0},{"damage":7.0,"enemies":"3 Cultists","floor":22.0,"turns":6.0},{"damage":13.0,"enemies":"Book of Stabbing","floor":23.0,"turns":5.0},{"damage":0,"enemies":"Masked Bandits","floor":24,"turns":3},{"damage":10,"enemies":"Cultist and Chosen","floor":25,"turns":4},{"damage":0,"enemies":"Slavers","floor":27,"turns":2},{"damage":0,"enemies":"Centurion and Healer","floor":28,"turns":3},{"damage":0,"enemies":"Book of Stabbing","floor":31,"turns":1},{"damage":23,"enemies":"Collector","floor":33,"turns":9},{"damage":0,"enemies":"3 Darklings","floor":35,"turns":4},{"damage":0,"enemies":"Orb Walker","floor":36,"turns":2},{"damage":0,"enemies":"4 Shapes","floor":39,"turns":4},{"damage":0,"enemies":"Nemesis","floor":41,"turns":5},{"damage":0,"enemies":"Maw","floor":42,"turns":3},{"damage":0,"enemies":"Mind Bloom Boss Battle","floor":45,"turns":2},{"damage":7,"enemies":"Giant Head","floor":46,"turns":6},{"damage":54,"enemies":"Time Eater","floor":50,"turns":11},{"damage":30,"enemies":"Shield and Spear","floor":54,"turns":5},{"damage":65,"enemies":"The Heart","floor":55,"turns":8}],"seed_played":"7757598181728671693","potions_obtained":[{"floor":3.0,"key":"BlessingOfTheForge"},{"floor":12.0,"key":"Fire Potion"},{"floor":13.0,"key":"PowerPotion"},{"floor":16.0,"key":"PowerPotion"},{"floor":18.0,"key":"Explosive Potion"},{"floor":19.0,"key":"BlessingOfTheForge"},{"floor":21.0,"key":"AttackPotion"},{"floor":22.0,"key":"PowerPotion"},{"floor":23.0,"key":"Weak Potion"},{"floor":24,"key":"SteroidPotion"},{"floor":25,"key":"ColorlessPotion"},{"floor":27,"key":"LiquidBronze"},{"floor":28,"key":"Ancient Potion"},{"floor":31,"key":"Dexterity Potion"},{"floor":33,"key":"ColorlessPotion"},{"floor":35,"key":"Strength Potion"},{"floor":36,"key":"Swift Potion"},{"floor":41,"key":"Weak Potion"},{"floor":42,"key":"Fire Potion"},{"floor":45,"key":"SteroidPotion"},{"floor":54,"key":"Fire Potion"}],"is_trial":false,"path_per_floor":["M","$","M","?","M","R","E","R","T","?","?","M","E","T","R","B",null,"M","M","$","M","M","E","?","M","T","E","M","$","T","E","R","B",null,"M","M","?","$","M","R","E","M","T","$","?","E","$","T","R","B",null,"R","$","E","B",null],"character_chosen":"THE_SILENT","items_purchased":["Ninja Scroll","Snake Skull","Deadly Poison","Mummified Hand","PowerPotion","Finisher","Regen Potion"],"campfire_rested":2,"item_purchase_floors":[20,29,29,38,44,47,47],"current_hp_per_floor":[70,70,70,70,70,70,38,38,38,31,24,21,19,19,43,11,80,65,62,62,45,38,25,25,15,15,15,15,15,15,15,39,41,80,80,80,76,76,76,76,76,76,76,76,76,69,69,69,69,74,76,76,76,46,6],"gold":42,"neow_bonus":"THREE_ENEMY_KILL","is_daily":false,"chose_seed":false,"campfire_upgraded":4,"win_rate":0.0,"timestamp":1610476878,"path_taken":["M","?","M","?","M","R","E","R","T","?","?","?","E","?","R","BOSS","M","?","$","M","M","E","?","M","T","E","M","?","?","E","R","BOSS","M","?","?","$","M","R","E","M","T","$","?","E","$","?","R","BOSS","R","$","E","BOSS"],"items_purchased_type":["Relic","Relic","Card","Relic","Potion","Card","Potion"],"build_version":"2020-12-22","purchased_purges":3,"victory":true,"max_hp_per_floor":[70,70,70,70,70,70,70,70,70,70,70,70,80,80,80,80,80,80,80,80,80,80,80,80,80,80,80,80,80,80,80,80,80,80,80,80,76,76,76,76,76,76,76,76,76,76,76,76,76,76,76,76,76,76,76],"card_choices":[{"not_picked":["Dodge and Roll","Dagger Throw"],"picked":"Blade Dance","floor":1.0},{"not_picked":["Flying Knee","Quick Slash"],"picked":"Deadly Poison","floor":3.0},{"not_picked":["Infinite Blades","Prepared"],"picked":"Deadly Poison","floor":5.0},{"not_picked":["Dagger Throw","Masterful Stab"],"picked":"Distraction","floor":7.0},{"not_picked":["Calculated Gamble","Sucker Punch"],"picked":"Blade Dance","floor":12.0},{"not_picked":["Grand Finale","Backstab"],"picked":"Blur","floor":13.0},{"not_picked":["Tools of the Trade","Unload"],"picked":"After Image","floor":16.0},{"not_picked":["Outmaneuver","Backflip"],"picked":"Blade Dance","floor":18.0},{"not_picked":["Predator","Dagger Throw+1"],"picked":"Finisher","floor":19.0},{"not_picked":["Dodge and Roll","Dash"],"picked":"Escape Plan","floor":21.0},{"not_picked":["Bane","Concentrate"],"picked":"Venomology","floor":22.0},{"not_picked":["Dagger Throw+1","Caltrops"],"picked":"Cloak And Dagger+1","floor":23.0},{"not_picked":["Underhanded Strike","Flying Knee"],"picked":"Flechettes+1","floor":24},{"not_picked":["Bane","Deflect"],"picked":"PiercingWail","floor":25},{"not_picked":["Underhanded Strike","Bane+1"],"picked":"PiercingWail","floor":27},{"not_picked":["Concentrate","Dagger Spray","Unload"],"picked":"SKIP","floor":28},{"not_picked":["Underhanded Strike","Dagger Spray"],"picked":"Infinite Blades","floor":31},{"not_picked":["Doppelganger","Tools of the Trade"],"picked":"A Thousand Cuts","floor":33},{"not_picked":["Terror+1","Bane+1"],"picked":"Noxious Fumes","floor":35},{"not_picked":["Heel Hook","Setup"],"picked":"Footwork+1","floor":36},{"not_picked":["Dodge and Roll+1","Cloak And Dagger","Deflect+1"],"picked":"SKIP","floor":39},{"not_picked":["Dash","Dagger Throw+1"],"picked":"Storm of Steel","floor":41},{"not_picked":["Poisoned Stab","Dodge and Roll","Skewer"],"picked":"SKIP","floor":42},{"not_picked":["Choke+1","Quick Slash+1"],"picked":"Escape Plan","floor":45},{"not_picked":["Dodge and Roll","Tactician+1","Doppelganger"],"picked":"SKIP","floor":46},{"not_picked":["Leg Sweep","Poisoned Stab+1","Dagger Throw+1"],"picked":"SKIP","floor":54}],"player_experience":1026120,"relics_obtained":[{"floor":7.0,"key":"Potion Belt"},{"floor":9.0,"key":"Bronze Scales"},{"floor":13.0,"key":"Pear"},{"floor":14.0,"key":"White Beast Statue"},{"floor":23.0,"key":"Pocketwatch"},{"floor":24,"key":"Red Mask"},{"floor":26,"key":"Anchor"},{"floor":27,"key":"Pantograph"},{"floor":30,"key":"Ornamental Fan"},{"floor":31,"key":"Akabeko"},{"floor":41,"key":"Happy Flower"},{"floor":45,"key":"The Specimen"},{"floor":46,"key":"CeramicFish"},{"floor":48,"key":"Sundial"},{"floor":54,"key":"Shuriken"}],"event_choices":[{"damage_healed":0.0,"max_hp_gain":0.0,"max_hp_loss":0.0,"gold_gain":0.0,"event_name":"Golden Idol","player_choice":"Take Wound","floor":4.0,"gold_loss":0.0,"damage_taken":0.0,"relics_obtained":["Golden Idol"],"cards_obtained":["Injury"]},{"damage_healed":0.0,"max_hp_gain":0.0,"max_hp_loss":0.0,"gold_gain":0.0,"event_name":"Scrap Ooze","player_choice":"Success","floor":10.0,"gold_loss":0.0,"damage_taken":7.0,"relics_obtained":["PreservedInsect"]},{"damage_healed":0.0,"max_hp_gain":0.0,"max_hp_loss":0.0,"gold_gain":0.0,"event_name":"Wheel of Change","player_choice":"Damaged","floor":11.0,"gold_loss":0.0,"damage_taken":7.0},{"damage_healed":0,"gold_gain":0,"player_choice":"Fought Bandits","damage_taken":0,"max_hp_gain":0,"max_hp_loss":0,"event_name":"Masked Bandits","floor":24,"gold_loss":0},{"damage_healed":0,"gold_gain":0,"player_choice":"Max HP","damage_taken":0,"max_hp_gain":0,"max_hp_loss":4,"event_name":"Winding Halls","floor":37,"gold_loss":0},{"damage_healed":0,"gold_gain":0,"player_choice":"Fight","damage_taken":0,"max_hp_gain":0,"max_hp_loss":0,"event_name":"MindBloom","floor":45,"gold_loss":0}],"is_beta":false,"boss_relics":[{"not_picked":["Calling Bell","Fusion Hammer"],"picked":"SacredBark"},{"not_picked":["Runic Dome","SlaversCollar"],"picked":"WristBlade"}],"items_purged_floors":[2,20,44],"is_endless":false,"potions_floor_spawned":[3,12,13,16,18,19,21,22,23,24,25,27,28,31,33,35,36,39,41,42,45,46,54],"ascension_level":1}}