{"host":"dlqyscxstsnu98l1","time":1610425844,"event":{"mods":["AchievementEnabler","BaseMod","Bestiary","Colored Map","Colored Powertips","Conspire","Downfall","GifTheSpireLib","Highlight Path","Minty Spire (QoL Compilation)","Random Character Button","Replay The Spire","SacredBarkPlus","StSLib","everything is the same but u backflip on backflip"],"gold_per_floor":[110,128,203,223,80,115,115,115,183,215,215,230,57,67,67,162,162,173,184,200,200,41,41,72,72,127,146,61,61,61,79,79,176,176,187,187,197,207,207,207,232,232,258,334,348,358,368,398,398,398],"floor_reached":51,"playtime":3713,"items_purged":["Strike_G","Strike_G","Strike_G"],"score":737,"play_id":"c9628a4e-5db0-49b4-8342-efb876a79008","local_time":"20210111223044","is_ascension_mode":false,"campfire_choices":[{"data":"Backflip","floor":7,"key":"SMITH"},{"data":"Footwork","floor":11,"key":"SMITH"},{"data":"Well Laid Plans","floor":15,"key":"SMITH"},{"data":"Fluid Movement","floor":23,"key":"SMITH"},{"data":"Neutralize","floor":25,"key":"SMITH"},{"data":"Deadly Poison","floor":30,"key":"SMITH"},{"data":"Dodge and Roll","floor":32,"key":"SMITH"},{"floor":40,"key":"REST"},{"data":"Noxious Fumes","floor":42,"key":"SMITH"},{"floor":49,"key":"REST"}],"circlet_count":0,"master_deck":["Strike_G","Strike_G","Defend_G+1","Defend_G+1","Defend_G+1","Defend_G+2","Defend_G+2","Survivor","Neutralize+1","Deadly Poison+1","Outmaneuver","Noxious Fumes+1","Backflip+1","Footwork+1","Backflip","Well Laid Plans+1","Deadly Poison+1","Fluid Movement+1","Dodge and Roll+1","ReplayTheSpireMod:Speed Training+1","Noxious Fumes+1","Deadly Poison+1","ReplayTheSpireMod:Splinters"],"relics":["conspire:SpecialSausage","Ancient Tea Set","Darkstone Periapt","Nunchaku","SacredBark","conspire:Flyswatter","Simple Rune","Replay:Bottled Eggs","ReplayFunnel","MealTicket","Oddly Smooth Stone"],"acts_visited":["Exordium","TheCity","TheBeyond"],"potions_floor_usage":[6,6,16,33,37,45,47,47,47,47,47,47],"damage_taken":[{"damage":0,"enemies":"2 Louse","floor":1,"turns":3},{"damage":0,"enemies":"Jaw Worm","floor":2,"turns":4},{"damage":3,"enemies":"Small Slimes","floor":4,"turns":5},{"damage":9,"enemies":"Gremlin Nob","floor":6,"turns":5},{"damage":1,"enemies":"Lagavulin","floor":10,"turns":8},{"damage":14,"enemies":"Gremlin Gang","floor":12,"turns":6},{"damage":0,"enemies":"2 Fungi Beasts","floor":14,"turns":5},{"damage":3,"enemies":"Slime Boss","floor":16,"turns":14},{"damage":6,"enemies":"3 Byrds","floor":18,"turns":7},{"damage":0,"enemies":"Chosen","floor":19,"turns":6},{"damage":13,"enemies":"Sentry and Sphere","floor":20,"turns":8},{"damage":2,"enemies":"conspire:Head Lice","floor":24,"turns":7},{"damage":15,"enemies":"Centurion and Healer","floor":27,"turns":10},{"damage":0,"enemies":"conspire:HollyBat","floor":31,"turns":9},{"damage":2,"enemies":"Automaton","floor":33,"turns":12},{"damage":1,"enemies":"Orb Walker","floor":35,"turns":7},{"damage":19,"enemies":"3 Shapes","floor":37,"turns":7},{"damage":22,"enemies":"Jaw Worm Horde","floor":38,"turns":5},{"damage":1,"enemies":"R_Hoarder","floor":41,"turns":9},{"damage":20,"enemies":"4 Shapes","floor":45,"turns":5},{"damage":6,"enemies":"Maw","floor":46,"turns":9},{"damage":6,"enemies":"3 Darklings","floor":47,"turns":6},{"damage":16,"enemies":"Nemesis","floor":48,"turns":9},{"damage":77,"enemies":"conspire:OrnateMirror","floor":50,"turns":11}],"seed_played":"-3384604977292383479","potions_obtained":[{"floor":1,"key":"Adrenaline Potion"},{"floor":4,"key":"BlessingOfTheForge"},{"floor":8,"key":"DuplicationPotion"},{"floor":8,"key":"FearPotion"},{"floor":8,"key":"EntropicBrew"},{"floor":10,"key":"champ:CounterPotion"},{"floor":14,"key":"GhostInAJar"},{"floor":20,"key":"FairyPotion"},{"floor":33,"key":"Adrenaline Potion"},{"floor":35,"key":"Dexterity Potion"},{"floor":41,"key":"Adrenaline Potion"},{"floor":45,"key":"SteroidPotion"}],"is_trial":false,"path_per_floor":["M","M","?","M","$","E","R","?","T","E","R","M","$","M","R","B",null,"M","M","M","?","$","R","E","R","T","M","?","?","R","M","R","B",null,"M","?","M","M","?","R","E","R","T","?","M","M","M","E","R","B",null],"character_chosen":"THE_SILENT","items_purchased":["Noxious Fumes","Well Laid Plans","Fluid Movement"],"campfire_rested":2,"item_purchase_floors":[5,13,22],"current_hp_per_floor":[70,70,59,56,56,47,47,47,47,46,46,32,32,32,32,29,70,64,64,51,51,51,51,49,49,49,34,34,34,34,34,34,32,70,69,69,50,28,28,49,48,48,48,54,34,28,22,6,28,1],"gold":398,"neow_bonus":"BOSS_RELIC","is_daily":false,"chose_seed":false,"campfire_upgraded":8,"win_rate":0.0,"timestamp":1610425844,"path_taken":["M","M","?","M","?","E","R","?","T","E","R","M","$","?","R","BOSS","M","M","?","?","$","R","E","R","T","?","?","?","R","?","R","BOSS","M","?","M","M","?","R","E","R","T","?","M","?","M","E","R","BOSS"],"items_purchased_type":["Card","Card","Card"],"build_version":"2020-12-22","purchased_purges":3,"victory":true,"max_hp_per_floor":[70,70,70,70,70,70,70,70,70,70,70,70,70,70,70,70,70,70,70,70,70,70,70,70,70,70,70,70,70,70,70,70,70,70,70,70,70,70,70,70,70,70,70,76,76,76,76,76,76,76],"card_choices":[{"not_picked":["Caltrops","Calculated Gamble"],"picked":"Deadly Poison","floor":1},{"not_picked":["Quick Slash","Slice","Eviscerate"],"picked":"SKIP","floor":2},{"not_picked":["Prepared","Sucker Punch"],"picked":"Outmaneuver","floor":4},{"not_picked":["Hidden Blade","Crippling Poison"],"picked":"Backflip","floor":6},{"not_picked":["Night Terror","Outmaneuver"],"picked":"Footwork","floor":10},{"not_picked":["Flying Knee","Bullet Time"],"picked":"Backflip","floor":12},{"not_picked":["PiercingWail","Outmaneuver","Riddle With Holes"],"picked":"SKIP","floor":14},{"not_picked":["Prepared","ReplayTheSpireMod:Shiv Toss+1","Flying Knee"],"picked":"SKIP","floor":18},{"not_picked":["Riddle With Holes","Outmaneuver+1","Backflip"],"picked":"SKIP","floor":19},{"not_picked":["Toxin Wave","Deflect"],"picked":"Deadly Poison","floor":20},{"not_picked":["Flechettes+1","Backflip"],"picked":"Dodge and Roll","floor":24},{"not_picked":["Dodge and Roll","Blade Dance","Hidden Blade"],"picked":"SKIP","floor":27},{"not_picked":["Distraction+1","Slice+1","Terror"],"picked":"SKIP","floor":31},{"not_picked":["Quick Slash","Dagger Spray"],"picked":"ReplayTheSpireMod:Speed Training+1","floor":35},{"not_picked":["Masterful Stab","Quick Slash"],"picked":"Noxious Fumes+1","floor":37},{"not_picked":["Blade Dance+1","Sucker Punch","ReplayTheSpireMod:The Works+1"],"picked":"SKIP","floor":38},{"not_picked":["Terror+1","Fluid Movement+1"],"picked":"Deadly Poison+1","floor":41},{"not_picked":["Backflip+1","Die Die Die","Outmaneuver+1"],"picked":"SKIP","floor":45},{"not_picked":["Quick Slash","conspire:DoublingDagger+1","Dagger Throw"],"picked":"SKIP","floor":46},{"not_picked":["Riddle With Holes+1","Hidden Blade","Bouncing Flask+1"],"picked":"SKIP","floor":47},{"not_picked":["Poison Darts","Envenom","Phantasmal Killer"],"picked":"SKIP","floor":48}],"player_experience":44596,"relics_obtained":[{"floor":6,"key":"Ancient Tea Set"},{"floor":9,"key":"Darkstone Periapt"},{"floor":10,"key":"Nunchaku"},{"floor":24,"key":"conspire:Flyswatter"},{"floor":26,"key":"Simple Rune"},{"floor":41,"key":"ReplayFunnel"},{"floor":43,"key":"MealTicket"},{"floor":48,"key":"Oddly Smooth Stone"}],"event_choices":[{"damage_healed":0,"gold_gain":75,"player_choice":"Gather Gold","damage_taken":11,"max_hp_gain":0,"max_hp_loss":0,"event_name":"World of Goop","floor":3,"gold_loss":0},{"damage_healed":0,"gold_gain":0,"player_choice":"Got Potions","damage_taken":0,"max_hp_gain":0,"max_hp_loss":0,"event_name":"Lab","floor":8,"gold_loss":0},{"damage_healed":0,"gold_gain":0,"player_choice":"Bought 0 Potions","damage_taken":0,"max_hp_gain":0,"max_hp_loss":0,"event_name":"The Woman in Blue","floor":21,"gold_loss":0},{"damage_healed":0,"gold_gain":0,"player_choice":"Obtained Relic","damage_taken":0,"relics_obtained":["Replay:Bottled Eggs"],"max_hp_gain":0,"max_hp_loss":0,"event_name":"Addict","floor":28,"gold_loss":85},{"damage_healed":0,"gold_gain":0,"player_choice":"Forge","damage_taken":0,"max_hp_gain":0,"max_hp_loss":0,"event_name":"Accursed Blacksmith","floor":29,"gold_loss":0,"cards_upgraded":["Deadly Poison"]},{"damage_healed":0,"gold_gain":0,"player_choice":"Leave","damage_taken":0,"max_hp_gain":0,"max_hp_loss":0,"event_name":"conspire:Investor","floor":36,"gold_loss":0},{"damage_healed":0,"gold_gain":0,"player_choice":"Ignored","damage_taken":0,"max_hp_gain":0,"max_hp_loss":0,"event_name":"Tomb of Lord Red Mask","floor":39,"gold_loss":0}],"is_beta":false,"boss_relics":[{"not_picked":["Sozu","conspire:SeveredTorchhead"],"picked":"SacredBark"},{"not_picked":["Fusion Hammer","Runic Pyramid","Snecko Heart"]}],"items_purged_floors":[5,13,22],"is_endless":false,"potions_floor_spawned":[1,4,10,12,14,20,27,31,33,35,41,45],"ascension_level":0}}