{"host":"aaqofma31c3gm2hj","time":1610439433,"event":{"mods":["BaseMod","GungeonMod","Minty Spire (QoL Compilation)","Replay The Spire","Spicy Shops","StSLib"],"gold_per_floor":[119,129,183,23,23,56,56,56,56],"floor_reached":8,"playtime":89,"items_purged":[],"score":158,"play_id":"e22b9336-bd60-4c89-baf9-badb3af31d94","local_time":"20210112161713","is_ascension_mode":true,"campfire_choices":[{"data":"Coolheaded","floor":7,"key":"SMITH"}],"circlet_count":0,"master_deck":["AscendersBane","Strike_B","Strike_B","Strike_B","Strike_B","Defend_B","Defend_B+1","Defend_B","Defend_B","Zap","Dualcast+1","Coolheaded+1","Ball Lightning","Ball Lightning","Recycle"],"relics":["Cracked Core","NeowsBlessing","Replay:Wax Seal","Medical Kit","DemoMod:Antibody"],"acts_visited":["Exordium"],"potions_floor_usage":[],"damage_taken":[{"damage":0.0,"enemies":"2 Louse","floor":1.0,"turns":1.0},{"damage":0.0,"enemies":"Jaw Worm","floor":2.0,"turns":1.0},{"damage":0.0,"enemies":"Gremlin Nob","floor":6.0,"turns":1.0},{"damage":8,"enemies":"3 Sentries","floor":8,"turns":2}],"seed_played":"-28926655539327402","potions_obtained":[{"floor":3.0,"key":"Ancient Potion"},{"floor":6.0,"key":"Weak Potion"}],"is_trial":false,"path_per_floor":["M","M","?","$","?","E","R","E"],"character_chosen":"DEFECT","items_purchased":["Medical Kit"],"campfire_rested":0,"item_purchase_floors":[4],"current_hp_per_floor":[64,64,41,41,20,20,20,12,12],"gold":56,"neow_bonus":"THREE_ENEMY_KILL","is_daily":false,"chose_seed":false,"campfire_upgraded":1,"win_rate":0.0,"timestamp":1610439433,"path_taken":["M","M","?","$","?","E","R","E"],"items_purchased_type":["Relic"],"build_version":"2020-12-22","purchased_purges":0,"victory":false,"max_hp_per_floor":[71,71,71,71,71,71,71,71,71],"card_choices":[{"not_picked":["Loop","Double Energy"],"picked":"Coolheaded","floor":1.0},{"not_picked":["Leap","Turbo"],"picked":"Ball Lightning","floor":2.0},{"not_picked":["ReplayTheSpireMod:Repulse","Leap"],"picked":"Ball Lightning","floor":3.0},{"not_picked":["Gash","Stack"],"picked":"Recycle","floor":3.0},{"not_picked":["Auto Shields","Conserve Battery","ReplayTheSpireMod:GoodbyeWorld"],"picked":"SKIP","floor":6.0}],"player_experience":588559,"relics_obtained":[{"floor":3.0,"key":"Replay:Wax Seal"},{"floor":6.0,"key":"DemoMod:Antibody"}],"event_choices":[{"damage_healed":0.0,"max_hp_gain":0.0,"max_hp_loss":0.0,"gold_gain":0.0,"event_name":"Shining Light","player_choice":"Entered Light","floor":5.0,"gold_loss":0.0,"damage_taken":21.0,"cards_upgraded":["Defend_B","Dualcast"]}],"is_beta":false,"boss_relics":[],"items_purged_floors":[],"is_endless":false,"potions_floor_spawned":[6],"killed_by":"3 Sentries","ascension_level":20}}