{"host":"wgo6ezn0zcq3jgqa","time":1610433179,"event":{"mods":["Act Like it!","BaseMod","Downfall","GifTheSpireLib","Hallownest","Hermit","KinomotoSakuraMod(木之本樱)","Marisa（F雨　魔理沙）","Minty Spire (QoL Compilation)","RumiaBox-露米娅的神秘盒子","SOS（斯巴达之子）","StSLib","The Bug Knight","The Cursed","【功能Mod】混沌之环修复补丁"],"gold_per_floor":[349,368,368,387,414,194,194,644,675,675,675,675],"floor_reached":11,"playtime":542,"items_purged":["Regret"],"score":72,"play_id":"a4c24d52-4574-42e0-8fa9-90d0bff4f56e","local_time":"20210112143259","is_ascension_mode":true,"campfire_choices":[{"data":"HollowMod:PogoStrike","floor":1,"key":"SMITH"}],"circlet_count":0,"master_deck":["HollowMod:NailStrikeStart","HollowMod:NailStrikeStart","HollowMod:NailStrikeStart","HollowMod:NailStrikeStart","HollowMod:QuickDashStart","HollowMod:QuickDashStart","HollowMod:QuickDashStart","HollowMod:QuickDashStart","HollowMod:FocusHealStart","HollowMod:PogoStrike+1","HollowMod:MawleksShell","HollowMod:InfectedCysts","HollowMod:TaintedHusks","HollowMod:NewGlowingWomb","HollowMod:SoulSplash","Slimebound:Icky","Slimebound:Icky","Slimebound:Icky","HollowMod:InfectedAttack"],"relics":["HollowMod:VesselMask","downfall:BrokenWingStatue","HollowMod:LumaflyLanternRelic","Nunchaku"],"acts_visited":["Exordium"],"potions_floor_usage":[6,6],"damage_taken":[{"damage":1,"enemies":"Jaw Worm","floor":2,"turns":3},{"damage":3,"enemies":"Small Slimes","floor":4,"turns":3},{"damage":20,"enemies":"downfall:FleeingMerchant","floor":6,"turns":4},{"damage":51,"enemies":"Gremlin Nob","floor":9,"turns":5},{"damage":47,"enemies":"Lagavulin","floor":11,"turns":5}],"seed_played":"7042329086272344379","potions_obtained":[{"floor":2,"key":"AttackPotion"},{"floor":4,"key":"DistilledChaos"},{"floor":9,"key":"Ancient Potion"}],"is_trial":false,"path_per_floor":["R","M","?","M","T","$","T","?","E","?","E"],"character_chosen":"THE_BUGKNIGHT","items_purchased":["HollowMod:NewGlowingWomb","HollowMod:SoulSplash"],"campfire_rested":0,"item_purchase_floors":[6,6],"current_hp_per_floor":[75,74,74,75,75,61,61,61,10,35,0,0],"gold":675,"neow_bonus":"TWO_FIFTY_GOLD","is_daily":false,"chose_seed":false,"campfire_upgraded":1,"win_rate":0.0,"timestamp":1610433179,"path_taken":["R","M","?","M","?","$","T","?","E","?","E"],"items_purchased_type":["Card","Card"],"build_version":"2020-12-22","purchased_purges":1,"victory":false,"max_hp_per_floor":[75,75,75,75,75,75,75,75,75,75,75,75],"card_choices":[{"not_picked":["HollowMod:ShadowDash","HollowMod:GreatSlash"],"picked":"HollowMod:MawleksShell","floor":2},{"not_picked":["HollowMod:NewJinnsSoul","HollowMod:SharpenedShadows"],"picked":"HollowMod:InfectedCysts","floor":4},{"not_picked":["HollowMod:LifebloodCocoon","HollowMod:HowlingWraiths"],"picked":"HollowMod:TaintedHusks","floor":6},{"not_picked":["HollowMod:HerrahsAnger","HollowMod:NewLittleFool"],"picked":"HollowMod:InfectedAttack","floor":9}],"player_experience":139356,"relics_obtained":[{"floor":7,"key":"HollowMod:LumaflyLanternRelic"},{"floor":9,"key":"Nunchaku"}],"event_choices":[{"damage_healed":25,"gold_gain":0,"player_choice":"Banana","damage_taken":0,"max_hp_gain":0,"max_hp_loss":0,"event_name":"Big Fish","floor":10,"gold_loss":0}],"is_beta":false,"boss_relics":[],"items_purged_floors":[6],"is_endless":false,"potions_floor_spawned":[2,4,9],"killed_by":"Lagavulin","ascension_level":1}}