{"host":"qfrmffs8rw9cf08l","time":1610462929,"event":{"mods":["AchievementEnabler","Act Like it!","BaseMod","Better Match","Better Note","Better Sensory Stone","Better Skull","Better Third Choice","BetterRewards","Gensokyo","MarisaÅiñ∂âJÅ@ñÇóùçπÅj","Minty Spire (QoL Compilation)","Permanent Neow","Relic Filter","StSLib"],"gold_per_floor":[110,110,120,120,134,164,176,205,205,205,223,254,254,254,254,359,359,371,78,97,110,210,240,240,273,273,305,319,319,335,15,15,111,111,129,147,147,147,158,193,193,227,227,227,247,123,148,148,158,158],"floor_reached":51,"playtime":10949,"items_purged":["Defend_MRS"],"score":1698,"play_id":"205bff7d-973b-42e7-9547-d56a128f217f","local_time":"20210112224849","is_ascension_mode":true,"campfire_choices":[{"data":"MasterSpark","floor":15.0,"key":"SMITH"},{"data":"MillisecondPulsars","floor":24.0,"key":"SMITH"},{"data":"EnergyFlow","floor":32.0,"key":"SMITH"}],"circlet_count":0,"master_deck":["Strike_MRS+1","Strike_MRS+1","Defend_MRS","Defend_MRS","Defend_MRS","MasterSpark+1","UpSweep","EnergyFlow+1","MagicChant+1","AsteroidBelt+1","MilkyWay+1","CurseOfTheBell","PowerUp+1","OpenUniverse+1","FairyDestructionRay","OrrerysSun","EnergyRecoil+1","AlicesGift+1","MillisecondPulsars+1","AsteroidBelt+1","GalacticHalo+1","EnergyRecoil+1","AsteroidBelt+1","SprinkleStarSeal+1","GasGiant+1","GalacticHalo+1","Gensokyo:ShootingStar+1","BlazingStar","Acceleration+1","Gensokyo:HouraiInAPot+1","CollectingQuirk"],"relics":["MiniHakkero","Incense Burner","Toxic Egg 2","Frozen Eye","Whetstone","Calling Bell","Ancient Tea Set","Pantograph","FossilizedHelix","Mango","Gensokyo:OccultBall","Vajra","Kunai","Empty Cage","Gensokyo:MarisaPhilosophersStone","Mango","SlaversCollar","Medical Kit","Sling","Ginger","SproutingBranch","Regal Pillow","Darkstone Periapt","Smiling Mask","Gensokyo:RedStar","SimpleLauncher","Cursed Key","Centennial Puzzle","Gensokyo:EmptyGrave","The Courier","Lantern","Boot"],"acts_visited":["Exordium","Gensokyo:Gensokyo","Gensokyo:Gensokyoer"],"potions_floor_usage":[],"damage_taken":[{"damage":0.0,"enemies":"Gensokyo:3_Fairies","floor":1.0,"turns":2.0},{"damage":1.0,"enemies":"Gensokyo:Gryphon","floor":3.0,"turns":3.0},{"damage":0.0,"enemies":"Gensokyo:Python","floor":5.0,"turns":2.0},{"damage":0.0,"enemies":"Gensokyo:Aya","floor":6.0,"turns":4.0},{"damage":0.0,"enemies":"Gensokyo:Gryphon_and_Rabbit","floor":7.0,"turns":4.0},{"damage":0.0,"enemies":"Gensokyo:Cirno","floor":8.0,"turns":5.0},{"damage":3.0,"enemies":"Gensokyo:Cirno","floor":10.0,"turns":6.0},{"damage":0.0,"enemies":"Gensokyo:LivingMonolith","floor":11.0,"turns":2.0},{"damage":0.0,"enemies":"Gensokyo:Mamizou","floor":12.0,"turns":4.0},{"damage":7.0,"enemies":"Gensokyo:Yukari","floor":16.0,"turns":6.0},{"damage":0.0,"enemies":"Gensokyo:Chomper","floor":18.0,"turns":3.0},{"damage":0.0,"enemies":"Gensokyo:CosmicMonolith","floor":20.0,"turns":3.0},{"damage":0.0,"enemies":"Gensokyo:Wraith","floor":21.0,"turns":2.0},{"damage":0.0,"enemies":"Gensokyo:Wraith","floor":22.0,"turns":4.0},{"damage":0.0,"enemies":"Gensokyo:Reisen","floor":23.0,"turns":4.0},{"damage":0.0,"enemies":"Gensokyo:Tenshi","floor":25.0,"turns":2.0},{"damage":0.0,"enemies":"Gensokyo:Koishi","floor":27.0,"turns":4.0},{"damage":1.0,"enemies":"Gensokyo:Slime_Group","floor":28.0,"turns":5.0},{"damage":0.0,"enemies":"Gensokyo:Swordslinger","floor":30.0,"turns":3.0},{"damage":0.0,"enemies":"Gensokyo:Kaguya","floor":33.0,"turns":8.0},{"damage":0.0,"enemies":"Gensokyo:3_Boulders","floor":35.0,"turns":3.0},{"damage":0.0,"enemies":"Gensokyo:3_Bats","floor":36.0,"turns":3.0},{"damage":0.0,"enemies":"Gensokyo:3_Bats","floor":37.0,"turns":5.0},{"damage":0.0,"enemies":"Gensokyo:Dusk_and_Dawn","floor":39.0,"turns":3.0},{"damage":1.0,"enemies":"Gensokyo:Kasen","floor":40.0,"turns":5.0},{"damage":0.0,"enemies":"Gensokyo:Doremy","floor":42.0,"turns":3.0},{"damage":0.0,"enemies":"Gensokyo:Sharpion","floor":45.0,"turns":3.0},{"damage":0.0,"enemies":"Gensokyo:Kasen","floor":47.0,"turns":3.0},{"damage":0,"enemies":"Gensokyo:Kasen","floor":49,"turns":3},{"damage":0,"enemies":"Gensokyo:Yuyuko","floor":50,"turns":2}],"seed_played":"3514752003708607579","potions_obtained":[{"floor":3.0,"key":"Fire Potion"},{"floor":5.0,"key":"Block Potion"},{"floor":11.0,"key":"Explosive Potion"},{"floor":12.0,"key":"BlessingOfTheForge"},{"floor":16.0,"key":"Strength Potion"},{"floor":20.0,"key":"Energy Potion"},{"floor":23.0,"key":"Strength Potion"},{"floor":36.0,"key":"Energy Potion"}],"is_trial":false,"path_per_floor":["M","?","M","?","M","E","M","E","T","?","M","E","?","?","R","B",null,"M","COS","M","M","?","E","R","E","T","E","M","?","M","$","R","B",null,"M","M","?","?","M","E","?","E","T","?","M","$","E","?","R","B",null],"character_chosen":"MARISA","items_purchased":["NonDirectionalLaser","Incense Burner","EnergyFlow","Toxic Egg 2","Frozen Eye","MagicChant+1","AsteroidBelt+1","Whetstone","FairyDestructionRay","MilkyWay+1","Calling Bell","SimpleLauncher","GalacticHalo+1","Lantern"],"campfire_rested":0,"item_purchase_floors":[0,0,0,0,0,0,0,0,0,0,0,31,31,46],"current_hp_per_floor":[68,61,60,60,60,60,60,60,60,57,57,71,71,71,71,89,100,100,100,100,100,103,103,103,103,103,103,103,103,103,103,103,103,103,103,103,103,103,103,103,95,95,95,95,95,95,95,95,95,95],"gold":158,"neow_bonus":"","is_daily":false,"chose_seed":false,"campfire_upgraded":3,"win_rate":0.0,"timestamp":1610462929,"path_taken":["M","?","M","?","M","E","M","E","T","?","M","E","?","?","R","BOSS","M","COS","M","M","?","E","R","E","T","E","M","?","M","?","R","BOSS","M","M","?","?","M","E","?","E","T","?","?","$","E","?","R","BOSS"],"items_purchased_type":["Card","Relic","Card","Relic","Relic","Card","Card","Relic","Card","Card","Relic","Relic","Card","Relic"],"build_version":"2020-12-22","purchased_purges":1,"victory":true,"max_hp_per_floor":[75,89,89,89,89,89,89,89,89,89,89,103,103,103,103,103,103,103,103,103,103,103,103,103,103,103,103,103,103,103,103,103,103,103,103,103,103,103,103,103,95,95,95,95,95,95,95,95,95,95],"card_choices":[{"not_picked":["ShootingEcho","GrandCross"],"picked":"PowerUp+1","floor":1.0},{"not_picked":["DarkSpark","PowerUp+1"],"picked":"ShootingEcho","floor":3.0},{"not_picked":["LuminesStrike","WitchOfGreed","MysteriousBeam"],"picked":"SKIP","floor":5.0},{"not_picked":["Occultation+1","TreasureHunter","LuminesStrike"],"picked":"SKIP","floor":6.0},{"not_picked":["WitchLeyline","LuminesStrike","ShootingEcho"],"picked":"SKIP","floor":7.0},{"not_picked":["PowerUp+1","LuminesStrike"],"picked":"OpenUniverse+1","floor":8.0},{"not_picked":["6A","DoubleSpark"],"picked":"OrrerysSun","floor":10.0},{"not_picked":["StarlightTyphoon+1","MilkyWay+1"],"picked":"EnergyRecoil+1","floor":11.0},{"not_picked":["MysteriousBeam","GrandCross","Acceleration+1"],"picked":"SKIP","floor":12.0},{"not_picked":["BlazingStar","FinalSpark"],"picked":"MillisecondPulsars","floor":16.0},{"not_picked":["ChargingUp+1","LuminesStrike"],"picked":"AsteroidBelt+1","floor":18.0},{"not_picked":["GravityBeat","GasGiant+1"],"picked":"GalacticHalo+1","floor":20.0},{"not_picked":["WitchOfGreed","WitchLeyline","DoubleSpark"],"picked":"SKIP","floor":21.0},{"not_picked":["Singularity","WitchOfGreed"],"picked":"EnergyRecoil+1","floor":22.0},{"not_picked":["LuminesStrike","ShootingEcho+1"],"picked":"AsteroidBelt+1","floor":23.0},{"not_picked":["SatelliteIllusion","GasGiant+1","RefractionSpark"],"picked":"SKIP","floor":25.0},{"not_picked":["WitchOfGreed+1","ShootingEcho+1","AsteroidBelt+1"],"picked":"SKIP","floor":27.0},{"not_picked":["AsteroidBelt+1","SporeBomb+1"],"picked":"SprinkleStarSeal+1","floor":28.0},{"not_picked":["UnstableBomb","WitchLeyline+1"],"picked":"GasGiant+1","floor":30.0},{"not_picked":[],"picked":"Gensokyo:ShootingStar","floor":33.0},{"not_picked":["SatelliteIllusion","MaximisePower+1"],"picked":"BlazingStar","floor":33.0},{"not_picked":["DoubleSpark","LuminesStrike+1","ShootingEcho+1"],"picked":"SKIP","floor":35.0},{"not_picked":["MeteoricShower+1","SporeBomb+1"],"picked":"Acceleration+1","floor":36.0},{"not_picked":["Gensokyo:UnhurriedMind+1","Gensokyo:MorningStar+1"],"picked":"Gensokyo:HouraiInAPot+1","floor":37.0},{"not_picked":["AsteroidBelt+1","LuminesStrike+1","SprinkleStarSeal+1"],"picked":"SKIP","floor":39.0},{"not_picked":["StarBarrage+1","PowerUp+1","NonDirectionalLaser+1"],"picked":"SKIP","floor":40.0},{"not_picked":["PropBag+1","ManaConvection+1","DC+1"],"picked":"SKIP","floor":42.0},{"not_picked":["StarDustReverie+1","FairyDestructionRay+1","IllusionStar+1"],"picked":"SKIP","floor":45.0},{"not_picked":["MillisecondPulsars","GalacticHalo+1"],"picked":"CollectingQuirk","floor":47.0},{"not_picked":["EnergyRecoil+1","GrandCross","DragonMeteor+1"],"picked":"SKIP","floor":49}],"player_experience":249537,"relics_obtained":[{"floor":0.0,"key":"Ancient Tea Set"},{"floor":0.0,"key":"Pantograph"},{"floor":0.0,"key":"FossilizedHelix"},{"floor":5.0,"key":"Gensokyo:OccultBall"},{"floor":6.0,"key":"Vajra"},{"floor":8.0,"key":"Kunai"},{"floor":9.0,"key":"Empty Cage"},{"floor":10.0,"key":"Gensokyo:MarisaPhilosophersStone"},{"floor":12.0,"key":"Mango"},{"floor":16.0,"key":"Gensokyo:OccultBall"},{"floor":18.0,"key":"Gensokyo:OccultBall"},{"floor":22.0,"key":"Ginger"},{"floor":22.0,"key":"SproutingBranch"},{"floor":23.0,"key":"Gensokyo:OccultBall"},{"floor":23.0,"key":"Regal Pillow"},{"floor":25.0,"key":"Darkstone Periapt"},{"floor":27.0,"key":"Smiling Mask"},{"floor":30.0,"key":"Gensokyo:OccultBall"},{"floor":33.0,"key":"Gensokyo:OccultBall"},{"floor":40.0,"key":"Centennial Puzzle"},{"floor":42.0,"key":"The Courier"},{"floor":47.0,"key":"Boot"},{"floor":49,"key":"Gensokyo:OccultBall"}],"event_choices":[],"is_beta":false,"boss_relics":[{"not_picked":["Ectoplasm","Pandora\u0027s Box"],"picked":"SlaversCollar"},{"not_picked":["SacredBark","Runic Dome"],"picked":"Cursed Key"}],"items_purged_floors":[0],"is_endless":false,"potions_floor_spawned":[3,5,11,12,16,20,23,27,30,36,40,45,47],"ascension_level":6}}