{"host":"ctlqibkg0sskiu65","time":1610431937,"event":{"mods":["2.2 Compatiblity","AchievementEnabler","Aspiration","BaseMod","BetterRewards","Colored Map","Colored Powertips","Conspire","Downfall","Fiend Mod","Infinite Spire","Minty Spire (QoL Compilation)","Quick Restart","Replay The Spire","Shop Mod","StSLib","The Bladedancer","The Cursed","The Hierophant","The Jungle","The Kombatant","The Poker Player","The Servant 0.9.4","TheBandit"],"gold_per_floor":[109,109,109,125,139,139,214,227,227,227,177,25,43,55,55,153,153,170,183,0,0,0,0,0,28,52,63,63,83,83,8,8,8,8],"floor_reached":33,"playtime":1058,"items_purged":["Strike_G"],"score":568,"play_id":"3d4abad4-f794-487c-8742-f6673c0d8d19","local_time":"20210112001217","is_ascension_mode":true,"campfire_choices":[{"data":"conspire:PoisonWeapons","floor":6.0,"key":"SMITH"},{"data":"Dodge and Roll","floor":10.0,"key":"SMITH"},{"data":"Noxious Fumes","floor":15.0,"key":"SMITH"},{"floor":23.0,"key":"REST"},{"floor":30.0,"key":"REST"},{"data":"infinitespire:Starlight","floor":32.0,"key":"SMITH"}],"circlet_count":0,"master_deck":["AscendersBane","Strike_G","Strike_G","Strike_G","Defend_G","Defend_G","Defend_G","Defend_G","Defend_G","Survivor","Neutralize","conspire:PoisonWeapons+1","Slice","Cloak And Dagger","Poisoned Stab","Dodge and Roll+1","Noxious Fumes+1","Adrenaline","Deadly Poison+1","Deadly Poison","Noxious Fumes+1","infinitespire:Starlight+1","Deadly Poison"],"relics":["Ring of the Snake","aspiration:Nostalgia","infinitespire:DarkRift","PreservedInsect","Shuriken","Strawberry","aspiration:PoetsPen_weak","MutagenicStrength","Tough Bandages","Blood Vial","DollysMirror","aspiration:FutureDiary"],"acts_visited":["Exordium","TheCity"],"potions_floor_usage":[33,33],"damage_taken":[{"damage":7.0,"enemies":"Small Slimes","floor":1.0,"turns":4.0},{"damage":0.0,"enemies":"2 Louse","floor":4.0,"turns":3.0},{"damage":0.0,"enemies":"Cultist","floor":5.0,"turns":2.0},{"damage":0.0,"enemies":"Blue Slaver","floor":8.0,"turns":3.0},{"damage":1.0,"enemies":"Large Slime","floor":13.0,"turns":7.0},{"damage":0.0,"enemies":"2 Fungi Beasts","floor":14.0,"turns":4.0},{"damage":13.0,"enemies":"Hexaghost","floor":16.0,"turns":7.0},{"damage":5.0,"enemies":"Shell Parasite","floor":18.0,"turns":3.0},{"damage":20.0,"enemies":"Spheric Guardian","floor":19.0,"turns":5.0},{"damage":15.0,"enemies":"Book of Stabbing","floor":25.0,"turns":4.0},{"damage":7.0,"enemies":"Centurion and Healer","floor":27.0,"turns":4.0},{"damage":10.0,"enemies":"Snake Plant","floor":29.0,"turns":4.0},{"damage":96,"enemies":"Collector","floor":33,"turns":7}],"seed_played":"7716694882791947898","potions_obtained":[{"floor":1.0,"key":"sneckomod:MuddlingPotion"},{"floor":8.0,"key":"Poison Potion"},{"floor":25.0,"key":"AttackPotion"},{"floor":27.0,"key":"Fire Potion"}],"is_trial":false,"path_per_floor":["M","?","?","M","M","R","?","M","T","R","?","$","M","M","R","B",null,"M","M","?","?","?","R","?","E","T","M","AVR","M","R","$","R","B"],"character_chosen":"THE_SILENT","items_purchased":["aspiration:Nostalgia","PreservedInsect","conspire:PoisonWeapons","Slice","Strawberry"],"campfire_rested":2,"item_purchase_floors":[0,0,0,0,12],"current_hp_per_floor":[56,56,56,56,56,56,45,45,45,45,45,52,51,51,51,38,67,62,42,42,28,28,52,52,37,37,32,32,34,58,58,58,0,0],"gold":8,"neow_bonus":"","is_daily":false,"chose_seed":false,"campfire_upgraded":4,"win_rate":0.0,"timestamp":1610431937,"path_taken":["M","?","?","M","M","R","?","M","T","R","?","?","M","?","R","BOSS","M","M","?","?","?","R","?","E","T","?","AVR","M","R","$","R","BOSS"],"items_purchased_type":["Relic","Relic","Card","Card","Relic"],"build_version":"2020-12-22","purchased_purges":1,"victory":false,"max_hp_per_floor":[70,70,70,70,70,70,70,70,70,70,70,77,77,77,77,77,77,77,77,77,82,82,82,82,82,82,82,82,82,82,82,82,82,82],"card_choices":[{"not_picked":["conspire:DoublingDagger","Dagger Throw"],"picked":"Cloak And Dagger","floor":1.0},{"not_picked":["Masterful Stab","Prepared","Heel Hook"],"picked":"SKIP","floor":4.0},{"not_picked":["Deflect","ReplayTheSpireMod:Exploit Weakness"],"picked":"Poisoned Stab","floor":5.0},{"not_picked":["Prepared","Acrobatics"],"picked":"Dodge and Roll","floor":8.0},{"not_picked":["Quick Slash","ReplayTheSpireMod:Exploit Weakness"],"picked":"Noxious Fumes","floor":13.0},{"not_picked":["Backflip","Leg Sweep","Atom Bomb"],"picked":"SKIP","floor":14.0},{"not_picked":["Venomology","Replay:Bag of Tricks"],"picked":"Adrenaline","floor":16.0},{"not_picked":["Dagger Spray","Hidden Blade"],"picked":"Deadly Poison+1","floor":18.0},{"not_picked":["Slice","Underhanded Strike","Blade Dance"],"picked":"SKIP","floor":19.0},{"not_picked":["Crippling Poison","ReplayTheSpireMod:Shiv Toss","Outmaneuver"],"picked":"SKIP","floor":25.0},{"not_picked":["Prepared","Deflect+1"],"picked":"Deadly Poison","floor":27.0},{"not_picked":["Endless Agony","Bane"],"picked":"Deadly Poison","floor":29.0}],"player_experience":199155,"relics_obtained":[{"floor":9.0,"key":"Shuriken"},{"floor":25.0,"key":"Tough Bandages"},{"floor":26.0,"key":"Blood Vial"}],"event_choices":[{"damage_healed":0.0,"max_hp_gain":0.0,"max_hp_loss":0.0,"gold_gain":0.0,"event_name":"conspire:LoneGhost","player_choice":"Disagree","floor":2.0,"gold_loss":0.0,"damage_taken":0.0},{"damage_healed":0.0,"max_hp_gain":0.0,"max_hp_loss":0.0,"gold_gain":0.0,"event_name":"Golden Idol","player_choice":"Ignored","floor":3.0,"gold_loss":0.0,"damage_taken":0.0},{"damage_healed":0.0,"max_hp_gain":0.0,"max_hp_loss":0.0,"gold_gain":75.0,"event_name":"World of Goop","player_choice":"Gather Gold","floor":7.0,"gold_loss":0.0,"damage_taken":11.0},{"cards_removed":["Strike_G"],"damage_healed":0.0,"max_hp_gain":0.0,"max_hp_loss":0.0,"gold_gain":0.0,"event_name":"The Cleric","player_choice":"Card Removal","floor":11.0,"gold_loss":50.0,"damage_taken":0.0},{"damage_healed":0.0,"max_hp_gain":0.0,"max_hp_loss":0.0,"gold_gain":0.0,"event_name":"Masked Bandits","player_choice":"Paid Fearfully","floor":20.0,"gold_loss":183.0,"damage_taken":0.0},{"damage_healed":0.0,"max_hp_gain":5.0,"max_hp_loss":0.0,"gold_gain":0.0,"event_name":"Forgotten Altar","player_choice":"Shed Blood","floor":21.0,"gold_loss":0.0,"damage_taken":19.0},{"damage_healed":0.0,"max_hp_gain":0.0,"max_hp_loss":0.0,"gold_gain":0.0,"event_name":"Drug Dealer","player_choice":"Inject Mutagens","floor":22.0,"gold_loss":0.0,"damage_taken":0.0,"relics_obtained":["MutagenicStrength"]}],"is_beta":false,"boss_relics":[{"not_picked":["Snecko Eye","aspiration:RunicSpoon"],"picked":"aspiration:PoetsPen_weak"}],"items_purged_floors":[31],"is_endless":false,"potions_floor_spawned":[1,8,25,27],"killed_by":"Collector","ascension_level":12}}