{"host":"19kf8tqwqindyscq","time":1610464109,"event":{"mods":["2.2 Compatiblity","AchievementEnabler","Aspiration","BaseMod","Colored Map","Colored Powertips","Conspire","Downfall","Gremlin Mod","Hermit","Hubris","Infinite Spire","Minty Spire (QoL Compilation)","Quick Restart","Rare Cards Sparkle","Replay The Spire","Somnambulant","StSLib","SuperFastMode","The Bladedancer","The Bug Knight","The Construct","The Cursed","The Mystic","The Necromancer"],"gold_per_floor":[111,126,142,157,157,197,217,260,260,260,310,310,324,342,342,471,471,454,454,454,474,490,530,530,563,590,660,678,696,696,61,61,61,61],"floor_reached":33,"playtime":1805,"items_purged":["Looming Evil"],"score":351,"play_id":"72b5e310-53fb-4e32-8832-566dcdd34a6c","local_time":"20210112120829","is_ascension_mode":false,"campfire_choices":[{"floor":10,"key":"REST"},{"floor":12,"key":"RECALL"},{"data":"Tempest","floor":24,"key":"SMITH"},{"data":"Conserve Battery","floor":30,"key":"SMITH"},{"data":"Heatsinks","floor":32,"key":"SMITH"}],"circlet_count":0,"master_deck":["Strike_B","Strike_B","Strike_B","Defend_B","Defend_B","Defend_B","Defend_B","Zap","Dualcast","Conserve Battery+1","Auto Shields","Lockon","Tempest+1","Go for the Eyes+1","Stack","Doubt","Amplify","Redo","ReplayTheSpireMod:Omega Cannon","Conserve Battery+1","ReplayTheSpireMod:Repulse+1","Injury","Seek+1","Go for the Eyes","ReplayTheSpireMod:System Scan+1","Melter+1","conspire:Blindness","Heatsinks+1","Leap+1"],"relics":["Cracked Core","NeowsBlessing","Golden Idol","InkBottle","Kunai","Thread and Needle","Ring of Misfortune","Ring of Greed","MealTicket","hubris:MobiusCoin","Nuclear Battery","SlaversCollar","Toxic Egg 2","Pen Nib","hubris:SlimyHat","Replay:Kaleidoscope","PrismaticShard","PreservedInsect"],"acts_visited":["Exordium","TheCity"],"potions_floor_usage":[6,16,22,23,23,25,27,33],"damage_taken":[{"damage":0,"enemies":"Jaw Worm","floor":1,"turns":1},{"damage":0,"enemies":"Small Slimes","floor":2,"turns":1},{"damage":0,"enemies":"Cultist","floor":3,"turns":1},{"damage":2,"enemies":"Red Slaver","floor":4,"turns":5},{"damage":15,"enemies":"Lagavulin","floor":6,"turns":7},{"damage":8,"enemies":"3 Louse","floor":7,"turns":4},{"damage":12,"enemies":"3 Sentries","floor":8,"turns":10},{"damage":0,"enemies":"Blue Slaver","floor":13,"turns":3},{"damage":4,"enemies":"Lots of Slimes","floor":14,"turns":5},{"damage":54,"enemies":"Slime Boss","floor":16,"turns":14},{"damage":0,"enemies":"2 Thieves","floor":18,"turns":4},{"damage":0,"enemies":"conspire:FuzzyDice","floor":21,"turns":9},{"damage":0,"enemies":"Shelled Parasite and Fungi","floor":22,"turns":8},{"damage":0,"enemies":"Replay:Snechameleon","floor":23,"turns":5},{"damage":0,"enemies":"conspire:Head Lice","floor":25,"turns":5},{"damage":3,"enemies":"conspire:HollyBat","floor":27,"turns":7},{"damage":0,"enemies":"Snecko","floor":28,"turns":4},{"damage":0,"enemies":"3 Cultists","floor":29,"turns":3},{"damage":71,"enemies":"hubris:MusketHawk","floor":33,"turns":11}],"seed_played":"4448916381457398716","potions_obtained":[{"floor":1,"key":"FearPotion"},{"floor":13,"key":"Elixir"},{"floor":14,"key":"Strength Potion"},{"floor":16,"key":"sneckomod:MuddlingPotion"},{"floor":21,"key":"BlessingOfTheForge"},{"floor":22,"key":"BlessingOfTheForge"},{"floor":23,"key":"GamblersBrew"},{"floor":25,"key":"SkillPotion"},{"floor":28,"key":"AttackPotion"}],"is_trial":false,"path_per_floor":["M","M","M","M","?","E","M","E","T","R","?","R","M","M","R_BF","B",null,"M","AVR","?","M","M","E","R","E","T","M","M","M","R","$","R","B"],"character_chosen":"DEFECT","items_purchased":["Leap+1","Replay:Kaleidoscope","PrismaticShard","PreservedInsect"],"campfire_rested":1,"item_purchase_floors":[31,31,31,31],"current_hp_per_floor":[75,75,75,73,69,54,46,34,34,54,54,54,54,50,69,15,69,69,69,69,69,69,69,69,69,69,66,66,66,66,69,69,0,0],"gold":61,"neow_bonus":"THREE_ENEMY_KILL","is_daily":false,"chose_seed":false,"campfire_upgraded":3,"win_rate":0.0,"timestamp":1610464109,"path_taken":["M","M","M","M","?","E","M","E","T","R","?","R","?","M","R_BF","BOSS","M","AVR","?","M","M","E","R","E","T","M","?","M","R","$","R","BOSS"],"items_purchased_type":["Card","Relic","Relic","Relic"],"build_version":"2020-12-22","purchased_purges":1,"victory":false,"max_hp_per_floor":[75,75,75,75,69,69,69,69,69,69,69,69,69,69,69,69,69,69,69,69,69,69,69,69,69,69,69,69,69,69,69,69,69,69],"card_choices":[{"not_picked":["Gash","Barrage"],"picked":"Conserve Battery","floor":1},{"not_picked":["Compile Driver","ReplayTheSpireMod:System Scan"],"picked":"Auto Shields","floor":2},{"not_picked":["Go for the Eyes","Gash","Multi-Cast"],"picked":"SKIP","floor":3},{"not_picked":["Streamline","Chill"],"picked":"Lockon","floor":4},{"not_picked":["BasicCrystalCard","Compile Driver","Chaos"],"picked":"SKIP","floor":6},{"not_picked":["conspire:Rain","BasicCrystalCard"],"picked":"Tempest","floor":7},{"not_picked":["ReplayTheSpireMod:Fabricate Wheel","ReplayTheSpireMod:Calculation Training"],"picked":"Go for the Eyes","floor":8},{"not_picked":["Beam Cell","Cold Snap","Barrage"],"picked":"SKIP","floor":13},{"not_picked":["Force Field","Rip and Tear"],"picked":"Stack","floor":14},{"not_picked":["Fission","Buffer"],"picked":"Amplify","floor":16},{"not_picked":["Double Energy","Genetic Algorithm"],"picked":"Redo","floor":18},{"not_picked":["BasicCrystalCard+1","Self Repair"],"picked":"Conserve Battery+1","floor":21},{"not_picked":["Doom and Gloom","Barrage"],"picked":"ReplayTheSpireMod:Repulse+1","floor":22},{"not_picked":["Compile Driver+1","Streamline"],"picked":"Seek+1","floor":23},{"not_picked":["Barrage","Coolheaded+1"],"picked":"Go for the Eyes","floor":25},{"not_picked":["Steam Power+1","Streamline"],"picked":"ReplayTheSpireMod:System Scan+1","floor":27},{"not_picked":["BasicCrystalCard+1","Ball Lightning"],"picked":"Melter+1","floor":28},{"not_picked":["Amplify+1","Go for the Eyes"],"picked":"Heatsinks","floor":29}],"player_experience":157236,"relics_obtained":[{"floor":6,"key":"InkBottle"},{"floor":8,"key":"Kunai"},{"floor":9,"key":"Thread and Needle"},{"floor":11,"key":"Ring of Misfortune"},{"floor":11,"key":"Ring of Greed"},{"floor":11,"key":"MealTicket"},{"floor":11,"key":"hubris:MobiusCoin"},{"floor":23,"key":"Pen Nib"},{"floor":25,"key":"hubris:SlimyHat"}],"event_choices":[{"damage_healed":0,"gold_gain":0,"player_choice":"Lose Max HP","damage_taken":0,"relics_obtained":["Golden Idol"],"max_hp_gain":0,"max_hp_loss":6,"event_name":"Golden Idol","floor":5,"gold_loss":0},{"damage_healed":0,"gold_gain":0,"cards_transformed":["Strike_B"],"player_choice":"Transformed","damage_taken":0,"max_hp_gain":0,"max_hp_loss":0,"event_name":"Transmorgrifier","floor":20,"gold_loss":0,"cards_obtained":["ReplayTheSpireMod:Omega Cannon"]}],"is_beta":false,"boss_relics":[{"not_picked":["Honey Jar","hubris:TerracottaHorce"],"picked":"Nuclear Battery"}],"items_purged_floors":[19],"is_endless":false,"potions_floor_spawned":[1,13,14,16,21,22,23,25,28],"killed_by":"hubris:MusketHawk","ascension_level":0}}