{"host":"evor8co6wap25kfw","time":1610456603,"event":{"mods":["ATMod(阿瑾Mod)","Act Like it!","BaseMod","Conspire","KinomotoSakuraMod(木之本樱)","Koishi","KomeijiMod","Minty Spire (QoL Compilation)","MostiFishMod","Replay The Spire","SOS（斯巴达之子）","StSLib","The Saiyan","The Servant 0.9.4","vexMod","【遗物卡牌】REMEMod"],"gold_per_floor":[119,200,48,48,67,67,94,94,140,171,271,289,299,317,317,418,418,437,273,273,283,310,342,342,375,375,385,63,89,102,0,0,116,116,134,134,147,203,220,220,273,304,327,327,359,377,411,438,438,492],"floor_reached":51,"playtime":1966,"items_purged":["Defend_S","Strike_S+1"],"score":1340,"play_id":"c5239efe-3fe3-47e6-b6da-91544d53a096","local_time":"20210112210323","is_ascension_mode":true,"campfire_choices":[{"floor":6,"key":"REST"},{"floor":8,"key":"RECALL"},{"floor":15,"key":"REST"},{"data":"SilverBlades","floor":24,"key":"SMITH"},{"data":"Desolation","floor":32,"key":"SMITH"},{"floor":40,"key":"REST"},{"floor":49,"key":"REST"}],"circlet_count":0,"master_deck":["Strike_S+1","Strike_S+1","Strike_S+1","Defend_S+1","Defend_S+1","Defend_S+1","KidneyShot+1","Exchange+1","Manipulate+1","AT_Dispersion+1","SilverBlades+1","Rearm+1","SpecialFormula+1","KillingDoll+1","conspire:Banana+1","Moonlight+1","Sabotage+1","Desolation+1","Gouge+1","FlawlessForm+1","Moondial+1","GearUp+1","SoulSculpture+1"],"relics":["Uniform","AT_ATBox","REME_ComplimentaryCards","DaveBox","DSteel32","Ginger","SynthV:TestCard","vexMod:FocusSash","SynthV","Bag of Preparation","Quantum Egg","ChiXiaoBlade","AT_ArcaneBoots","vexMod:ConsolationPrize","Orichalcum","AT_ArchangelStaff","Omamori","ShadowXiaoBlade","Replay:Arrowhead","HornCleat","Broom","Oddly Smooth Stone","PreservedInsect"],"acts_visited":["Exordium","TheCity","TheBeyond"],"potions_floor_usage":[7,16,16,25,33,33,33,50,50,50],"damage_taken":[{"damage":0,"enemies":"conspire:RoseBush","floor":1,"turns":4},{"damage":7,"enemies":"Small Slimes","floor":5,"turns":4},{"damage":1,"enemies":"Lagavulin","floor":7,"turns":6},{"damage":4,"enemies":"3 Sentries","floor":10,"turns":6},{"damage":0,"enemies":"Cultist","floor":12,"turns":3},{"damage":14,"enemies":"Red Slaver","floor":13,"turns":2},{"damage":14,"enemies":"Gremlin Gang","floor":14,"turns":3},{"damage":0,"enemies":"Hexaghost","floor":16,"turns":9},{"damage":6,"enemies":"Shell Parasite","floor":18,"turns":3},{"damage":6,"enemies":"2 Thieves","floor":21,"turns":3},{"damage":0,"enemies":"Replay:Snechameleon","floor":23,"turns":4},{"damage":0,"enemies":"conspire:Head Lice","floor":25,"turns":5},{"damage":0,"enemies":"Snake Plant","floor":27,"turns":4},{"damage":8,"enemies":"Shelled Parasite and Fungi","floor":29,"turns":4},{"damage":2,"enemies":"Cultist and Chosen","floor":30,"turns":5},{"damage":14,"enemies":"Automaton","floor":33,"turns":6},{"damage":7,"enemies":"3 Shapes","floor":35,"turns":2},{"damage":0,"enemies":"3 Darklings","floor":37,"turns":2},{"damage":36,"enemies":"4 Shapes","floor":38,"turns":2},{"damage":0,"enemies":"Jaw Worm Horde","floor":39,"turns":3},{"damage":6,"enemies":"Mind Bloom Boss Battle","floor":41,"turns":3},{"damage":0,"enemies":"Nemesis","floor":42,"turns":1},{"damage":0,"enemies":"Reptomancer","floor":45,"turns":2},{"damage":0,"enemies":"3 Darklings","floor":46,"turns":2},{"damage":0,"enemies":"Giant Head","floor":47,"turns":3},{"damage":9,"enemies":"4 Shapes","floor":48,"turns":2},{"damage":54,"enemies":"conspire:OrnateMirror","floor":50,"turns":4}],"seed_played":"-8479153970584003932","potions_obtained":[{"floor":2,"key":"Weak Potion"},{"floor":2,"key":"Cursed Concoction"},{"floor":5,"key":"Fire Potion"},{"floor":10,"key":"BlessingOfTheForge"},{"floor":12,"key":"Weak Potion"},{"floor":13,"key":"LiquidMemories"},{"floor":18,"key":"Block Potion"},{"floor":23,"key":"Swift Potion"},{"floor":29,"key":"BlessingOfTheForge"},{"floor":31,"key":"RedTea"},{"floor":38,"key":"Dexterity Potion"},{"floor":45,"key":"CultistPotion"},{"floor":46,"key":"Milkshake"}],"is_trial":false,"path_per_floor":["M","?","$","?","M","R","E","R","T","E","?","M","M","M","R","B",null,"M","$","?","M","T","E","R","E","T","M","$","M","M","?","R","B",null,"M","?","M","M","M","R","?","E","T","?","E","M","E","M","R","B",null],"character_chosen":"THE_SERVANT","items_purchased":["SynthV","conspire:Banana","Moonlight","AT_ArchangelStaff"],"campfire_rested":4,"item_purchase_floors":[3,19,28,28],"current_hp_per_floor":[59,45,45,33,26,43,42,42,42,38,38,38,24,15,32,37,54,53,53,53,48,48,54,54,62,62,64,64,66,66,66,66,62,68,61,61,63,35,45,67,63,65,65,65,67,67,67,58,80,28],"gold":492,"neow_bonus":"ONE_RARE_RELIC","is_daily":false,"chose_seed":false,"campfire_upgraded":2,"win_rate":0.0,"timestamp":1610456603,"path_taken":["M","?","$","?","M","R","E","R","T","E","?","M","?","M","R","BOSS","M","$","?","?","?","E","R","E","T","M","?","M","?","?","R","BOSS","M","?","M","M","M","R","?","E","T","?","E","M","E","M","R","BOSS"],"items_purchased_type":["Relic","Card","Card","Relic"],"build_version":"2020-12-22","purchased_purges":2,"victory":true,"max_hp_per_floor":[59,59,59,59,59,59,59,59,59,59,59,59,59,59,59,59,59,59,59,59,60,60,61,61,62,62,64,64,66,68,68,68,70,70,70,70,72,72,74,74,76,78,78,78,80,80,80,80,80,82],"card_choices":[{"not_picked":["ShatteredReality","WasteNot","TimeWarp"],"picked":"SKIP","floor":1},{"not_picked":["Starlight","Contraction","Deadline","Defy"],"picked":"SilverBlades","floor":2},{"not_picked":["Revamp","Unruled","Sabotage","Rewind","TimeTheft"],"picked":"SKIP","floor":5},{"not_picked":["Rewind","Starlight","Potential","TimeWarp","Manipulate"],"picked":"SKIP","floor":7},{"not_picked":["ShatteredReality","ForgedInTime","FastForward","RealityMarble"],"picked":"Rearm","floor":10},{"not_picked":["Snipe","Rearm","TimeWarp","Replace","Collapse"],"picked":"SKIP","floor":12},{"not_picked":["BottledTime","Replace","TimeWarp","Ricochet"],"picked":"SpecialFormula","floor":13},{"not_picked":["Ricochet","FlawlessForm","DualDimension","StarChef","Unruled"],"picked":"SKIP","floor":14},{"not_picked":["FlawlessForm","LightFlow","SilverMatrix","Dilation"],"picked":"KillingDoll","floor":16},{"not_picked":["InstantArmor","Barrier","RealityMarble","ShiftingGears","ShatteredReality+1"],"picked":"SKIP","floor":18},{"not_picked":["Unruled+1","Deadline","Revamp+1","Rewind","Comet"],"picked":"SKIP","floor":21},{"not_picked":["Rearm","Revamp+1","Potential","FloweringNight","Defy"],"picked":"SKIP","floor":23},{"not_picked":["BottledTime","ForgedInTime","Defy","Luminosity","Revamp"],"picked":"SKIP","floor":25},{"not_picked":["Moonlight","ShatteredReality","Alleviate+1","Revamp","Potential"],"picked":"SKIP","floor":27},{"not_picked":["Reset+1","Initiator","Unruled","Spin"],"picked":"Sabotage","floor":29},{"not_picked":["Collapse+1","BottledTime+1","Revamp","Replace+1"],"picked":"Desolation","floor":30},{"not_picked":["BottledTime","Potential+1","Starlight","Spin"],"picked":"Gouge+1","floor":31},{"not_picked":["LightFlow","FloweringNight","Deny","Dilation"],"picked":"FlawlessForm","floor":33},{"not_picked":["Defy","WasteNot","DualDimension","FastForward+1","ShatteredReality"],"picked":"SKIP","floor":35},{"not_picked":["Rearm","StarChef+1","ShatteredReality","BestPractice","Rewind"],"picked":"SKIP","floor":37},{"not_picked":["Alleviate","Potential+1","BottledTime","TimeTheft","Rearm"],"picked":"SKIP","floor":38},{"not_picked":["Replace","TimeWarp","Starlight","Unruled","Initiator"],"picked":"SKIP","floor":39},{"not_picked":["Reset","Starlight","FanOfKnives","Barrier"],"picked":"Moondial","floor":42},{"not_picked":["Hightail","TimeWarp","ShatteredReality+1","Unruled+1"],"picked":"GearUp","floor":45},{"not_picked":["Luminosity","MoonPhase","ReturningBlade","Alleviate+1"],"picked":"SoulSculpture","floor":46},{"not_picked":["Gouge","Replace","Revamp","ShatteredReality+1","TimeWarp+1"],"picked":"SKIP","floor":47},{"not_picked":["Rearm+1","Potential+1","Rewind","ShatteredReality+1","StarChef+1"],"picked":"SKIP","floor":48}],"player_experience":201057,"relics_obtained":[{"floor":1,"key":"SynthV:TestCard"},{"floor":2,"key":"vexMod:FocusSash"},{"floor":7,"key":"Bag of Preparation"},{"floor":10,"key":"Quantum Egg"},{"floor":22,"key":"AT_SpeedBoots"},{"floor":23,"key":"vexMod:ConsolationPrize"},{"floor":25,"key":"Orichalcum"},{"floor":31,"key":"Omamori"},{"floor":41,"key":"Replay:Arrowhead"},{"floor":42,"key":"HornCleat"},{"floor":43,"key":"Broom"},{"floor":45,"key":"Oddly Smooth Stone"},{"floor":47,"key":"PreservedInsect"}],"event_choices":[{"damage_healed":0,"gold_gain":0,"player_choice":"Entered Light","damage_taken":12,"max_hp_gain":0,"max_hp_loss":0,"event_name":"Shining Light","floor":4,"gold_loss":0,"cards_upgraded":["Manipulate","Defend_S"]},{"damage_healed":0,"gold_gain":100,"player_choice":"Pray","damage_taken":0,"max_hp_gain":0,"max_hp_loss":0,"event_name":"Golden Shrine","floor":11,"gold_loss":0},{"damage_healed":0,"gold_gain":0,"player_choice":"Forge","damage_taken":0,"max_hp_gain":0,"max_hp_loss":0,"event_name":"Accursed Blacksmith","floor":20,"gold_loss":0,"cards_upgraded":["AT_Dispersion"]},{"damage_healed":0,"gold_gain":0,"player_choice":"Fight","damage_taken":0,"max_hp_gain":0,"max_hp_loss":0,"event_name":"MindBloom","floor":41,"gold_loss":0},{"damage_healed":0,"gold_gain":0,"player_choice":"Leave","damage_taken":0,"max_hp_gain":0,"max_hp_loss":0,"event_name":"conspire:Investor","floor":44,"gold_loss":0}],"is_beta":false,"boss_relics":[{"not_picked":["vexMod:RockOfEvil","SlaversCollar"],"picked":"ChiXiaoBlade"},{"not_picked":["xbg","Honey Jar"],"picked":"ShadowXiaoBlade"}],"items_purged_floors":[19,28],"is_endless":false,"potions_floor_spawned":[5,10,12,13,18,23,29,38,45,46,47,48],"ascension_level":5}}