{"host":"sav7uxregyirlf69","time":1610419080,"event":{"mods":["AchievementEnabler","BaseMod","Colored Map","DeckTracker","Keyboard Shortcuts","Minty Spire (QoL Compilation)","READ ME - Guardian Mod","StSLib","SuperFastMode"],"gold_per_floor":[119,119,131,131,146,146,221,221,247,266,300,318,318,14,14,14,14],"floor_reached":16,"playtime":205,"items_purged":["Strike_G"],"score":200,"play_id":"60eb6d5a-f644-4519-8e80-1693a7593a37","local_time":"20210112113800","is_ascension_mode":true,"campfire_choices":[{"data":"Dagger Spray","floor":6,"key":"SMITH"},{"data":"Neutralize","floor":8,"key":"SMITH"},{"floor":13,"key":"REST"},{"data":"Terror","floor":15,"key":"SMITH"}],"circlet_count":0,"master_deck":["AscendersBane","Strike_G","Strike_G","Strike_G","Defend_G","Defend_G","Defend_G","Defend_G","Defend_G","Survivor","Neutralize+1","Flying Knee","Dagger Spray+1","Dagger Throw","Noxious Fumes","Terror+1","Blade Dance"],"relics":["Ring of the Snake","Bag of Marbles","Centennial Puzzle","Pen Nib"],"acts_visited":["Exordium"],"potions_floor_usage":[11],"damage_taken":[{"damage":9,"enemies":"Cultist","floor":1,"turns":5},{"damage":0,"enemies":"2 Louse","floor":3,"turns":2},{"damage":4,"enemies":"Small Slimes","floor":5,"turns":3},{"damage":0,"enemies":"Looter","floor":10,"turns":1},{"damage":48,"enemies":"Lagavulin","floor":11,"turns":7},{"damage":15,"enemies":"Gremlin Gang","floor":12,"turns":3},{"damage":31,"enemies":"Slime Boss","floor":16,"turns":3}],"seed_played":"7884718319430555274","potions_obtained":[{"floor":3,"key":"SmokeBomb"},{"floor":5,"key":"ColorlessPotion"},{"floor":11,"key":"Weak Potion"}],"is_trial":false,"path_per_floor":["M","?","M","?","M","R","?","R","T","M","E","M","R","$","R","B"],"character_chosen":"THE_SILENT","items_purchased":["Pen Nib","Blade Dance"],"campfire_rested":1,"item_purchase_floors":[14,14],"current_hp_per_floor":[56,56,56,82,78,78,67,67,67,67,19,4,28,28,28,0,0],"gold":14,"neow_bonus":"TEN_PERCENT_HP_BONUS","is_daily":false,"chose_seed":false,"campfire_upgraded":3,"win_rate":0.0,"timestamp":1610419080,"path_taken":["M","?","M","?","?","R","?","R","T","M","E","M","R","$","R","BOSS"],"items_purchased_type":["Relic","Card"],"build_version":"2020-12-22","purchased_purges":1,"victory":false,"max_hp_per_floor":[72,72,72,82,82,82,82,82,82,82,82,82,82,82,82,82,82],"card_choices":[{"not_picked":["Cloak And Dagger","Acrobatics"],"picked":"Flying Knee","floor":1},{"not_picked":["Deflect","Concentrate"],"picked":"Dagger Spray","floor":3},{"not_picked":["Acrobatics","Blade Dance"],"picked":"Dagger Throw","floor":5},{"not_picked":["Tools of the Trade","Underhanded Strike"],"picked":"Noxious Fumes","floor":10},{"not_picked":["Blade Dance","Prepared"],"picked":"Terror","floor":11},{"not_picked":["Deflect","Distraction","Poisoned Stab"],"picked":"SKIP","floor":12}],"player_experience":1256975,"relics_obtained":[{"floor":9,"key":"Bag of Marbles"},{"floor":11,"key":"Centennial Puzzle"}],"event_choices":[{"damage_healed":0,"gold_gain":0,"cards_transformed":["Strike_G"],"player_choice":"Change","damage_taken":0,"max_hp_gain":0,"max_hp_loss":0,"event_name":"Living Wall","floor":2,"gold_loss":0,"cards_obtained":["Unload"]},{"cards_removed":["Unload"],"damage_healed":16,"gold_gain":0,"player_choice":"Offered Rare","damage_taken":0,"max_hp_gain":10,"max_hp_loss":0,"event_name":"Bonfire Elementals","floor":4,"gold_loss":0},{"damage_healed":0,"gold_gain":75,"player_choice":"Gather Gold","damage_taken":11,"max_hp_gain":0,"max_hp_loss":0,"event_name":"World of Goop","floor":7,"gold_loss":0}],"is_beta":false,"boss_relics":[],"items_purged_floors":[14],"is_endless":false,"potions_floor_spawned":[3,5,11],"killed_by":"Slime Boss","ascension_level":20}}