{"host":"ojme7g6xlqwffsso","time":1610460895,"event":{"mods":["Act Like it!","BaseMod","Downfall","Hermit","Infinite Spire","MarisaÅiñ∂âJÅ@ñÇóùçπÅj","Minty Spire (QoL Compilation)","Replay The Spire","Shop Mod","StSLib","The Alterego","The Cursed","The Hierophant","Yuri Mod"],"gold_per_floor":[114,131,25,37,37,37,72,72,124,150,150,150,150,168,168,297,297,297,297],"floor_reached":18,"playtime":608,"items_purged":[],"score":229,"play_id":"f747198c-c85a-44e6-a4c0-ef0e8e1c2784","local_time":"20210112231455","is_ascension_mode":true,"campfire_choices":[{"data":"yuri:ArmBrace","floor":6,"key":"SMITH"},{"data":"yuri:DeepBreathing","floor":8,"key":"SMITH"},{"data":"yuri:BlackTea","floor":12,"key":"SMITH"},{"data":"yuri:yuriQuickStrike","floor":15,"key":"SMITH"}],"circlet_count":0,"master_deck":["yuri:yuriStrike","yuri:yuriStrike","yuri:yuriStrike","yuri:yuriStrike","yuri:yuriStrike","yuri:yuriDefend","yuri:yuriDefend","yuri:yuriDefend","yuri:yuriDefend","yuri:yuriDefend","yuri:Oolong+1","yuri:yuriStab+1","yuri:yuriQuickStrike+1","yuri:MPose","yuri:HoldBack+1","yuri:DeepBreathing+1","yuri:ArmBrace+1","yuri:BookPurple","yuri:BlackTea+1","yuri:CalmingAura"],"relics":["yuri:BloodyKnife","Strawberry","Simple Rune","Juzu Bracelet","Golden Idol","Black Star"],"acts_visited":["Exordium","TheCity"],"potions_floor_usage":[14,16],"damage_taken":[{"damage":3,"enemies":"Cultist","floor":1,"turns":4},{"damage":1,"enemies":"2 Louse","floor":2,"turns":2},{"damage":1,"enemies":"Small Slimes","floor":4,"turns":4},{"damage":3,"enemies":"3 Sentries","floor":7,"turns":13},{"damage":1,"enemies":"Replay:BlueRogue","floor":10,"turns":8},{"damage":2,"enemies":"Gremlin Gang","floor":14,"turns":3},{"damage":12,"enemies":"The Guardian","floor":16,"turns":13},{"damage":1059,"enemies":"Spheric Guardian","floor":18,"turns":1}],"seed_played":"7631255538131200848","potions_obtained":[{"floor":2,"key":"BlessingOfTheForge"},{"floor":4,"key":"Death Potion"},{"floor":7,"key":"Explosive Potion"},{"floor":16,"key":"LifebloodPotion"}],"is_trial":false,"path_per_floor":["M","M","$","M","?","R","E","R","T","E","?","R","?","M","R","B",null,"M"],"character_chosen":"YURI","items_purchased":["yuri:HoldBack","yuri:DeepBreathing"],"campfire_rested":0,"item_purchase_floors":[3,3],"current_hp_per_floor":[77,80,80,80,64,64,75,75,75,81,81,81,60,65,65,60,87,0,0],"gold":297,"neow_bonus":"UPGRADE_CARD","is_daily":false,"chose_seed":false,"campfire_upgraded":4,"win_rate":0.0,"timestamp":1610460895,"path_taken":["M","?","$","?","?","R","E","R","T","E","?","R","?","M","R","BOSS","M"],"items_purchased_type":["Card","Card"],"build_version":"2020-12-22","purchased_purges":0,"victory":false,"max_hp_per_floor":[80,80,80,80,80,80,87,87,87,87,87,87,87,87,87,87,87,87,87],"card_choices":[{"not_picked":["yuri:TeaSet","yuri:Stare"],"picked":"yuri:yuriQuickStrike","floor":1},{"not_picked":["yuri:Skip","yuri:Stare"],"picked":"yuri:MPose","floor":2},{"not_picked":["yuri:yuriQuickStrike","yuri:MPose"],"picked":"yuri:ArmBrace","floor":4},{"not_picked":["yuri:SturdyUniform","yuri:Stare"],"picked":"yuri:BookPurple","floor":7},{"not_picked":["yuri:MPose","yuri:RecklessStrike"],"picked":"yuri:BlackTea","floor":10},{"not_picked":["yuri:ThrowBook","yuri:ArmBrace"],"picked":"yuri:CalmingAura","floor":14},{"not_picked":["yuri:GlitchRemove","yuri:GhostForm"],"picked":"yuri:Suicide","floor":16}],"player_experience":925531,"relics_obtained":[{"floor":7,"key":"Strawberry"},{"floor":9,"key":"Simple Rune"},{"floor":10,"key":"Juzu Bracelet"}],"event_choices":[{"damage_healed":0,"gold_gain":0,"player_choice":"Entered Light","damage_taken":16,"max_hp_gain":0,"max_hp_loss":0,"event_name":"Shining Light","floor":5,"gold_loss":0,"cards_upgraded":["yuri:yuriDefend","yuri:HoldBack"]},{"damage_healed":0,"gold_gain":0,"player_choice":"Forge","damage_taken":0,"max_hp_gain":0,"max_hp_loss":0,"event_name":"Accursed Blacksmith","floor":11,"gold_loss":0,"cards_upgraded":["yuri:yuriStab"]},{"damage_healed":0,"gold_gain":0,"player_choice":"Take Damage","damage_taken":21,"relics_obtained":["Golden Idol"],"max_hp_gain":0,"max_hp_loss":0,"event_name":"Golden Idol","floor":13,"gold_loss":0}],"is_beta":false,"boss_relics":[{"not_picked":["ReplayTheSpireMod:SealedPack","Snecko Heart"],"picked":"Black Star"}],"items_purged_floors":[],"is_endless":false,"potions_floor_spawned":[2,4,7,16],"killed_by":"Spheric Guardian","ascension_level":1}}