{"host":"m05ccpxu5tzpdfht","time":1610415244,"event":{"mods":["BaseMod","Marisa????????","Minty Spire (QoL Compilation)","Replay The Spire","Shop Mod","StSLib"],"gold_per_floor":[111,111,181,202,202,202,242,255,255,270,270,304,304,322,322,446,446,467,467,485,485,485,485,499,499,524,524,539,555,574,6,6,6,6],"floor_reached":33,"playtime":1081,"items_purged":["ReplayTheSpireMod:Restless Dread"],"score":448,"play_id":"45de626a-969c-4884-85f2-c452202dbf74","local_time":"20210111203404","is_ascension_mode":true,"campfire_choices":[{"data":"Zap","floor":6.0,"key":"SMITH"},{"floor":11.0,"key":"REST"},{"floor":13.0,"key":"REST"},{"data":"ReplayTheSpireMod:Calculation Training","floor":15.0,"key":"SMITH"},{"floor":23.0,"key":"REST"},{"floor":25.0,"key":"REST"},{"floor":32,"key":"REST"}],"circlet_count":0,"master_deck":["AscendersBane","Strike_B","Strike_B","Strike_B","Defend_B","Defend_B","Defend_B","Defend_B","Zap+1","Dualcast","Streamline","Gash","Streamline","ReplayTheSpireMod:Calculation Training+1","ReplayTheSpireMod:Omega Cannon","Genetic Algorithm","Sunder","ReplayTheSpireMod:Omega Cannon","Go for the Eyes","Streamline","ReplayTheSpireMod:Omega Cannon","Streamline","Decay","Capacitor","Melter","Leap+1","Impatience"],"relics":["Cracked Core","StoneCalendar","Golden Idol","Gremlin Horn","Turnip","Replay:Bottled Snecko","Replay:Bronze Core","MutagenicStrength","Bag of Preparation","Happy Flower","Divine Protection","Geode"],"acts_visited":["Exordium","TheCity"],"potions_floor_usage":[30,33],"damage_taken":[{"damage":9.0,"enemies":"Jaw Worm","floor":1.0,"turns":4.0},{"damage":4.0,"enemies":"2 Louse","floor":4.0,"turns":3.0},{"damage":16.0,"enemies":"Gremlin Nob","floor":7.0,"turns":4.0},{"damage":0.0,"enemies":"Small Slimes","floor":8.0,"turns":2.0},{"damage":12.0,"enemies":"Gremlin Gang","floor":10.0,"turns":5.0},{"damage":25.0,"enemies":"Lagavulin","floor":12.0,"turns":6.0},{"damage":0.0,"enemies":"2 Fungi Beasts","floor":14.0,"turns":1.0},{"damage":12.0,"enemies":"Fading Forest","floor":16.0,"turns":11.0},{"damage":47.0,"enemies":"Chosen","floor":18.0,"turns":5.0},{"damage":0.0,"enemies":"3 Byrds","floor":20.0,"turns":1.0},{"damage":14.0,"enemies":"Snake Plant","floor":24.0,"turns":2.0},{"damage":0.0,"enemies":"Sentry and Sphere","floor":28.0,"turns":1.0},{"damage":6.0,"enemies":"Snecko","floor":29.0,"turns":3.0},{"damage":11,"enemies":"Centurion and Healer","floor":30,"turns":3},{"damage":38,"enemies":"Pondfish","floor":33,"turns":6}],"seed_played":"2895253868727781756","potions_obtained":[{"floor":4.0,"key":"Block Potion"},{"floor":10.0,"key":"Doom Potion"},{"floor":24.0,"key":"Milkshake"},{"floor":29.0,"key":"DuplicationPotion"},{"floor":30,"key":"AttackPotion"}],"is_trial":false,"path_per_floor":["M","?","?","M","?","R","E","M","T","M","R","E","R","M","R","B",null,"M","?","M","?","?","R","M","R","T","?","M","M","M","$","R","B"],"character_chosen":"DEFECT","items_purchased":["Divine Protection","Geode","Impatience"],"campfire_rested":5,"item_purchase_floors":[31,31,31],"current_hp_per_floor":[59,42,42,38,38,38,22,22,22,10,30,5,25,25,25,21,56,9,9,9,9,9,29,15,35,35,35,35,29,18,18,38,0,0],"gold":6,"neow_bonus":"ONE_RARE_RELIC","is_daily":false,"chose_seed":false,"campfire_upgraded":2,"win_rate":0.0,"timestamp":1610415244,"path_taken":["M","?","?","M","?","R","E","?","T","M","R","E","R","M","R","BOSS","M","?","M","?","?","R","?","R","T","?","M","?","M","$","R","BOSS"],"items_purchased_type":["Relic","Relic","Card"],"build_version":"2020-12-22","purchased_purges":1,"victory":false,"max_hp_per_floor":[68,68,68,68,68,68,68,68,68,68,68,68,68,68,68,68,68,68,68,68,68,68,68,68,68,68,68,68,68,68,68,68,68,68],"card_choices":[{"not_picked":["Hologram","Reinforced Body"],"picked":"Streamline","floor":1.0},{"not_picked":["ReplayTheSpireMod:System Scan","BasicCrystalCard"],"picked":"Gash","floor":4.0},{"not_picked":["Compile Driver","Hologram"],"picked":"Streamline","floor":7.0},{"not_picked":["Rebound","Storm"],"picked":"ReplayTheSpireMod:Calculation Training","floor":8.0},{"not_picked":["White Noise","Conserve Battery"],"picked":"ReplayTheSpireMod:Omega Cannon","floor":10.0},{"not_picked":["Gash","Coolheaded"],"picked":"Genetic Algorithm","floor":12.0},{"not_picked":["Redo","Streamline"],"picked":"Sunder","floor":14.0},{"not_picked":["Reboot","Mirror Shield"],"picked":"ReplayTheSpireMod:Omega Cannon","floor":16.0},{"not_picked":["Consume","Stack"],"picked":"Go for the Eyes","floor":18.0},{"not_picked":["Sunder","Heatsinks+1"],"picked":"Streamline","floor":20.0},{"not_picked":["Hologram","Fusion"],"picked":"Streamline","floor":24.0},{"not_picked":["Redo","Streamline"],"picked":"Capacitor","floor":28.0},{"not_picked":["Rebound","Gash"],"picked":"Melter","floor":29.0},{"not_picked":["Tempest","Melter"],"picked":"Leap+1","floor":30}],"player_experience":658636,"relics_obtained":[{"floor":7.0,"key":"Gremlin Horn"},{"floor":9.0,"key":"Turnip"},{"floor":12.0,"key":"Replay:Bottled Snecko"},{"floor":26.0,"key":"Happy Flower"}],"event_choices":[{"damage_healed":0.0,"max_hp_gain":0.0,"max_hp_loss":0.0,"gold_gain":0.0,"event_name":"Golden Idol","player_choice":"Take Damage","floor":2.0,"gold_loss":0.0,"damage_taken":17.0,"relics_obtained":["Golden Idol"]},{"damage_healed":0.0,"max_hp_gain":0.0,"max_hp_loss":0.0,"gold_gain":70.0,"event_name":"Golden Wing","player_choice":"Gained Gold","floor":3.0,"gold_loss":0.0,"damage_taken":0.0},{"cards_removed":["Strike_B"],"damage_healed":0.0,"max_hp_gain":0.0,"max_hp_loss":0.0,"gold_gain":0.0,"event_name":"Purifier","player_choice":"Purged","floor":5.0,"gold_loss":0.0,"damage_taken":0.0},{"damage_healed":0.0,"max_hp_gain":0.0,"max_hp_loss":0.0,"gold_gain":0.0,"event_name":"Drug Dealer","player_choice":"Inject Mutagens","floor":19.0,"gold_loss":0.0,"damage_taken":0.0,"relics_obtained":["MutagenicStrength"]},{"damage_healed":0.0,"max_hp_gain":0.0,"max_hp_loss":0.0,"gold_gain":0.0,"event_name":"Duplicator","player_choice":"Copied","floor":22.0,"gold_loss":0.0,"damage_taken":0.0,"cards_obtained":["ReplayTheSpireMod:Omega Cannon"]},{"damage_healed":0.0,"max_hp_gain":0.0,"max_hp_loss":0.0,"gold_gain":0.0,"event_name":"Wheel of Change","player_choice":"Cursed","floor":27.0,"gold_loss":0.0,"damage_taken":0.0,"cards_obtained":["Decay"]}],"is_beta":false,"boss_relics":[{"not_picked":["Velvet Choker","Empty Cage"],"picked":"Replay:Bronze Core"}],"items_purged_floors":[31],"is_endless":false,"potions_floor_spawned":[4,10,24,29,30],"killed_by":"Pondfish","ascension_level":10}}