{"host":"6swbl1yqdi8v28pk","time":1610492385,"event":{"mods":["AchievementEnabler","BaseMod","Colored Map","Minty Spire (QoL Compilation)","Quick Restart"],"gold_per_floor":[110,56,73,148,148,183,183,218,243,255,294,319,331,359,371,486,498,526,558,570,605,617,629,655,667,730,543,577,596,521,571,571,672,672,691,41,41,59,77,77,89,89,134,134,134,152,187,187,187,187,187],"floor_reached":50,"language":"SPA","playtime":2653,"items_purged":["Defend_B","Strike_B"],"score":531,"play_id":"192eaae1-e515-4fa2-abed-59f286a2ee3e","local_time":"20210112165945","is_ascension_mode":false,"campfire_choices":[{"floor":7,"key":"REST"},{"floor":10,"key":"REST"},{"data":"Sunder","floor":13,"key":"SMITH"},{"data":"Dualcast","floor":15,"key":"SMITH"},{"data":"Zap","floor":23,"key":"SMITH"},{"data":"Fission","floor":25,"key":"SMITH"},{"data":"Consume","floor":32,"key":"SMITH"},{"data":"Creative AI","floor":40,"key":"SMITH"},{"data":"1","floor":42,"key":"LIFT"},{"floor":49,"key":"REST"}],"circlet_count":0,"master_deck":["Zap+1","Dualcast+1","Heatsinks","Leap","Darkness+1","Conserve Battery","Ball Lightning","Sunder+1","Consume+1","Self Repair","Hologram","Reinforced Body","Rainbow","BootSequence","Self Repair","Fission+1","Reinforced Body","Creative AI+1","Biased Cognition+1"],"relics":["Cracked Core","Art of War","Smiling Mask","MawBank","Gremlin Horn","Runic Pyramid","Juzu Bracelet","Regal Pillow","Omamori","Cursed Key","Bird Faced Urn","Girya","Boot","Shuriken"],"acts_visited":["Exordium","TheCity","TheBeyond"],"potions_floor_usage":[6,8,28,28,33,33,47,50,50],"damage_taken":[{"damage":0,"enemies":"Jaw Worm","floor":1,"turns":3},{"damage":2,"enemies":"Small Slimes","floor":3,"turns":4},{"damage":8,"enemies":"Lagavulin","floor":6,"turns":6},{"damage":14,"enemies":"Gremlin Nob","floor":8,"turns":4},{"damage":17,"enemies":"Lagavulin","floor":11,"turns":5},{"damage":0,"enemies":"Cultist","floor":12,"turns":3},{"damage":0,"enemies":"Large Slime","floor":14,"turns":5},{"damage":32,"enemies":"Hexaghost","floor":16,"turns":11},{"damage":19,"enemies":"3 Byrds","floor":18,"turns":5},{"damage":3,"enemies":"Chosen","floor":19,"turns":5},{"damage":12,"enemies":"Snake Plant","floor":24,"turns":6},{"damage":13,"enemies":"Book of Stabbing","floor":28,"turns":7},{"damage":0,"enemies":"Cultist and Chosen","floor":29,"turns":6},{"damage":42,"enemies":"Collector","floor":33,"turns":10},{"damage":25,"enemies":"3 Darklings","floor":35,"turns":6},{"damage":15,"enemies":"3 Shapes","floor":38,"turns":4},{"damage":12,"enemies":"3 Darklings","floor":39,"turns":5},{"damage":16,"enemies":"Jaw Worm Horde","floor":41,"turns":4},{"damage":0,"enemies":"Transient","floor":46,"turns":5},{"damage":52,"enemies":"Nemesis","floor":47,"turns":7},{"damage":86,"enemies":"Donu and Deca","floor":50,"turns":9}],"seed_played":"-3950925869857480062","potions_obtained":[{"floor":1,"key":"Weak Potion"},{"floor":3,"key":"BlessingOfTheForge"},{"floor":14,"key":"Swift Potion"},{"floor":24,"key":"GamblersBrew"},{"floor":29,"key":"Fire Potion"},{"floor":41,"key":"Explosive Potion"},{"floor":46,"key":"PowerPotion"},{"floor":47,"key":"Strength Potion"}],"is_trial":false,"path_per_floor":["M","$","M","?","?","E","R","E","T","R","E","M","R","M","R","B",null,"M","M","?","T","?","R","M","R","T","$","E","M","?","?","R","B",null,"M","$","?","M","M","R","M","R","T","?","?","M","E","?","R","B"],"character_chosen":"DEFECT","items_purchased":["Conserve Battery","AttackPotion","Weak Potion","Weak Potion","Bird Faced Urn","Girya"],"campfire_rested":3,"item_purchase_floors":[2,27,27,27,36,36],"current_hp_per_floor":[68,68,66,55,41,33,53,39,39,59,42,49,49,56,56,31,68,56,60,60,60,60,60,62,62,62,62,63,68,68,68,68,40,68,57,57,57,64,68,68,68,68,68,68,68,68,44,44,68,0,0],"gold":187,"neow_bonus":"TRANSFORM_TWO_CARDS","is_daily":false,"chose_seed":false,"campfire_upgraded":6,"win_rate":0.0,"timestamp":1610492385,"path_taken":["M","$","M","?","?","E","R","E","T","R","E","M","R","M","R","BOSS","M","M","?","?","?","R","M","R","T","$","E","M","?","?","R","BOSS","M","$","?","M","M","R","M","R","T","?","?","M","E","?","R","BOSS"],"items_purchased_type":["Card","Potion","Potion","Potion","Relic","Relic"],"build_version":"2020-12-22","purchased_purges":2,"victory":false,"max_hp_per_floor":[68,68,68,68,68,68,68,68,68,68,68,68,68,68,68,68,68,68,68,68,68,68,68,68,68,68,68,68,68,68,68,68,68,68,68,68,68,68,68,68,68,68,68,68,68,68,68,68,68,68,68],"card_choices":[{"not_picked":["Force Field","Steam"],"picked":"Darkness","floor":1},{"not_picked":["Redo","Doom and Gloom"],"picked":"Ball Lightning","floor":3},{"not_picked":["Genetic Algorithm","Hologram"],"picked":"Sunder","floor":6},{"not_picked":["Steam Power","Rebound"],"picked":"Consume","floor":8},{"not_picked":["Leap","Gash"],"picked":"Self Repair","floor":11},{"not_picked":["Gash","Barrage"],"picked":"Hologram","floor":12},{"not_picked":["Leap","Barrage"],"picked":"Reinforced Body","floor":14},{"not_picked":["Reboot","All For One"],"picked":"Rainbow","floor":16},{"not_picked":["Conserve Battery","Coolheaded+1"],"picked":"BootSequence","floor":18},{"not_picked":["Coolheaded","Barrage"],"picked":"Self Repair","floor":19},{"not_picked":["Darkness","Rebound","Coolheaded"],"picked":"SKIP","floor":24},{"not_picked":["Undo","Reboot","Force Field"],"picked":"SKIP","floor":28},{"not_picked":["Storm","BootSequence","Compile Driver"],"picked":"SKIP","floor":29},{"not_picked":["Hyperbeam","Amplify"],"picked":"Creative AI","floor":33},{"not_picked":["Leap","Beam Cell+1","Compile Driver+1"],"picked":"SKIP","floor":35},{"not_picked":["Hologram+1","Hello World"],"picked":"Biased Cognition","floor":38},{"not_picked":["Undo","Redo","Streamline"],"picked":"SKIP","floor":39},{"not_picked":["Ball Lightning","Double Energy","Gash"],"picked":"SKIP","floor":41},{"not_picked":["BootSequence","Leap","Blizzard+1"],"picked":"SKIP","floor":46},{"not_picked":["Skim+1","Go for the Eyes+1","Compile Driver"],"picked":"SKIP","floor":47}],"player_experience":130941,"relics_obtained":[{"floor":6,"key":"Art of War"},{"floor":8,"key":"Smiling Mask"},{"floor":9,"key":"MawBank"},{"floor":11,"key":"Gremlin Horn"},{"floor":21,"key":"Juzu Bracelet"},{"floor":26,"key":"Regal Pillow"},{"floor":28,"key":"Omamori"},{"floor":43,"key":"Boot"},{"floor":47,"key":"Shuriken"}],"event_choices":[{"damage_healed":0,"gold_gain":75,"player_choice":"Gather Gold","damage_taken":11,"max_hp_gain":0,"max_hp_loss":0,"event_name":"World of Goop","floor":4,"gold_loss":0},{"damage_healed":0,"gold_gain":0,"player_choice":"Entered Light","damage_taken":14,"max_hp_gain":0,"max_hp_loss":0,"event_name":"Shining Light","floor":5,"gold_loss":0,"cards_upgraded":["Darkness","Strike_B"]},{"damage_healed":0,"gold_gain":0,"cards_transformed":["Strike_B","Defend_B"],"player_choice":"Became Test Subject","damage_taken":0,"max_hp_gain":0,"max_hp_loss":0,"event_name":"Drug Dealer","floor":20,"gold_loss":0,"cards_obtained":["Fission","Reinforced Body"]},{"damage_healed":0,"gold_gain":0,"player_choice":"Ignored","damage_taken":0,"max_hp_gain":0,"max_hp_loss":0,"event_name":"Vampires","floor":22,"gold_loss":0},{"cards_removed":["Defend_B"],"damage_healed":0,"gold_gain":0,"player_choice":"Gave Gold","damage_taken":0,"max_hp_gain":0,"max_hp_loss":0,"event_name":"Beggar","floor":30,"gold_loss":75},{"damage_healed":0,"gold_gain":100,"player_choice":"Bet on Murderer","damage_taken":0,"max_hp_gain":0,"max_hp_loss":0,"event_name":"The Joust","floor":31,"gold_loss":50},{"cards_removed":["Strike_B"],"damage_healed":0,"gold_gain":0,"player_choice":"Removed Attack","damage_taken":0,"max_hp_gain":0,"max_hp_loss":0,"event_name":"Falling","floor":37,"gold_loss":0},{"damage_healed":0,"gold_gain":0,"player_choice":"Memory 1","damage_taken":0,"max_hp_gain":0,"max_hp_loss":0,"event_name":"SensoryStone","floor":44,"gold_loss":0},{"damage_healed":0,"gold_gain":0,"player_choice":"Forge","damage_taken":0,"max_hp_gain":0,"max_hp_loss":0,"event_name":"Accursed Blacksmith","floor":45,"gold_loss":0,"cards_upgraded":["Biased Cognition"]},{"damage_healed":0,"gold_gain":0,"player_choice":"Ignored","damage_taken":0,"max_hp_gain":0,"max_hp_loss":0,"event_name":"SecretPortal","floor":48,"gold_loss":0}],"is_beta":false,"boss_relics":[{"not_picked":["Tiny House","Astrolabe"],"picked":"Runic Pyramid"},{"not_picked":["Nuclear Battery","Coffee Dripper"],"picked":"Cursed Key"}],"items_purged_floors":[27,36],"is_endless":false,"potions_floor_spawned":[1,3,14,24,29,41,46,47],"killed_by":"Donu and Deca","ascension_level":0}}