{"host":"61xbmbtf5zrn7rzc","time":1610481281,"event":{"mods":["BaseMod","Challenge The Spire","Hubris","Minty Spire (QoL Compilation)","Replay The Spire","StSLib","SuperFastMode"],"gold_per_floor":[114,114,125,125,125,125,152,169,192,259,270,50,50,66,66,66,66],"floor_reached":16,"language":"ENG","playtime":541,"items_purged":[],"score":204,"play_id":"ba98625e-f85e-43d5-aa21-d501439c5d20","local_time":"20210112145441","daily_mods":["SealedDeck","Heirloom"],"is_ascension_mode":true,"campfire_choices":[{"data":"True Grit","floor":6,"key":"SMITH"},{"data":"Armaments","floor":13,"key":"SMITH"},{"data":"True Grit","floor":15,"key":"SMITH"}],"circlet_count":0,"master_deck":["AscendersBane","True Grit+1","Wild Strike","Wild Strike","Reckless Charge","Wild Strike","Iron Wave","Havoc","Havoc","Havoc","Armaments+1","True Grit+1","Juggernaut","Intimidate"],"relics":["Burning Blood","Ring of Chaos","FossilizedHelix","Eternal Feather","SsserpentHead","Blood Vial","Replay:Baseball","BargainBundle"],"acts_visited":["Exordium"],"potions_floor_usage":[16,16],"damage_taken":[{"damage":7,"enemies":"Small Slimes","floor":1,"turns":3},{"damage":0,"enemies":"Cultist","floor":3,"turns":3},{"damage":63,"enemies":"Gremlin Nob","floor":7,"turns":5},{"damage":0,"enemies":"2 Louse","floor":8,"turns":2},{"damage":4,"enemies":"Gremlin Gang","floor":10,"turns":5},{"damage":25,"enemies":"Exordium Thugs","floor":11,"turns":6},{"damage":1,"enemies":"2 Fungi Beasts","floor":14,"turns":3},{"damage":44,"enemies":"Fading Forest","floor":16,"turns":7}],"seed_played":"-5150370566358539976","potions_obtained":[{"floor":3,"key":"CultistPotion"},{"floor":8,"key":"FearPotion"}],"is_trial":true,"path_per_floor":["M","?","M","T","?","R","E","M","T","M","M","$","R","M","R","B"],"character_chosen":"IRONCLAD","items_purchased":["BargainBundle","BlessingOfTheForge","Intimidate"],"campfire_rested":0,"item_purchase_floors":[12,12,12],"current_hp_per_floor":[67,67,73,73,73,75,18,26,26,30,13,13,19,26,32,0,0],"gold":66,"neow_bonus":"","is_daily":false,"chose_seed":false,"campfire_upgraded":3,"win_rate":0.0,"timestamp":1610481281,"path_taken":["M","?","?","?","?","R","E","M","T","?","M","$","R","M","R","BOSS"],"items_purchased_type":["Relic","Potion","Card"],"build_version":"2020-12-22","purchased_purges":0,"victory":false,"max_hp_per_floor":[75,75,75,75,75,75,75,75,75,75,75,75,75,75,75,75,75],"card_choices":[{"not_picked":["Perfected Strike","Havoc"],"picked":"Armaments","floor":1},{"not_picked":["Clash","Armaments"],"picked":"True Grit","floor":3},{"not_picked":["Havoc","Seeing Red","hubris:SharpeningStone"],"picked":"SKIP","floor":7},{"not_picked":["Iron Wave","ReplayTheSpireMod:LeadingStrike","Blood for Blood"],"picked":"SKIP","floor":8},{"not_picked":["Cleave","Massacre","Iron Wave"],"picked":"SKIP","floor":10},{"not_picked":["Anger","Abandon"],"picked":"Juggernaut","floor":11},{"not_picked":["ReplayTheSpireMod:LeadingStrike","Wild Strike","Headbutt"],"picked":"SKIP","floor":14}],"player_experience":98308,"relics_obtained":[{"floor":4,"key":"Eternal Feather"},{"floor":7,"key":"Blood Vial"},{"floor":9,"key":"Replay:Baseball"}],"event_choices":[{"cards_removed":["Havoc"],"damage_healed":0,"gold_gain":0,"player_choice":"Card Removal","damage_taken":0,"max_hp_gain":0,"max_hp_loss":0,"event_name":"Wheel of Change","floor":2,"gold_loss":0},{"damage_healed":0,"gold_gain":0,"player_choice":"Trade","damage_taken":0,"relics_obtained":["SsserpentHead"],"max_hp_gain":0,"max_hp_loss":0,"event_name":"FaceTrader","floor":5,"gold_loss":0}],"is_beta":false,"boss_relics":[],"items_purged_floors":[],"is_endless":false,"potions_floor_spawned":[3,8,14],"killed_by":"Fading Forest","ascension_level":20}}