{"host":"opg65mucj6ra7dr1","time":1610439546,"event":{"mods":["BaseMod","DeckTracker","Keyboard Shortcuts","Minty Spire (QoL Compilation)","Permanent Neow","Quick Restart","everything is the same but u backflip on backflip"],"gold_per_floor":[117,64,79,99,99,134,134,134,184,184,33,67,17,38,38,162,162,178,178,192,192,207,247,247,297,297,322,322,366,10,34,34,164,164,187,196,221,236,270,270,317,32,32,32,56,95,5,28,28,28,28,28,28,66,66],"floor_reached":56,"playtime":2892,"items_purged":["Strike_G"],"score":1561,"play_id":"f37be931-71fa-4cf3-b7bf-c57835da50d3","local_time":"20210112171906","is_ascension_mode":true,"campfire_choices":[{"data":"Corpse Explosion","floor":7.0,"key":"SMITH"},{"data":"Leg Sweep","floor":15.0,"key":"SMITH"},{"data":"Deadly Poison","floor":24.0,"key":"SMITH"},{"floor":28.0,"key":"REST"},{"data":"Neutralize","floor":32.0,"key":"SMITH"},{"data":"Poisoned Stab","floor":40.0,"key":"SMITH"},{"floor":44.0,"key":"RECALL"},{"data":"Survivor","floor":49.0,"key":"SMITH"},{"data":"Outmaneuver","floor":52.0,"key":"SMITH"}],"circlet_count":0,"master_deck":["Strike_G","Strike_G+1","Defend_G+1","Defend_G","Survivor+1","Neutralize+1","Corpse Explosion+1","Deadly Poison+1","Deadly Poison+1","Outmaneuver+1","Poisoned Stab+1","Leg Sweep+1","Doppelganger+1","Poisoned Stab+1","Blur+1","Acrobatics+1","Backflip+1","Calculated Gamble+1","PiercingWail+1","Backflip+1","Blur+1","Blur+1","Prepared+1","Bouncing Flask+1"],"relics":["Ring of the Snake","Golden Idol","Potion Belt","Toxic Egg 2","Bag of Preparation","Frozen Egg 2","Black Star","Singing Bowl","Eternal Feather","Shuriken","CeramicFish","Unceasing Top","Bag of Marbles","Ornamental Fan","The Specimen","HoveringKite","Calipers","CaptainsWheel","Tough Bandages","Vajra","Meat on the Bone","StrikeDummy","Torii"],"acts_visited":["Exordium","TheCity","TheBeyond","TheEnding"],"potions_floor_usage":[55,55,55,55,55],"damage_taken":[{"damage":4.0,"enemies":"Jaw Worm","floor":1.0,"turns":8.0},{"damage":0.0,"enemies":"2 Louse","floor":3.0,"turns":1.0},{"damage":0.0,"enemies":"Small Slimes","floor":4.0,"turns":3.0},{"damage":14.0,"enemies":"3 Sentries","floor":6.0,"turns":3.0},{"damage":9.0,"enemies":"Lagavulin","floor":12.0,"turns":5.0},{"damage":0.0,"enemies":"Blue Slaver","floor":14.0,"turns":4.0},{"damage":13.0,"enemies":"The Guardian","floor":16.0,"turns":8.0},{"damage":3.0,"enemies":"2 Thieves","floor":18.0,"turns":3.0},{"damage":0.0,"enemies":"3 Byrds","floor":20.0,"turns":3.0},{"damage":24.0,"enemies":"Shelled Parasite and Fungi","floor":22.0,"turns":6.0},{"damage":18.0,"enemies":"Slavers","floor":23.0,"turns":2.0},{"damage":30.0,"enemies":"Book of Stabbing","floor":25.0,"turns":7.0},{"damage":3.0,"enemies":"Snake Plant","floor":27.0,"turns":5.0},{"damage":0.0,"enemies":"Gremlin Leader","floor":29.0,"turns":6.0},{"damage":0.0,"enemies":"Cultist and Chosen","floor":31.0,"turns":4.0},{"damage":33.0,"enemies":"Champ","floor":33.0,"turns":16.0},{"damage":8.0,"enemies":"3 Shapes","floor":35.0,"turns":3.0},{"damage":3.0,"enemies":"Orb Walker","floor":37.0,"turns":4.0},{"damage":0.0,"enemies":"3 Darklings","floor":38.0,"turns":3.0},{"damage":0.0,"enemies":"Spire Growth","floor":39.0,"turns":6.0},{"damage":28.0,"enemies":"Giant Head","floor":41.0,"turns":9.0},{"damage":6.0,"enemies":"Transient","floor":45.0,"turns":5.0},{"damage":0.0,"enemies":"Reptomancer","floor":46.0,"turns":7.0},{"damage":0.0,"enemies":"Writhing Mass","floor":48.0,"turns":6.0},{"damage":0.0,"enemies":"Awakened One","floor":50.0,"turns":20.0},{"damage":13.0,"enemies":"Shield and Spear","floor":54.0,"turns":5.0},{"damage":17,"enemies":"The Heart","floor":55,"turns":12}],"seed_played":"-3183647140426206439","potions_obtained":[{"floor":6.0,"key":"Explosive Potion"},{"floor":12.0,"key":"Ancient Potion"},{"floor":14.0,"key":"Energy Potion"},{"floor":16.0,"key":"Weak Potion"},{"floor":22.0,"key":"CunningPotion"},{"floor":27.0,"key":"SkillPotion"},{"floor":31.0,"key":"DistilledChaos"},{"floor":33.0,"key":"AttackPotion"},{"floor":35.0,"key":"LiquidMemories"},{"floor":37.0,"key":"CultistPotion"},{"floor":45.0,"key":"Ancient Potion"}],"is_trial":false,"path_per_floor":["M","$","M","M","?","E","R","?","T","?","$","E","?","M","R","B",null,"M","?","M","?","M","E","R","E","T","M","R","E","$","M","R","B",null,"M","?","M","M","M","R","E","$","T","R","M","E","?","M","R","B",null,"R","$","E","B",null],"character_chosen":"THE_SILENT","items_purchased":["Deadly Poison","Regen Potion","The Specimen","Calculated Gamble+1","PiercingWail+1","Tough Bandages"],"campfire_rested":1,"item_purchase_floors":[2,11,30,30,30,42],"current_hp_per_floor":[66,66,66,66,49,35,35,28,28,14,14,20,20,20,20,7,70,67,67,67,67,43,25,34,4,4,1,31,33,33,33,45,14,74,68,68,67,69,69,80,52,52,52,64,60,62,62,62,74,74,84,84,84,73,56],"gold":66,"neow_bonus":"TRANSFORM_CARD","is_daily":false,"chose_seed":false,"campfire_upgraded":7,"win_rate":0.0,"timestamp":1610439546,"path_taken":["M","$","M","M","?","E","R","?","T","?","$","E","?","M","R","BOSS","M","?","M","?","M","E","R","E","T","M","R","E","$","M","R","BOSS","M","?","?","M","?","R","E","$","T","R","M","E","?","M","R","BOSS","R","$","E","BOSS"],"items_purchased_type":["Card","Potion","Relic","Card","Card","Relic"],"build_version":"2020-12-22","purchased_purges":1,"victory":true,"max_hp_per_floor":[70,70,70,70,70,70,70,70,70,70,70,70,70,70,70,70,70,70,70,70,70,70,70,70,70,70,70,70,72,72,72,72,74,74,76,76,78,80,80,80,80,80,80,80,82,84,84,84,84,84,84,84,84,86,86],"card_choices":[{"not_picked":["Dodge and Roll","Cloak And Dagger"],"picked":"Deadly Poison","floor":1.0},{"not_picked":["Sucker Punch","Dodge and Roll"],"picked":"Outmaneuver","floor":3.0},{"not_picked":["Calculated Gamble","Flying Knee"],"picked":"Poisoned Stab","floor":4.0},{"not_picked":["Dagger Spray","Skewer"],"picked":"Leg Sweep","floor":6.0},{"not_picked":["Blade Dance+1","Underhanded Strike","Endless Agony"],"picked":"SKIP","floor":12.0},{"not_picked":["Predator","Dagger Throw","Cloak And Dagger+1"],"picked":"SKIP","floor":14.0},{"not_picked":["A Thousand Cuts+1","Wraith Form v2+1"],"picked":"Doppelganger+1","floor":16.0},{"not_picked":["Underhanded Strike","Slice","Dagger Throw+1"],"picked":"SKIP","floor":18.0},{"not_picked":["Flying Knee","Flechettes","Caltrops+1"],"picked":"SKIP","floor":20.0},{"not_picked":["Poisoned Stab+1","Flying Knee","Underhanded Strike"],"picked":"SKIP","floor":22.0},{"not_picked":["Flying Knee","Underhanded Strike"],"picked":"Poisoned Stab+1","floor":22.0},{"not_picked":["Dash","Eviscerate+1"],"picked":"Blur+1","floor":23.0},{"not_picked":["Predator","Terror+1"],"picked":"Acrobatics+1","floor":25.0},{"not_picked":["Leg Sweep+1","Underhanded Strike"],"picked":"Backflip+1","floor":27.0},{"not_picked":["Bane","Dagger Throw","Riddle With Holes"],"picked":"Singing Bowl","floor":29.0},{"not_picked":["Dagger Spray+1","Cloak And Dagger+1"],"picked":"Backflip+1","floor":31.0},{"not_picked":["Malaise+1","Night Terror+1","Glass Knife"],"picked":"Singing Bowl","floor":33.0},{"not_picked":["Blade Dance+1","Dagger Spray","Riddle With Holes"],"picked":"Singing Bowl","floor":35.0},{"not_picked":["Cloak And Dagger+1","Blade Dance+1","Skewer"],"picked":"Singing Bowl","floor":37.0},{"not_picked":["Escape Plan+1","Eviscerate","Backstab"],"picked":"Singing Bowl","floor":38.0},{"not_picked":["Deadly Poison+1","Quick Slash+1"],"picked":"Blur+1","floor":39.0},{"not_picked":["Acrobatics+1","Skewer"],"picked":"Prepared+1","floor":41.0},{"not_picked":["Blade Dance+1","Poisoned Stab","Outmaneuver+1"],"picked":"Singing Bowl","floor":45.0},{"not_picked":["Caltrops+1","Slice","Concentrate+1"],"picked":"Singing Bowl","floor":46.0},{"not_picked":["Phantasmal Killer+1","Dagger Throw"],"picked":"Bouncing Flask+1","floor":48.0},{"not_picked":["Masterful Stab","Slice","Predator+1"],"picked":"Singing Bowl","floor":54.0}],"player_experience":95493,"relics_obtained":[{"floor":6.0,"key":"Potion Belt"},{"floor":9.0,"key":"Bag of Preparation"},{"floor":12.0,"key":"Frozen Egg 2"},{"floor":23.0,"key":"Singing Bowl"},{"floor":23.0,"key":"Eternal Feather"},{"floor":25.0,"key":"Shuriken"},{"floor":25.0,"key":"CeramicFish"},{"floor":26.0,"key":"Unceasing Top"},{"floor":29.0,"key":"Bag of Marbles"},{"floor":29.0,"key":"Ornamental Fan"},{"floor":41.0,"key":"Calipers"},{"floor":41.0,"key":"CaptainsWheel"},{"floor":46.0,"key":"Vajra"},{"floor":46.0,"key":"Meat on the Bone"},{"floor":54.0,"key":"StrikeDummy"},{"floor":54.0,"key":"Torii"}],"event_choices":[{"damage_healed":0.0,"max_hp_gain":0.0,"max_hp_loss":0.0,"gold_gain":0.0,"event_name":"Golden Idol","player_choice":"Take Damage","floor":5.0,"gold_loss":0.0,"damage_taken":17.0,"relics_obtained":["Golden Idol"]},{"damage_healed":0.0,"max_hp_gain":0.0,"max_hp_loss":0.0,"gold_gain":0.0,"event_name":"Scrap Ooze","player_choice":"Success","floor":8.0,"gold_loss":0.0,"damage_taken":7.0,"relics_obtained":["Toxic Egg 2"]},{"damage_healed":0.0,"max_hp_gain":0.0,"max_hp_loss":0.0,"gold_gain":0.0,"event_name":"Shining Light","player_choice":"Entered Light","floor":10.0,"gold_loss":0.0,"damage_taken":14.0,"cards_upgraded":["Defend_G","Deadly Poison"]},{"cards_removed":["Strike_G"],"damage_healed":0.0,"max_hp_gain":0.0,"max_hp_loss":0.0,"gold_gain":0.0,"event_name":"The Cleric","player_choice":"Card Removal","floor":13.0,"gold_loss":50.0,"damage_taken":0.0},{"cards_removed":["Defend_G"],"damage_healed":0.0,"max_hp_gain":0.0,"max_hp_loss":0.0,"gold_gain":0.0,"event_name":"Back to Basics","player_choice":"Elegance","floor":19.0,"gold_loss":0.0,"damage_taken":0.0},{"damage_healed":0.0,"max_hp_gain":0.0,"max_hp_loss":0.0,"gold_gain":0.0,"event_name":"Cursed Tome","player_choice":"Ignored","floor":21.0,"gold_loss":0.0,"damage_taken":0.0},{"damage_healed":0.0,"max_hp_gain":0.0,"max_hp_loss":0.0,"gold_gain":0.0,"cards_transformed":["Defend_G"],"event_name":"Transmorgrifier","player_choice":"Transformed","floor":36.0,"gold_loss":0.0,"damage_taken":0.0,"cards_obtained":["Blur"]},{"cards_removed":["Defend_G"],"damage_healed":0.0,"max_hp_gain":0.0,"max_hp_loss":0.0,"gold_gain":0.0,"event_name":"Designer","player_choice":"Upgrade and Remove","floor":47.0,"gold_loss":90.0,"damage_taken":0.0,"cards_upgraded":["Strike_G"]}],"is_beta":false,"boss_relics":[{"not_picked":["Calling Bell","Sozu"],"picked":"Black Star"},{"not_picked":["SacredBark","WristBlade"],"picked":"HoveringKite"}],"items_purged_floors":[11],"is_endless":false,"potions_floor_spawned":[6,12,14,16,22,27,31,33,35,37,45,46],"ascension_level":3}}