{"host":"p5xt3w0m112lpjco","time":1610481939,"event":{"mods":["BaseMod","Colored Powertips","Hermit","Minty Spire (QoL Compilation)","Rare Cards Sparkle","StSLib","The Vixen"],"gold_per_floor":[110,120,139,151,166,191,201,217,243,260,260,290,10,39,39,144,144,157,176,194,194,18,18,32,32,106,118,134,134,162,77,77,173,173,192,205,205,205],"floor_reached":37,"language":"ENG","playtime":2162,"items_purged":[],"score":666,"play_id":"babc689c-6504-4e0f-9b27-93065fda4dd0","local_time":"20210112150539","is_ascension_mode":true,"campfire_choices":[{"floor":15.0,"key":"REST"},{"data":"Tantrum","floor":23.0,"key":"SMITH"},{"data":"Wallop","floor":29.0,"key":"SMITH"},{"floor":32.0,"key":"REST"}],"circlet_count":0,"master_deck":["Strike_P+1","Strike_P+1","Strike_P+1","Strike_P+1","Defend_P+1","Defend_P+1","Defend_P+1","Defend_P+1","Eruption","Vigilance","Tantrum+1","SandsOfTime","Evaluate","WreathOfFlame","EmptyFist","CutThroughFate","Consecrate","Study","WreathOfFlame","SpiritShield","Evaluate+1","BattleHymn","Tantrum","Tantrum","Wallop+1","Scrawl","Ragnarok","Blasphemy"],"relics":["PureWater","White Beast Statue","Anchor","Akabeko","Sundial","Membership Card","Pantograph","Dream Catcher","Philosopher\u0027s Stone","Shuriken","Mummified Hand","Pen Nib","Meat on the Bone","SacredBark"],"acts_visited":["TheBeyond"],"potions_floor_usage":[37,37,37],"damage_taken":[{"damage":5.0,"enemies":"Small Slimes","floor":1.0,"turns":4.0},{"damage":7.0,"enemies":"Jaw Worm","floor":2.0,"turns":3.0},{"damage":0.0,"enemies":"2 Louse","floor":3.0,"turns":1.0},{"damage":0.0,"enemies":"Looter","floor":4.0,"turns":2.0},{"damage":0.0,"enemies":"Large Slime","floor":5.0,"turns":5.0},{"damage":22.0,"enemies":"Lagavulin","floor":6.0,"turns":6.0},{"damage":2.0,"enemies":"3 Louse","floor":7.0,"turns":2.0},{"damage":0.0,"enemies":"Blue Slaver","floor":8.0,"turns":2.0},{"damage":9.0,"enemies":"Large Slime","floor":10.0,"turns":4.0},{"damage":18.0,"enemies":"Gremlin Nob","floor":12.0,"turns":3.0},{"damage":21.0,"enemies":"3 Sentries","floor":14.0,"turns":8.0},{"damage":40.0,"enemies":"The Guardian","floor":16.0,"turns":11.0},{"damage":3.0,"enemies":"Shell Parasite","floor":18.0,"turns":4.0},{"damage":7.0,"enemies":"3 Byrds","floor":19.0,"turns":5.0},{"damage":4.0,"enemies":"Snake Plant","floor":20.0,"turns":3.0},{"damage":2.0,"enemies":"Centurion and Healer","floor":24.0,"turns":2.0},{"damage":5.0,"enemies":"3 Cultists","floor":27.0,"turns":4.0},{"damage":0.0,"enemies":"Cultist and Chosen","floor":28.0,"turns":2.0},{"damage":17.0,"enemies":"Gremlin Leader","floor":30.0,"turns":3.0},{"damage":1.0,"enemies":"Automaton","floor":33.0,"turns":4.0},{"damage":12,"enemies":"3 Shapes","floor":35,"turns":6},{"damage":0,"enemies":"Orb Walker","floor":36,"turns":2},{"damage":86,"enemies":"Writhing Mass","floor":37,"turns":5}],"seed_played":"-4912970982472112993","potions_obtained":[{"floor":1.0,"key":"SteroidPotion"},{"floor":3.0,"key":"Energy Potion"},{"floor":6.0,"key":"PowerPotion"},{"floor":7.0,"key":"FairyPotion"},{"floor":8.0,"key":"EssenceOfSteel"},{"floor":12.0,"key":"Regen Potion"},{"floor":14.0,"key":"Explosive Potion"},{"floor":16.0,"key":"FearPotion"},{"floor":18.0,"key":"GamblersBrew"},{"floor":19.0,"key":"BlessingOfTheForge"},{"floor":20.0,"key":"BlessingOfTheForge"},{"floor":24.0,"key":"Explosive Potion"},{"floor":27.0,"key":"BottledMiracle"},{"floor":28.0,"key":"StancePotion"},{"floor":30.0,"key":"Fire Potion"},{"floor":33.0,"key":"Fruit Juice"},{"floor":35,"key":"PowerPotion"},{"floor":36,"key":"Strength Potion"}],"is_trial":false,"path_per_floor":["M","M","M","M","M","E","M","M","T","M","?","E","$","E","R","B",null,"M","M","M","?","$","R","M","?","T","M","M","R","E","?","R","B",null,"M","M","M"],"character_chosen":"WATCHER","items_purchased":["Membership Card","Pantograph","Shuriken","Tantrum","Wallop"],"campfire_rested":2,"item_purchase_floors":[13,13,22,22,22],"current_hp_per_floor":[67,60,60,60,60,38,36,36,36,27,24,6,6,23,46,31,67,64,57,53,53,53,53,51,51,51,46,46,46,29,29,52,76,78,66,66,0,0],"gold":205,"neow_bonus":"TEN_PERCENT_HP_BONUS","is_daily":false,"chose_seed":false,"campfire_upgraded":2,"win_rate":0.0,"timestamp":1610481939,"path_taken":["M","M","M","M","M","E","M","M","T","M","?","E","$","E","R","BOSS","M","M","M","?","$","R","M","?","T","M","M","R","E","?","R","BOSS","M","M","M"],"items_purchased_type":["Relic","Relic","Relic","Card","Card"],"build_version":"2020-12-22","purchased_purges":0,"victory":false,"max_hp_per_floor":[79,79,79,79,79,79,79,79,79,79,79,79,79,79,79,79,79,79,79,79,79,79,79,79,79,79,79,79,79,79,79,79,79,79,79,79,89,89],"card_choices":[{"not_picked":["BowlingBash","EmptyBody"],"picked":"Tantrum","floor":1.0},{"not_picked":["InnerPeace","Sanctity"],"picked":"SandsOfTime","floor":2.0},{"not_picked":["CutThroughFate","FlyingSleeves"],"picked":"Evaluate","floor":3.0},{"not_picked":["Evaluate","BowlingBash"],"picked":"WreathOfFlame","floor":4.0},{"not_picked":["Prostrate","ForeignInfluence"],"picked":"EmptyFist","floor":5.0},{"not_picked":["Worship","WheelKick"],"picked":"CutThroughFate","floor":6.0},{"not_picked":["Crescendo","PathToVictory"],"picked":"Consecrate","floor":7.0},{"not_picked":["BowlingBash","WindmillStrike","PathToVictory"],"picked":"SKIP","floor":8.0},{"not_picked":["ForeignInfluence","Crescendo"],"picked":"Study","floor":10.0},{"not_picked":["ReachHeaven","Halt"],"picked":"WreathOfFlame","floor":12.0},{"not_picked":["Vengeance","Wish","Prostrate"],"picked":"SKIP","floor":14.0},{"not_picked":["Omniscience","DevaForm"],"picked":"SpiritShield","floor":16.0},{"not_picked":["Worship","FollowUp"],"picked":"Evaluate+1","floor":18.0},{"not_picked":["FearNoEvil","SashWhip"],"picked":"BattleHymn","floor":19.0},{"not_picked":["Collect","ThirdEye","Evaluate"],"picked":"SKIP","floor":20.0},{"not_picked":["Study","Wish","ClearTheMind+1"],"picked":"SKIP","floor":24.0},{"not_picked":["Swivel","Crescendo","Wireheading"],"picked":"SKIP","floor":27.0},{"not_picked":["FlurryOfBlows","PathToVictory"],"picked":"Scrawl","floor":28.0},{"not_picked":["WheelKick+1","Prostrate"],"picked":"Ragnarok","floor":30.0},{"not_picked":["Devotion","LessonLearned"],"picked":"Blasphemy","floor":33.0},{"not_picked":["EmptyBody","FlurryOfBlows+1","Crescendo+1"],"picked":"SKIP","floor":35},{"not_picked":["EmptyMind+1","EmptyFist+1","EmptyBody"],"picked":"SKIP","floor":36}],"player_experience":842425,"relics_obtained":[{"floor":6.0,"key":"White Beast Statue"},{"floor":9.0,"key":"Anchor"},{"floor":12.0,"key":"Sundial"},{"floor":14.0,"key":"Dream Catcher"},{"floor":26.0,"key":"Mummified Hand"},{"floor":30.0,"key":"Pen Nib"}],"event_choices":[{"damage_healed":0.0,"max_hp_gain":0.0,"max_hp_loss":0.0,"gold_gain":0.0,"event_name":"Scrap Ooze","player_choice":"Success","floor":11.0,"gold_loss":0.0,"damage_taken":3.0,"relics_obtained":["Akabeko"]},{"damage_healed":0.0,"max_hp_gain":0.0,"max_hp_loss":0.0,"gold_gain":0.0,"event_name":"The Library","player_choice":"Read","floor":21.0,"gold_loss":0.0,"damage_taken":0.0,"cards_obtained":["Tantrum"]},{"damage_healed":0.0,"max_hp_gain":0.0,"max_hp_loss":0.0,"gold_gain":0.0,"event_name":"Back to Basics","player_choice":"Simplicity","floor":25.0,"gold_loss":0.0,"damage_taken":0.0,"cards_upgraded":["Strike_P","Strike_P","Strike_P","Strike_P","Defend_P","Defend_P","Defend_P","Defend_P"]},{"damage_healed":0.0,"max_hp_gain":0.0,"max_hp_loss":0.0,"gold_gain":0.0,"event_name":"Addict","player_choice":"Obtained Relic","floor":31.0,"gold_loss":85.0,"damage_taken":0.0,"relics_obtained":["Meat on the Bone"]}],"is_beta":false,"boss_relics":[{"not_picked":["Cursed Key","Fusion Hammer"],"picked":"Philosopher\u0027s Stone"},{"not_picked":["Busted Crown","Runic Pyramid"],"picked":"SacredBark"}],"items_purged_floors":[],"is_endless":false,"potions_floor_spawned":[1,3,6,7,8,10,12,14,16,18,19,20,24,27,28,30,33,35,36],"killed_by":"Writhing Mass","ascension_level":9}}