{"host":"1ewlj51w384ajcbv","time":1610441938,"event":{"mods":["BaseMod","Better Third Choice","Downfall","Minty Spire (QoL Compilation)","StSLib"],"gold_per_floor":[109,109,109,120,132,161,161,192,267,327,9,9,9,23,23,23,23],"floor_reached":16,"playtime":909,"items_purged":["Regret"],"score":108,"play_id":"b1f4701f-40c0-4386-a5c7-63116e9a55b0","local_time":"20210112005858","is_ascension_mode":false,"campfire_choices":[{"floor":12,"key":"REST"},{"floor":15,"key":"REST"}],"circlet_count":0,"master_deck":["Strike_G","Strike_G","Strike_G","Strike_G","Strike_G","Defend_G","Defend_G","Defend_G","Defend_G","Defend_G","Survivor","Neutralize","Slice","Strike_B","Masterful Stab","Flying Knee","PiercingWail","Escape Plan","Slice"],"relics":["Ring of the Snake","Vajra","Girya","Ancient Tea Set","Frozen Egg 2","Ninja Scroll","Bottled Flame","Gremlin Horn"],"acts_visited":["Exordium"],"potions_floor_usage":[16,16],"damage_taken":[{"damage":2,"enemies":"Jaw Worm","floor":1,"turns":4},{"damage":2,"enemies":"Small Slimes","floor":4,"turns":4},{"damage":0,"enemies":"Cultist","floor":5,"turns":3},{"damage":13,"enemies":"3 Sentries","floor":6,"turns":10},{"damage":45,"enemies":"Lagavulin","floor":8,"turns":7},{"damage":0,"enemies":"3 Louse","floor":14,"turns":1},{"damage":52,"enemies":"Slime Boss","floor":16,"turns":8}],"seed_played":"-1960553285636468958","potions_obtained":[{"floor":6,"key":"sneckomod:MuddlingPotion"},{"floor":14,"key":"Poison Potion"}],"is_trial":false,"path_per_floor":["M","?","?","M","M","E","?","E","T","?","$","R","T","M","R","B"],"character_chosen":"THE_SILENT","items_purchased":["Bottled Flame"],"campfire_rested":2,"item_purchase_floors":[11],"current_hp_per_floor":[68,68,68,66,66,53,53,8,8,8,8,29,29,29,50,0,0],"gold":23,"neow_bonus":"RANDOM_COMMON_RELIC","is_daily":false,"chose_seed":false,"campfire_upgraded":0,"win_rate":0.0,"timestamp":1610441938,"path_taken":["M","?","?","M","?","E","?","E","T","?","$","R","?","M","R","BOSS"],"items_purchased_type":["Relic"],"build_version":"2020-12-22","purchased_purges":1,"victory":false,"max_hp_per_floor":[70,70,70,70,70,70,70,70,70,70,70,70,70,70,70,70,70],"card_choices":[{"not_picked":["PiercingWail","Flying Knee"],"picked":"Slice","floor":1},{"not_picked":["Flechettes","PiercingWail"],"picked":"Masterful Stab","floor":4},{"not_picked":["Dagger Spray","Prepared"],"picked":"Flying Knee","floor":5},{"not_picked":["Blur","Underhanded Strike"],"picked":"PiercingWail","floor":6},{"not_picked":["Bane","Deadly Poison"],"picked":"Escape Plan","floor":8},{"not_picked":["Dash","Well Laid Plans+1"],"picked":"Slice","floor":14}],"player_experience":105463,"relics_obtained":[{"floor":6,"key":"Girya"},{"floor":8,"key":"Frozen Egg 2"},{"floor":9,"key":"Ninja Scroll"},{"floor":13,"key":"Gremlin Horn"}],"event_choices":[{"damage_healed":68,"gold_gain":0,"player_choice":"Embrace Burn","damage_taken":0,"max_hp_gain":0,"max_hp_loss":70,"event_name":"betterThird:BetterShining","floor":2,"gold_loss":0},{"cards_removed":["Burn"],"damage_healed":0,"gold_gain":0,"player_choice":"Took Card","damage_taken":0,"max_hp_gain":0,"max_hp_loss":0,"event_name":"NoteForYourself","floor":3,"gold_loss":0,"cards_obtained":["Strike_B"]},{"damage_healed":0,"gold_gain":0,"player_choice":"Box","damage_taken":0,"relics_obtained":["Ancient Tea Set"],"max_hp_gain":0,"max_hp_loss":0,"event_name":"Big Fish","floor":7,"gold_loss":0,"cards_obtained":["Regret"]},{"damage_healed":0,"gold_gain":60,"player_choice":"Gained Gold","damage_taken":0,"max_hp_gain":0,"max_hp_loss":0,"event_name":"Golden Wing","floor":10,"gold_loss":0}],"is_beta":false,"boss_relics":[],"items_purged_floors":[11],"is_endless":false,"potions_floor_spawned":[6,14],"killed_by":"Slime Boss","ascension_level":0}}