{"host":"uv231blk40vjdojr","time":1610482644,"event":{"mods":["AchievementEnabler","BaseMod","Bestiary","Minty Spire (QoL Compilation)","Relic Stats"],"gold_per_floor":[113,113,0,0,12,12,34,46,46,60,72,97,97,109,109,224,236,265,177,193,193,206,206,218,231,231,231,25,25,45,45,45,140,140,150,200,300,319,331,331,181,210,257,274,274,184,9,22,22,22],"floor_reached":51,"language":"ENG","playtime":2050,"items_purged":["Strike_R","Strike_R","Defend_R","Strike_R","Defend_R"],"score":754,"play_id":"6104fc51-f5fe-44f0-a1c1-abadd46ff6e8","local_time":"20210112211724","is_ascension_mode":false,"campfire_choices":[{"floor":6.0,"key":"DIG"},{"floor":13.0,"key":"DIG"},{"floor":15.0,"key":"DIG"},{"floor":23.0,"key":"DIG"},{"floor":27.0,"key":"DIG"},{"floor":32.0,"key":"DIG"},{"floor":40,"key":"DIG"},{"floor":45,"key":"DIG"},{"floor":49,"key":"DIG"}],"circlet_count":0,"master_deck":["Defend_R+1","Bash","Dropkick","Cleave","Disarm","Double Tap","Offering","Dropkick","Offering"],"relics":["Burning Blood","Shovel","White Beast Statue","Odd Mushroom","Kunai","Strawberry","TungstenRod","MawBank","SacredBark","Bottled Lightning","Magic Flower","Potion Belt","Bag of Marbles","SlaversCollar","Charon\u0027s Ashes","CaptainsWheel","Torii","PreservedInsect","Self Forming Clay","Ice Cream"],"acts_visited":["Exordium","TheCity","TheBeyond"],"potions_floor_usage":[50,50,50,50,50],"damage_taken":[{"damage":6.0,"enemies":"Cultist","floor":1.0,"turns":4.0},{"damage":0.0,"enemies":"2 Louse","floor":5.0,"turns":3.0},{"damage":28.0,"enemies":"The Mushroom Lair","floor":7.0,"turns":6.0},{"damage":5.0,"enemies":"Small Slimes","floor":8.0,"turns":3.0},{"damage":11.0,"enemies":"2 Fungi Beasts","floor":10.0,"turns":3.0},{"damage":32.0,"enemies":"Exordium Thugs","floor":11.0,"turns":4.0},{"damage":6.0,"enemies":"Gremlin Nob","floor":12.0,"turns":3.0},{"damage":9.0,"enemies":"Looter","floor":14.0,"turns":3.0},{"damage":23.0,"enemies":"The Guardian","floor":16.0,"turns":11.0},{"damage":13.0,"enemies":"Chosen","floor":18.0,"turns":5.0},{"damage":15.0,"enemies":"Shell Parasite","floor":20.0,"turns":8.0},{"damage":19.0,"enemies":"Sentry and Sphere","floor":22.0,"turns":9.0},{"damage":52.0,"enemies":"Shelled Parasite and Fungi","floor":24.0,"turns":8.0},{"damage":36.0,"enemies":"Centurion and Healer","floor":25.0,"turns":5.0},{"damage":25.0,"enemies":"Snecko","floor":30.0,"turns":4.0},{"damage":57.0,"enemies":"Champ","floor":33.0,"turns":8.0},{"damage":10.0,"enemies":"3 Darklings","floor":35.0,"turns":2.0},{"damage":10.0,"enemies":"Mind Bloom Boss Battle","floor":36.0,"turns":1.0},{"damage":11,"enemies":"Orb Walker","floor":38,"turns":2},{"damage":10,"enemies":"3 Darklings","floor":39,"turns":1},{"damage":10,"enemies":"Giant Head","floor":42,"turns":1},{"damage":48,"enemies":"Sphere and 2 Shapes","floor":44,"turns":4},{"damage":5,"enemies":"Maw","floor":48,"turns":1},{"damage":54,"enemies":"Time Eater","floor":50,"turns":10}],"seed_played":"-2051062487552012217","potions_obtained":[{"floor":1.0,"key":"SkillPotion"},{"floor":7.0,"key":"HeartOfIron"},{"floor":8.0,"key":"GamblersBrew"},{"floor":10.0,"key":"CultistPotion"},{"floor":11.0,"key":"DuplicationPotion"},{"floor":12.0,"key":"Fruit Juice"},{"floor":14.0,"key":"AttackPotion"},{"floor":16.0,"key":"CultistPotion"},{"floor":20.0,"key":"PowerPotion"},{"floor":22.0,"key":"BlessingOfTheForge"},{"floor":24.0,"key":"FairyPotion"},{"floor":25.0,"key":"BloodPotion"},{"floor":30.0,"key":"Ancient Potion"},{"floor":33.0,"key":"SpeedPotion"},{"floor":35.0,"key":"GamblersBrew"},{"floor":36.0,"key":"Dexterity Potion"},{"floor":38,"key":"ElixirPotion"},{"floor":42,"key":"Fire Potion"},{"floor":44,"key":"Weak Potion"}],"is_trial":false,"path_per_floor":["M","?","$","?","M","R","?","M","T","M","M","E","R","M","R","B",null,"M","$","M","?","M","R","M","M","T","R","$","?","M","$","R","B",null,"M","?","?","M","M","R","$","E","T","M","R","?","$","M","R","B",null],"character_chosen":"IRONCLAD","items_purchased":["Dropkick","Offering"],"campfire_rested":0,"item_purchase_floors":[3,28],"current_hp_per_floor":[80,68,68,73,79,79,57,58,58,53,27,39,39,36,36,19,97,90,90,81,81,68,68,22,57,57,57,57,57,86,86,86,38,97,96,95,95,93,92,92,92,91,91,52,52,52,52,56,56,11],"gold":22,"neow_bonus":"REMOVE_CARD","is_daily":false,"chose_seed":false,"campfire_upgraded":0,"win_rate":0.0,"timestamp":1610482644,"path_taken":["M","?","$","?","M","R","?","M","T","M","M","E","R","M","R","BOSS","M","$","M","?","M","R","?","M","T","R","$","?","M","?","R","BOSS","M","?","?","M","M","R","$","E","T","?","R","?","$","M","R","BOSS"],"items_purchased_type":["Card","Card"],"build_version":"2020-12-22","purchased_purges":5,"victory":true,"max_hp_per_floor":[80,80,80,85,85,85,85,85,85,85,85,97,97,97,97,97,97,97,97,97,97,97,97,97,97,97,97,97,97,97,97,97,97,97,97,97,97,97,97,97,97,97,97,97,97,97,97,97,97,97],"relic_stats":{"Shovel":9,"Torii":4,"counters":[24,109],"Self Forming Clay":[21],"Magic Flower":[37],"Charon\u0027s Ashes":[63],"PreservedInsect":0,"Kunai":[100],"MawBank":48,"obtain_stats":[{"Potion Belt":27,"Ice Cream":49,"Torii":42,"Self Forming Clay":45,"SacredBark":17,"Magic Flower":26,"Charon\u0027s Ashes":36,"PreservedInsect":43,"Odd Mushroom":7,"MawBank":15,"Burning Blood":0,"White Beast Statue":6,"SlaversCollar":34,"CaptainsWheel":40,"Shovel":2,"Strawberry":12,"Bag of Marbles":32,"Kunai":9,"Bottled Lightning":23,"TungstenRod":13},{"Potion Belt":14,"Ice Cream":23,"Torii":21,"Self Forming Clay":22,"SacredBark":9,"Magic Flower":14,"Charon\u0027s Ashes":18,"PreservedInsect":21,"Odd Mushroom":3,"MawBank":8,"Burning Blood":0,"White Beast Statue":2,"SlaversCollar":16,"CaptainsWheel":20,"Shovel":1,"Strawberry":7,"Bag of Marbles":15,"Kunai":4,"Bottled Lightning":12,"TungstenRod":7},{"Potion Belt":75,"Ice Cream":99,"Torii":94,"Self Forming Clay":98,"SacredBark":40,"Magic Flower":75,"Charon\u0027s Ashes":90,"PreservedInsect":94,"Odd Mushroom":13,"MawBank":29,"Burning Blood":0,"White Beast Statue":7,"SlaversCollar":87,"CaptainsWheel":93,"Shovel":4,"Strawberry":26,"Bag of Marbles":79,"Kunai":16,"Bottled Lightning":62,"TungstenRod":26}],"Burning Blood":174,"TungstenRod":81},"card_choices":[{"not_picked":["Rage","Heavy Blade","Body Slam"],"picked":"SKIP","floor":1.0},{"not_picked":["Armaments","Havoc","Pommel Strike"],"picked":"SKIP","floor":5.0},{"not_picked":["Rage","Headbutt"],"picked":"Cleave","floor":8.0},{"not_picked":["Warcry","Rampage","Shrug It Off"],"picked":"SKIP","floor":10.0},{"not_picked":["Shrug It Off","Searing Blow","Pommel Strike"],"picked":"SKIP","floor":11.0},{"not_picked":["Sword Boomerang","Body Slam","Disarm"],"picked":"SKIP","floor":12.0},{"not_picked":["Sword Boomerang","Body Slam"],"picked":"Disarm","floor":12.0},{"not_picked":["Searing Blow","Uppercut","Ghostly Armor"],"picked":"SKIP","floor":14.0},{"not_picked":["Barricade","Juggernaut"],"picked":"Double Tap","floor":16.0},{"not_picked":["Battle Trance+1","Perfected Strike+1","Armaments"],"picked":"SKIP","floor":18.0},{"not_picked":["Armaments","Havoc","Clash"],"picked":"SKIP","floor":20.0},{"not_picked":["Infernal Blade+1","Disarm","Ghostly Armor+1"],"picked":"SKIP","floor":22.0},{"not_picked":["Body Slam","Anger","Armaments"],"picked":"SKIP","floor":24.0},{"not_picked":["Warcry+1","Armaments","Inflame"],"picked":"SKIP","floor":25.0},{"not_picked":["Warcry","Headbutt","Metallicize"],"picked":"SKIP","floor":30.0},{"not_picked":["Impervious","Brutality"],"picked":"Offering","floor":33.0},{"not_picked":["Cleave","Clothesline","Wild Strike+1"],"picked":"SKIP","floor":35.0},{"not_picked":["Sword Boomerang+1","Flex+1","Pommel Strike"],"picked":"SKIP","floor":38},{"not_picked":["Sword Boomerang","Clash+1","Inflame"],"picked":"SKIP","floor":39},{"not_picked":["Wild Strike","Infernal Blade","Carnage"],"picked":"SKIP","floor":42},{"not_picked":["Sword Boomerang","Pummel","Flex+1"],"picked":"SKIP","floor":44},{"not_picked":["Uppercut+1","Sever Soul","Twin Strike+1"],"picked":"SKIP","floor":48}],"player_experience":672358,"relics_obtained":[{"floor":6.0,"key":"White Beast Statue"},{"floor":7.0,"key":"Odd Mushroom"},{"floor":9.0,"key":"Kunai"},{"floor":12.0,"key":"Strawberry"},{"floor":13.0,"key":"TungstenRod"},{"floor":15.0,"key":"MawBank"},{"floor":23.0,"key":"Bottled Lightning"},{"floor":26.0,"key":"Magic Flower"},{"floor":27.0,"key":"Potion Belt"},{"floor":32.0,"key":"Bag of Marbles"},{"floor":36.0,"key":"Charon\u0027s Ashes"},{"floor":40,"key":"CaptainsWheel"},{"floor":42,"key":"Torii"},{"floor":43,"key":"PreservedInsect"},{"floor":45,"key":"Self Forming Clay"},{"floor":49,"key":"Ice Cream"}],"event_choices":[{"damage_healed":0.0,"max_hp_gain":0.0,"max_hp_loss":0.0,"gold_gain":0.0,"event_name":"Scrap Ooze","player_choice":"Success","floor":2.0,"gold_loss":0.0,"damage_taken":12.0,"relics_obtained":["Shovel"]},{"damage_healed":0.0,"max_hp_gain":5.0,"max_hp_loss":0.0,"gold_gain":0.0,"event_name":"Big Fish","player_choice":"Donut","floor":4.0,"gold_loss":0.0,"damage_taken":0.0},{"damage_healed":0.0,"max_hp_gain":0.0,"max_hp_loss":0.0,"gold_gain":0.0,"event_name":"Mushrooms","player_choice":"Fought Mushrooms","floor":7.0,"gold_loss":0.0,"damage_taken":0.0},{"cards_removed":["Strike_R"],"damage_healed":0.0,"max_hp_gain":0.0,"max_hp_loss":0.0,"gold_gain":0.0,"event_name":"Bonfire Elementals","player_choice":"Offered Basic","floor":21.0,"gold_loss":0.0,"damage_taken":0.0},{"damage_healed":0.0,"max_hp_gain":0.0,"max_hp_loss":0.0,"gold_gain":0.0,"event_name":"Duplicator","player_choice":"Copied","floor":29.0,"gold_loss":0.0,"damage_taken":0.0,"cards_obtained":["Dropkick"]},{"damage_healed":0.0,"max_hp_gain":0.0,"max_hp_loss":0.0,"gold_gain":0.0,"event_name":"MindBloom","player_choice":"Fight","floor":36.0,"gold_loss":0.0,"damage_taken":0.0},{"damage_healed":0.0,"max_hp_gain":0.0,"max_hp_loss":0.0,"gold_gain":100.0,"event_name":"Golden Shrine","player_choice":"Pray","floor":37.0,"gold_loss":0.0,"damage_taken":0.0},{"cards_removed":["Strike_R"],"damage_healed":0,"gold_gain":0,"player_choice":"Upgrade and Remove","damage_taken":0,"max_hp_gain":0,"max_hp_loss":0,"event_name":"Designer","floor":46,"gold_loss":90,"cards_upgraded":["Defend_R"]}],"is_beta":false,"boss_relics":[{"not_picked":["Busted Crown","Runic Pyramid"],"picked":"SacredBark"},{"not_picked":["Black Blood","Tiny House"],"picked":"SlaversCollar"}],"items_purged_floors":[3,19,28,41,47],"is_endless":false,"potions_floor_spawned":[1,7,8,10,11,12,14,16,18,20,22,24,25,30,33,35,36,38,39,42,44,48],"ascension_level":0}}