{"host":"Ruben","time":1610487349,"event":{"mods":["AchievementEnabler","Aspiration","BaseMod","Better Altar","Better Match","Better Note","Better Sensory Stone","Better Skull","Better Third Choice","BetterRewards","Colored Map","Conspire","Downfall","GifTheSpireLib","Highlight Path","Hubris","Mimic Mod","Minty Spire (QoL Compilation)","Permanent Neow","Replay The Spire","Shop Mod","Spicy Shops","StSLib","Stuff the Spire","everything is the same but u backflip on backflip","slay the spire mod where everything is the same but ironclad has a cowboy hat"],"gold_per_floor":[116,149,35,0,75,93,93,128,151,51,51,51,79,96,96,201,201,219,233,233,58,18,47,58,58,104,119,119,27,27,27,27,123,173,192,192,206,2,20,20,38,38,38],"floor_reached":42,"playtime":2665,"items_purged":["Strike_B","Strike_B","Strike_B","Defend_B"],"score":472,"play_id":"291ffb6e-f3f1-4e57-b4c8-6ccd75af2800","local_time":"20210112223549","is_ascension_mode":false,"campfire_choices":[{"data":"Streamline","floor":7,"key":"SMITH"},{"floor":11,"key":"REST"},{"floor":15,"key":"REST"},{"floor":25,"key":"REST"},{"floor":30,"key":"REST"},{"floor":40,"key":"REST"}],"circlet_count":0,"master_deck":["Defend_B+1","Defend_B","Defend_B","Zap","Dualcast","Streamline+1","hubris:Ukulele","FIFO Queue","Enlightenment","Gash","Streamline","Machine Learning","Streamline","Gash","Ball Lightning","Sweeping Beam+1","Gash+1","Gash","Streamline","Rainbow","Turbo+1","Gash","Force Field"],"relics":["Cracked Core","aspiration:Nostalgia","PureWater","aspiration:FrozenJewel","Dream Catcher","StuffTheSpire:Gunfinga","StuffTheSpire:Experiment12","Busted Crown","NlothsMask","Nunchaku","Tiny House","Prayer Wheel"],"acts_visited":["Exordium","TheCity","TheBeyond"],"potions_floor_usage":[8,8,16,19,23,23,23,33,41,42,42,42],"damage_taken":[{"damage":3,"enemies":"2 Louse","floor":1,"turns":2},{"damage":4,"enemies":"conspire:MimicChest","floor":2,"turns":4},{"damage":0,"enemies":"Small Slimes","floor":6,"turns":2},{"damage":17,"enemies":"Lagavulin","floor":8,"turns":5},{"damage":28,"enemies":"Gremlin Nob","floor":13,"turns":4},{"damage":0,"enemies":"Cultist","floor":14,"turns":2},{"damage":31,"enemies":"The Guardian","floor":16,"turns":6},{"damage":19,"enemies":"2 Thieves","floor":18,"turns":3},{"damage":17,"enemies":"Shell Parasite","floor":19,"turns":4},{"damage":19,"enemies":"Book of Stabbing","floor":23,"turns":3},{"damage":0,"enemies":"Sentry and Sphere","floor":24,"turns":3},{"damage":26,"enemies":"Shelled Parasite and Fungi","floor":27,"turns":3},{"damage":25,"enemies":"Champ","floor":33,"turns":7},{"damage":18,"enemies":"3 Darklings","floor":35,"turns":6},{"damage":12,"enemies":"3 Shapes","floor":37,"turns":3},{"damage":30,"enemies":"Spire Growth","floor":39,"turns":4},{"damage":25,"enemies":"4 Shapes","floor":41,"turns":3},{"damage":38,"enemies":"Reptomancer","floor":42,"turns":5}],"seed_played":"-3022747810564415750","potions_obtained":[{"floor":2,"key":"BlessingOfTheForge"},{"floor":6,"key":"FocusPotion"},{"floor":14,"key":"LifebloodPotion"},{"floor":16,"key":"GamblersBrew"},{"floor":22,"key":"AttackPotion"},{"floor":22,"key":"ColorlessPotion"},{"floor":22,"key":"champ:CounterPotion"},{"floor":27,"key":"BlessingOfTheForge"},{"floor":34,"key":"Milkshake"},{"floor":36,"key":"FocusPotion"},{"floor":36,"key":"Dexterity Potion"},{"floor":37,"key":"GamblersBrew"},{"floor":41,"key":"Strength Potion"}],"is_trial":false,"path_per_floor":["M","?","$","?","?","M","R","E","T","$","R","?","E","M","R","B",null,"M","M","?","$","?","E","M","R","T","M","?","$","R","$","R_BF","B",null,"M","?","M","$","M","R","M","E"],"character_chosen":"DEFECT","items_purchased":["FIFO Queue","Sweeping Beam","Gash","Gash"],"campfire_rested":5,"item_purchase_floors":[3,21,29,38],"current_hp_per_floor":[72,68,68,74,63,63,63,46,46,46,70,70,42,42,66,35,81,62,45,45,45,45,26,26,50,50,24,24,24,48,48,72,47,86,68,68,56,56,26,51,26,0,0],"gold":38,"neow_bonus":"NOSTALGIA","is_daily":false,"chose_seed":false,"campfire_upgraded":1,"win_rate":0.0,"timestamp":1610487349,"path_taken":["M","?","$","?","?","M","R","E","T","$","R","?","E","?","R","BOSS","M","M","?","$","?","E","M","R","T","M","?","$","R","$","R_BF","BOSS","M","?","?","$","M","R","M","E"],"items_purchased_type":["Card","Card","Card","Card"],"build_version":"2020-12-18","purchased_purges":4,"victory":false,"max_hp_per_floor":[75,75,75,81,81,81,81,81,81,81,81,81,81,81,81,81,81,81,81,81,81,81,81,81,81,81,81,81,81,81,81,81,81,86,86,86,86,86,86,86,86,86,86],"card_choices":[{"not_picked":["Barrage","Redo"],"picked":"Streamline","floor":1},{"not_picked":["Cold Snap","Go for the Eyes"],"picked":"hubris:Ukulele","floor":2},{"not_picked":["ReplayTheSpireMod:Repulse","Sweeping Beam"],"picked":"Gash","floor":6},{"not_picked":["ReplaySort","Turbo"],"picked":"Streamline","floor":8},{"not_picked":["Time Bomb","Rebound"],"picked":"Machine Learning","floor":11},{"not_picked":["Chill","Go for the Eyes","Barrage"],"picked":"SKIP","floor":13},{"not_picked":["StuffTheSpire:LoadUp","Conserve Battery"],"picked":"Streamline","floor":14},{"not_picked":["Hologram","Compile Driver"],"picked":"Gash","floor":15},{"not_picked":["Hyperbeam","Core Surge"],"picked":"ReplayTheSpireMod:Fabricate Wheel","floor":16},{"not_picked":["Rebound"],"picked":"SKIP","floor":18},{"not_picked":[],"picked":"Ball Lightning","floor":19},{"not_picked":[],"picked":"Gash+1","floor":23},{"not_picked":["Rebound"],"picked":"SKIP","floor":24},{"not_picked":["Go for the Eyes"],"picked":"SKIP","floor":27},{"not_picked":[],"picked":"Streamline","floor":30},{"not_picked":[],"picked":"Rainbow","floor":33},{"not_picked":["Beam Cell+1"],"picked":"SKIP","floor":35},{"not_picked":["Go for the Eyes+1"],"picked":"SKIP","floor":35},{"not_picked":[],"picked":"Turbo+1","floor":37},{"not_picked":["Panic Button+1"],"picked":"SKIP","floor":37},{"not_picked":["Go for the Eyes+1"],"picked":"SKIP","floor":39},{"not_picked":["Creative AI"],"picked":"SKIP","floor":39},{"not_picked":[],"picked":"Force Field","floor":41},{"not_picked":["Rebound"],"picked":"SKIP","floor":41}],"player_experience":251383,"relics_obtained":[{"floor":2,"key":"aspiration:FrozenJewel"},{"floor":8,"key":"Dream Catcher"},{"floor":9,"key":"StuffTheSpire:Gunfinga"},{"floor":13,"key":"StuffTheSpire:Experiment12"},{"floor":23,"key":"Nunchaku"}],"event_choices":[{"damage_healed":0,"gold_gain":0,"player_choice":"RENOUNCE","damage_taken":35,"max_hp_gain":0,"max_hp_loss":0,"event_name":"betterThird:BetterSerpent","floor":4,"gold_loss":35,"cards_obtained":["Enlightenment"]},{"damage_healed":0,"gold_gain":75,"player_choice":"Gold","damage_taken":11,"max_hp_gain":0,"max_hp_loss":0,"event_name":"betterThird:BetterGoop","floor":5,"gold_loss":0},{"cards_removed":["Strike_B"],"damage_healed":0,"gold_gain":0,"player_choice":"Offered Basic","damage_taken":0,"max_hp_gain":0,"max_hp_loss":0,"event_name":"Bonfire Elementals","floor":12,"gold_loss":0},{"damage_healed":0,"gold_gain":0,"player_choice":"Trade","damage_taken":0,"relics_obtained":["NlothsMask"],"max_hp_gain":0,"max_hp_loss":0,"event_name":"FaceTrader","floor":20,"gold_loss":0},{"damage_healed":0,"gold_gain":0,"player_choice":"Bought 3 Potions","damage_taken":0,"max_hp_gain":0,"max_hp_loss":0,"event_name":"The Woman in Blue","floor":22,"gold_loss":0},{"damage_healed":0,"gold_gain":0,"player_choice":"Ignored","damage_taken":0,"max_hp_gain":0,"max_hp_loss":0,"event_name":"betterNote:BetterNote","floor":28,"gold_loss":0,"cards_obtained":["Worship"]},{"damage_healed":0,"gold_gain":0,"player_choice":"Got Potions","damage_taken":0,"max_hp_gain":0,"max_hp_loss":0,"event_name":"Lab","floor":36,"gold_loss":0}],"is_beta":true,"boss_relics":[{"not_picked":["Snecko Eye","Ring of Chaos"],"picked":"Busted Crown"},{"not_picked":["aspiration:PoetsPen_weak","hubris:CrackedHourglass"],"picked":"Tiny House"}],"items_purged_floors":[3,10,21,38],"is_endless":false,"potions_floor_spawned":[2,6,14,16,27,37,39,41],"killed_by":"Reptomancer","ascension_level":0}}