{"host":"eu5wvbbtjeiar27l","time":1610480753,"event":{"mods":["BaseMod","Colored Powertips","Conspire","Hubris","Infinite Spire","Minty Spire (QoL Compilation)","Rare Cards Sparkle","StSLib","The Factory","The Jungle","vexMod"],"gold_per_floor":[119,119,119,134,209,209,241,241,241,260,272,272,302,319,319,417,417,429,429,429,440,440,475,475,495,520,520,520],"floor_reached":27,"playtime":1071,"items_purged":["Strike_B"],"score":266,"play_id":"15e9cf75-05d6-4a2f-8c07-2c68b8253a8b","local_time":"20210112194553","is_ascension_mode":false,"campfire_choices":[{"data":"Zap","floor":6,"key":"SMITH"},{"data":"Streamline","floor":12,"key":"SMITH"},{"data":"Streamline","floor":15,"key":"SMITH"},{"data":"Dualcast","floor":24,"key":"SMITH"}],"circlet_count":0,"master_deck":["Strike_B","Strike_B","Strike_B","Defend_B","Defend_B","Defend_B","Defend_B","Zap+1","Dualcast+1","Barrage","Streamline+1","Streamline+1","Ball Lightning","Echo Form","Writhe","infinitespire:SevenWalls+1","Ball Lightning+1","Conserve Battery","Electrodynamics"],"relics":["Cracked Core","NeowsBlessing","hubris:Icosahedron","hubris:Towel","hubris:OldNail","Ginger","hubris:ToyBattleship","hubris:MysteriousPyramids","conspire:SpecialSausage","Molten Egg 2","hubris:MobiusCoin","Art of War","Ancient Tea Set"],"acts_visited":["Exordium","TheCity"],"potions_floor_usage":[16,27,27],"damage_taken":[{"damage":0,"enemies":"Jaw Worm","floor":1,"turns":1},{"damage":0,"enemies":"2 Louse","floor":4,"turns":1},{"damage":0,"enemies":"3 Sentries","floor":7,"turns":1},{"damage":0,"enemies":"Small Slimes","floor":10,"turns":2},{"damage":5,"enemies":"Looter","floor":11,"turns":2},{"damage":18,"enemies":"Gremlin Nob","floor":13,"turns":3},{"damage":0,"enemies":"Large Slime","floor":14,"turns":4},{"damage":22,"enemies":"The Guardian","floor":16,"turns":7},{"damage":15,"enemies":"3 Byrds","floor":18,"turns":4},{"damage":21,"enemies":"2 Thieves","floor":21,"turns":4},{"damage":1,"enemies":"Nightmare","floor":23,"turns":7},{"damage":10,"enemies":"Sentry and Sphere","floor":25,"turns":3},{"damage":10,"enemies":"Book of Stabbing","floor":27,"turns":1}],"seed_played":"4620754513152568099","potions_obtained":[{"floor":4,"key":"Strength Potion"},{"floor":10,"key":"EssenceOfSteel"},{"floor":14,"key":"AttackPotion"},{"floor":16,"key":"Weak Potion"}],"is_trial":false,"path_per_floor":["M","?","?","M","?","R","E","T","T","M","M","R","E","M","R","B",null,"M","?","?","M","AVR","NM","R","M","T","E"],"character_chosen":"DEFECT","items_purchased":[],"campfire_rested":0,"item_purchase_floors":[],"current_hp_per_floor":[75,75,75,75,64,64,64,64,64,64,59,59,41,41,41,19,75,60,60,41,20,20,19,19,9,9,0,0],"gold":520,"neow_bonus":"THREE_ENEMY_KILL","is_daily":false,"chose_seed":false,"campfire_upgraded":4,"win_rate":0.0,"timestamp":1610480753,"path_taken":["M","?","?","?","?","R","E","?","T","M","M","R","E","M","R","BOSS","M","?","?","M","AVR","NM","R","M","T","E"],"items_purchased_type":[],"build_version":"2020-12-22","purchased_purges":1,"victory":false,"max_hp_per_floor":[75,75,75,75,75,75,75,75,75,75,75,75,75,75,75,75,75,75,75,75,75,75,75,75,75,75,75,75],"card_choices":[{"not_picked":["conspire:Rain","Steam Power"],"picked":"Barrage","floor":1},{"not_picked":["Reinforced Body","Compile Driver"],"picked":"Streamline","floor":4},{"not_picked":["Hello World","Sweeping Beam","Beam Cell"],"picked":"SKIP","floor":7},{"not_picked":["Cold Snap","Chaos","Hologram"],"picked":"SKIP","floor":10},{"not_picked":["Melter","Stack"],"picked":"Streamline","floor":11},{"not_picked":["Hello World","Beam Cell"],"picked":"Ball Lightning","floor":13},{"not_picked":["Conserve Battery","Cold Snap"],"picked":"Echo Form","floor":14},{"not_picked":["Undo","Compile Driver","Chaos+1"],"picked":"SKIP","floor":18},{"not_picked":["hubris:Fate","infinitespire:Gouge"],"picked":"infinitespire:SevenWalls","floor":20},{"not_picked":["Leap","Conserve Battery+1"],"picked":"Ball Lightning+1","floor":21},{"not_picked":["Turbo","Darkness"],"picked":"Conserve Battery","floor":23},{"not_picked":["Steam","Sweeping Beam+1"],"picked":"Electrodynamics","floor":25}],"player_experience":119057,"relics_obtained":[{"floor":7,"key":"hubris:OldNail"},{"floor":8,"key":"Ginger"},{"floor":9,"key":"hubris:ToyBattleship"},{"floor":13,"key":"hubris:MysteriousPyramids"},{"floor":23,"key":"Art of War"},{"floor":26,"key":"Ancient Tea Set"}],"event_choices":[{"damage_healed":0,"gold_gain":75,"player_choice":"Gather Gold","damage_taken":11,"max_hp_gain":0,"max_hp_loss":0,"event_name":"World of Goop","floor":5,"gold_loss":0},{"damage_healed":0,"gold_gain":0,"player_choice":"Opened","damage_taken":0,"relics_obtained":["Molten Egg 2"],"max_hp_gain":0,"max_hp_loss":0,"event_name":"The Mausoleum","floor":19,"gold_loss":0,"cards_obtained":["Writhe"]}],"is_beta":false,"boss_relics":[{"not_picked":["vexMod:MysteryBossChallenge","Pandora\u0027s Box"],"picked":"conspire:SpecialSausage"}],"items_purged_floors":[22],"is_endless":false,"potions_floor_spawned":[4,10,14,16],"killed_by":"Book of Stabbing","ascension_level":0}}