{"host":"d66n7ln59ex8canu","time":1610427605,"event":{"mods":["AchievementEnabler","BaseMod","Colored Map","Minty Spire (QoL Compilation)","Quick Restart","StSLib"],"gold_per_floor":[119,119,119,69,89,114,114,114,192,526,546,565,416,428,428,533,533,543,560,401,401,401,401],"floor_reached":22,"playtime":546,"items_purged":[],"score":263,"play_id":"5f5bbacb-f817-4c94-8bcc-8b95df5c3f17","local_time":"20210112000005","is_ascension_mode":true,"campfire_choices":[{"data":"Poisoned Stab","floor":7,"key":"SMITH"},{"floor":15,"key":"REST"}],"circlet_count":0,"master_deck":["Strike_G+1","Strike_G+1","Strike_G+1","Strike_G+1","Strike_G+1","Defend_G+1","Defend_G+1","Defend_G+1","Defend_G+1","Survivor","Neutralize","Deflect","Deadly Poison","Poisoned Stab+1","Dagger Spray","Crippling Poison","Dagger Spray","Sucker Punch","Deflect","Bullet Time","Deadly Poison","Caltrops+1","Catalyst"],"relics":["Ring of the Snake","NeowsBlessing","Regal Pillow","Pen Nib","Pantograph","Old Coin","Membership Card","Black Star","Matryoshka"],"acts_visited":["Exordium","TheCity"],"potions_floor_usage":[16,16,22],"damage_taken":[{"damage":0,"enemies":"Cultist","floor":1,"turns":1},{"damage":0,"enemies":"Jaw Worm","floor":5,"turns":1},{"damage":0,"enemies":"Lagavulin","floor":6,"turns":1},{"damage":25,"enemies":"3 Sentries","floor":10,"turns":7},{"damage":2,"enemies":"2 Louse","floor":11,"turns":2},{"damage":6,"enemies":"Exordium Thugs","floor":12,"turns":3},{"damage":7,"enemies":"Looter","floor":14,"turns":3},{"damage":69,"enemies":"The Guardian","floor":16,"turns":12},{"damage":12,"enemies":"3 Byrds","floor":18,"turns":4},{"damage":34,"enemies":"Shell Parasite","floor":19,"turns":6},{"damage":29,"enemies":"Sentry and Sphere","floor":22,"turns":6}],"seed_played":"422177143195603057","potions_obtained":[{"floor":11,"key":"Weak Potion"},{"floor":12,"key":"GamblersBrew"},{"floor":14,"key":"DuplicationPotion"},{"floor":19,"key":"PowerPotion"}],"is_trial":false,"path_per_floor":["M","$","?","$","M","E","R","?","T","E","M","M","$","M","R","B",null,"M","M","$","?","M"],"character_chosen":"THE_SILENT","items_purchased":["Deadly Poison","Membership Card","Matryoshka","Catalyst"],"campfire_rested":1,"item_purchase_floors":[4,13,20,20],"current_hp_per_floor":[70,70,67,67,67,67,67,67,67,42,40,34,34,27,63,1,70,58,24,24,24,0,0],"gold":401,"neow_bonus":"THREE_ENEMY_KILL","is_daily":false,"chose_seed":false,"campfire_upgraded":1,"win_rate":0.0,"timestamp":1610427605,"path_taken":["M","?","?","$","M","E","R","?","T","E","M","M","$","M","R","BOSS","M","M","$","?","M"],"items_purchased_type":["Card","Relic","Relic","Card"],"build_version":"2020-12-22","purchased_purges":0,"victory":false,"max_hp_per_floor":[70,70,70,70,70,70,70,70,70,70,70,70,70,70,70,70,70,70,70,70,70,70,70],"card_choices":[{"not_picked":["Prepared","Blur"],"picked":"Deflect","floor":1},{"not_picked":["Prepared","Flying Knee"],"picked":"Poisoned Stab","floor":5},{"not_picked":["Finisher","Backflip"],"picked":"Dagger Spray","floor":6},{"not_picked":["Well Laid Plans","Blade Dance"],"picked":"Crippling Poison","floor":10},{"not_picked":["Acrobatics","Dagger Throw"],"picked":"Dagger Spray","floor":11},{"not_picked":["Acrobatics","Calculated Gamble"],"picked":"Sucker Punch","floor":12},{"not_picked":["Choke","Acrobatics"],"picked":"Deflect","floor":14},{"not_picked":["A Thousand Cuts","Glass Knife"],"picked":"Bullet Time","floor":16},{"not_picked":["Acrobatics","Infinite Blades"],"picked":"Deadly Poison","floor":18},{"not_picked":["Sucker Punch","Footwork"],"picked":"Caltrops+1","floor":19}],"player_experience":317992,"relics_obtained":[{"floor":6,"key":"Pen Nib"},{"floor":9,"key":"Pantograph"},{"floor":10,"key":"Old Coin"}],"event_choices":[{"damage_healed":0,"gold_gain":0,"player_choice":"Success","damage_taken":3,"relics_obtained":["Regal Pillow"],"max_hp_gain":0,"max_hp_loss":0,"event_name":"Scrap Ooze","floor":3,"gold_loss":0},{"cards_removed":["Defend_G"],"damage_healed":0,"gold_gain":0,"player_choice":"Offered Basic","damage_taken":0,"max_hp_gain":0,"max_hp_loss":0,"event_name":"Bonfire Elementals","floor":8,"gold_loss":0},{"damage_healed":0,"gold_gain":0,"player_choice":"Simplicity","damage_taken":0,"max_hp_gain":0,"max_hp_loss":0,"event_name":"Back to Basics","floor":21,"gold_loss":0,"cards_upgraded":["Strike_G","Strike_G","Strike_G","Strike_G","Strike_G","Defend_G","Defend_G","Defend_G","Defend_G"]}],"is_beta":false,"boss_relics":[{"not_picked":["Runic Pyramid","Runic Dome"],"picked":"Black Star"}],"items_purged_floors":[],"is_endless":false,"potions_floor_spawned":[11,12,14,19],"killed_by":"Sentry and Sphere","ascension_level":4}}