{"host":"rdkrwszfl07lpbj9","time":1610480572,"event":{"mods":["Act Like it!","Aspiration","BaseMod","Beaked The Cultist","Colored Powertips","Downfall","Friendly Minions","Hermit","Infinite Spire","Minty Spire (QoL Compilation)","Replay The Spire","StSLib","The Construct","The Elementalist","The Hierophant","The Jungle","The Marked","The Runesmith"],"gold_per_floor":[99,117,136,153,165,180,180,180,180,54,54,54,54,54,71,71,71,71],"floor_reached":16,"language":"ENG","playtime":1074,"items_purged":["champ:Strike"],"score":92,"play_id":"e76996e3-7eb2-4e1b-b9eb-51702d1e98fe","local_time":"20210112114252","is_ascension_mode":false,"campfire_choices":[{"data":"champ:Strike","floor":1,"key":"PURGE"},{"data":"champ:Taunt","floor":12,"key":"SMITH"}],"circlet_count":0,"master_deck":["champ:Strike","champ:Defend","champ:Defend","champ:Execute","champ:Taunt+1","champ:FanOfKnives","champ:CalledShot","champ:RecklessLeap","champ:GladiatorsShout","champ:EnragedBash+1"],"relics":["beaked:MendingPlumage","Replay:Baseball","infinitespire:Cubic Diamond","Divine Protection"],"acts_visited":["Exordium"],"potions_floor_usage":[],"damage_taken":[{"damage":10,"enemies":"Small Slimes","floor":2,"turns":5},{"damage":0,"enemies":"2 Louse","floor":3,"turns":3},{"damage":5,"enemies":"Jaw Worm","floor":4,"turns":4},{"damage":26,"enemies":"Large Slime","floor":5,"turns":7},{"damage":28,"enemies":"Red Slaver","floor":6,"turns":4},{"damage":31,"enemies":"downfall:FleeingMerchant","floor":10,"turns":4},{"damage":36,"enemies":"Exordium Thugs","floor":15,"turns":4},{"damage":116,"enemies":"downfall:Defect","floor":16,"turns":6}],"seed_played":"7471658476096669375","potions_obtained":[{"floor":3,"key":"GamblersBrew"},{"floor":6,"key":"EssenceOfSteel"},{"floor":15,"key":"Explosive Potion"}],"is_trial":false,"path_per_floor":["R","M","M","M","M","M","T","?","?","$","?","R","T","?","M","B"],"character_chosen":"THE_CHAMP","items_purchased":["champ:EnragedBash"],"campfire_rested":0,"item_purchase_floors":[10],"current_hp_per_floor":[81,76,76,76,63,55,55,63,63,63,63,63,63,63,68,0,0,0],"gold":71,"neow_bonus":"REMOVE_TWO","is_daily":false,"chose_seed":false,"campfire_upgraded":1,"win_rate":0.0,"timestamp":1610480572,"path_taken":["R","M","M","M","M","M","T","?","?","$","?","R","?","?","M","BOSS"],"items_purchased_type":["Card"],"build_version":"2020-12-22","purchased_purges":1,"victory":false,"max_hp_per_floor":[81,81,81,81,81,81,81,81,81,81,81,81,81,81,81,81,81,81],"card_choices":[{"not_picked":["champ:PerfectedStrike","champ:Haymaker"],"picked":"champ:FanOfKnives","floor":2},{"not_picked":["champ:BladeFlurry","champ:FightOn","champ:BerserkersShout"],"picked":"SKIP","floor":3},{"not_picked":["champ:BladeFlurry","champ:TornadoPunch"],"picked":"champ:CalledShot","floor":4},{"not_picked":["champ:Control","champ:StrikeOfGenius"],"picked":"champ:RecklessLeap","floor":5},{"not_picked":["champ:IronFortress","champ:AdrenalArmor"],"picked":"champ:GladiatorsShout","floor":6},{"not_picked":["champ:Riposte","champ:FocusedGladiator","champ:StanceDance"],"picked":"SKIP","floor":10},{"not_picked":["champ:Haymaker","champ:BerserkersShout","champ:Balance"],"picked":"SKIP","floor":15}],"player_experience":1005521,"relics_obtained":[{"floor":7,"key":"Replay:Baseball"},{"floor":13,"key":"Divine Protection"}],"event_choices":[{"damage_healed":0,"gold_gain":0,"player_choice":"Forge","damage_taken":0,"max_hp_gain":0,"max_hp_loss":0,"event_name":"Accursed Blacksmith","floor":14,"gold_loss":0,"cards_upgraded":["champ:EnragedBash"]}],"is_beta":false,"boss_relics":[],"items_purged_floors":[10],"is_endless":false,"potions_floor_spawned":[3,6,15],"killed_by":"downfall:Defect","ascension_level":0}}