{"host":"97k3n5kp0psabqmo","time":1610482292,"event":{"mods":["BaseMod","Colored Powertips","Ekko","Hubris","Minty Spire (QoL Compilation)","Replay The Spire","StSLib","The Wild Card"],"gold_per_floor":[117,136,156,156,156,156,180,180,180,180,232,251,251,266,266,291,291,417,417,440,217,241,264,264,304,323,323,350,350,211,211,6,6,6,130,130,149,149,172,196,215,215,240,240,240,240,260,285,285,285],"floor_reached":49,"language":"ENG","playtime":4238,"items_purged":["ekkoTheBoyWhoShatteredTime:Defend","ReplayTheSpireMod:Doomed","ekkoTheBoyWhoShatteredTime:Defend"],"score":451,"play_id":"3e9fc0c2-1a2f-4289-bc25-f7d177e22d02","local_time":"20210112151132","is_ascension_mode":false,"campfire_choices":[{"data":"ekkoTheBoyWhoShatteredTime:TimeMaster","floor":8,"key":"SMITH"},{"data":"theWildCard:Sakuya","floor":10,"key":"SMITH"},{"data":"ekkoTheBoyWhoShatteredTime:Dash","floor":13,"key":"SMITH"},{"data":"ekkoTheBoyWhoShatteredTime:SktSynergy","floor":15,"key":"SMITH"},{"floor":17,"key":"REST"},{"data":"ekkoTheBoyWhoShatteredTime:LevelUp","floor":27,"key":"SMITH"},{"data":"ekkoTheBoyWhoShatteredTime:TimeRecall","floor":31,"key":"SMITH"},{"data":"ekkoTheBoyWhoShatteredTime:RecallingPunch","floor":34,"key":"SMITH"},{"floor":42,"key":"REST"},{"data":"ekkoTheBoyWhoShatteredTime:CalmingWaves","floor":46,"key":"SMITH"}],"circlet_count":0,"master_deck":["ekkoTheBoyWhoShatteredTime:Strike","ekkoTheBoyWhoShatteredTime:Strike","ekkoTheBoyWhoShatteredTime:Strike","ekkoTheBoyWhoShatteredTime:Strike","ekkoTheBoyWhoShatteredTime:Strike","ekkoTheBoyWhoShatteredTime:TimeMaster+1","ekkoTheBoyWhoShatteredTime:Powered","ekkoTheBoyWhoShatteredTime:Dash+1","ekkoTheBoyWhoShatteredTime:WaitForKeyTiming+1","ekkoTheBoyWhoShatteredTime:FluidEnergy+1","ekkoTheBoyWhoShatteredTime:CalmingWaves+1","theWildCard:Sakuya+1","ekkoTheBoyWhoShatteredTime:NaggingBlow","ekkoTheBoyWhoShatteredTime:SktSynergy+1","ekkoTheBoyWhoShatteredTime:AfterimageBait","ekkoTheBoyWhoShatteredTime:GuinsoosRageblade+1","ekkoTheBoyWhoShatteredTime:Dash+1","ekkoTheBoyWhoShatteredTime:QuickBreak","ekkoTheBoyWhoShatteredTime:LichBane+1","ekkoTheBoyWhoShatteredTime:LevelUp+1","ekkoTheBoyWhoShatteredTime:AfterimageSetup+1","ekkoTheBoyWhoShatteredTime:TimeRecall+1","ekkoTheBoyWhoShatteredTime:TimeRecall","ekkoTheBoyWhoShatteredTime:RecallingPunch+1","ekkoTheBoyWhoShatteredTime:Discharge","ekkoTheBoyWhoShatteredTime:DefensiveStance+1","ekkoTheBoyWhoShatteredTime:WaitForKeyTiming+1","ekkoTheBoyWhoShatteredTime:AfterimageBait+1","ekkoTheBoyWhoShatteredTime:MicCheck+1"],"relics":["ekkoTheBoyWhoShatteredTime:zDriveResonance","NeowsBlessing","Golden Idol","MealTicket","Cursed Key","Guide Book","hubris:ToyBattleship","hubris:HollowSoul"],"acts_visited":["Exordium","TheCity","TheBeyond"],"potions_floor_usage":[7,18,22,35,35,47,49,49,49],"damage_taken":[{"damage":0,"enemies":"Small Slimes","floor":1,"turns":1},{"damage":0,"enemies":"Jaw Worm","floor":2,"turns":1},{"damage":0,"enemies":"2 Louse","floor":3,"turns":1},{"damage":16,"enemies":"Gremlin Gang","floor":7,"turns":8},{"damage":10,"enemies":"Exordium Thugs","floor":12,"turns":7},{"damage":0,"enemies":"Exordium Wildlife","floor":14,"turns":5},{"damage":4,"enemies":"Blue Slaver","floor":16,"turns":4},{"damage":7,"enemies":"Slime Boss","floor":18,"turns":15},{"damage":6,"enemies":"Spheric Guardian","floor":20,"turns":4},{"damage":3,"enemies":"3 Byrds","floor":22,"turns":5},{"damage":16,"enemies":"Snake Plant","floor":23,"turns":6},{"damage":6,"enemies":"Gremlin Leader","floor":25,"turns":5},{"damage":8,"enemies":"3 Cultists","floor":26,"turns":5},{"damage":19,"enemies":"Collector","floor":35,"turns":6},{"damage":13,"enemies":"3 Darklings","floor":37,"turns":6},{"damage":14,"enemies":"3 Shapes","floor":39,"turns":4},{"damage":15,"enemies":"Sphere and 2 Shapes","floor":40,"turns":3},{"damage":27,"enemies":"4 Shapes","floor":41,"turns":5},{"damage":0,"enemies":"Jaw Worm Horde","floor":43,"turns":4},{"damage":25,"enemies":"Transient","floor":47,"turns":5},{"damage":6,"enemies":"3 Darklings","floor":48,"turns":4},{"damage":22,"enemies":"Reptomancer","floor":49,"turns":2}],"seed_played":"-1215874710154689293","potions_obtained":[{"floor":1,"key":"Toxic Potion"},{"floor":3,"key":"Block Potion"},{"floor":12,"key":"CultistPotion"},{"floor":18,"key":"Swift Potion"},{"floor":25,"key":"Fire Potion"},{"floor":40,"key":"Ancient Potion"},{"floor":41,"key":"SpeedPotion"},{"floor":43,"key":"Regen Potion"},{"floor":47,"key":"Weak Potion"}],"is_trial":false,"path_per_floor":["M","M","M","?","PTL","PTL","M","R","?","R","T","M","R","M","R","M","R","B",null,"M","$","M","M","?","E","M","R","T","?","$","R","$","?","R","B",null,"M","$","M","M","M","R","M","?","T","R","M","M","E"],"character_chosen":"EKKO_THE_BOY_WHO_SHATTERED_TIME","items_purchased":["Guide Book","ekkoTheBoyWhoShatteredTime:TimeRecall","ekkoTheBoyWhoShatteredTime:RecallingPunch"],"campfire_rested":2,"item_purchase_floors":[21,30,32],"current_hp_per_floor":[78,78,78,59,59,59,43,43,43,43,43,33,33,33,33,29,52,45,78,72,78,75,59,59,53,45,45,45,45,60,60,75,75,75,56,78,65,78,64,49,22,45,45,45,45,45,35,29,0,0],"gold":285,"neow_bonus":"THREE_ENEMY_KILL","is_daily":false,"chose_seed":false,"campfire_upgraded":8,"win_rate":0.0,"timestamp":1610482292,"path_taken":["M","M","M","?","PTL","PTL","M","R","?","R","T","M","R","M","R","M","R","BOSS","M","$","M","M","?","E","M","R","T","?","$","R","?","?","R","BOSS","M","$","M","M","M","R","?","?","T","R","M","?","E"],"items_purchased_type":["Relic","Card","Card"],"build_version":"2020-12-22","purchased_purges":3,"victory":false,"max_hp_per_floor":[78,78,78,78,78,78,78,78,78,78,78,78,78,78,78,78,78,78,78,78,78,78,78,78,78,78,78,78,78,78,78,78,78,78,78,78,78,78,78,78,78,78,78,78,78,78,78,78,78,78],"card_choices":[{"not_picked":["ekkoTheBoyWhoShatteredTime:Disturblast","ekkoTheBoyWhoShatteredTime:Leap"],"picked":"ekkoTheBoyWhoShatteredTime:Dash","floor":1},{"not_picked":["ekkoTheBoyWhoShatteredTime:NaggingBlow","ekkoTheBoyWhoShatteredTime:NeedlesslyLargeRod"],"picked":"ekkoTheBoyWhoShatteredTime:WaitForKeyTiming","floor":2},{"not_picked":["ekkoTheBoyWhoShatteredTime:Dash","ekkoTheBoyWhoShatteredTime:TimeRecall"],"picked":"ekkoTheBoyWhoShatteredTime:FluidEnergy","floor":3},{"not_picked":["ekkoTheBoyWhoShatteredTime:IceBreak","ekkoTheBoyWhoShatteredTime:KneeNSwordCombo"],"picked":"ekkoTheBoyWhoShatteredTime:CalmingWaves","floor":7},{"not_picked":["ekkoTheBoyWhoShatteredTime:TimeRecall","ekkoTheBoyWhoShatteredTime:QuickBreak"],"picked":"ekkoTheBoyWhoShatteredTime:NaggingBlow","floor":12},{"not_picked":["ekkoTheBoyWhoShatteredTime:WaitForKeyTiming","ekkoTheBoyWhoShatteredTime:SpHit"],"picked":"ekkoTheBoyWhoShatteredTime:SktSynergy","floor":14},{"not_picked":["ekkoTheBoyWhoShatteredTime:Dash","ekkoTheBoyWhoShatteredTime:DodgeTraining"],"picked":"ekkoTheBoyWhoShatteredTime:AfterimageBait","floor":16},{"not_picked":["ekkoTheBoyWhoShatteredTime:ZhonyasHourglass","ekkoTheBoyWhoShatteredTime:SktSynergy"],"picked":"ekkoTheBoyWhoShatteredTime:GuinsoosRageblade","floor":18},{"not_picked":["ekkoTheBoyWhoShatteredTime:CommittedStrike","ekkoTheBoyWhoShatteredTime:Process"],"picked":"ekkoTheBoyWhoShatteredTime:Dash+1","floor":20},{"not_picked":["ekkoTheBoyWhoShatteredTime:Backtrack","ekkoTheBoyWhoShatteredTime:SneakHit"],"picked":"ekkoTheBoyWhoShatteredTime:QuickBreak","floor":22},{"not_picked":["ekkoTheBoyWhoShatteredTime:SpHit","ekkoTheBoyWhoShatteredTime:Greed"],"picked":"ekkoTheBoyWhoShatteredTime:LichBane+1","floor":23},{"not_picked":["ekkoTheBoyWhoShatteredTime:AfterimageDualStroke","ekkoTheBoyWhoShatteredTime:NaggingBlow"],"picked":"ekkoTheBoyWhoShatteredTime:LevelUp","floor":25},{"not_picked":["ekkoTheBoyWhoShatteredTime:Leap+1","ekkoTheBoyWhoShatteredTime:Resocharge"],"picked":"ekkoTheBoyWhoShatteredTime:AfterimageSetup+1","floor":26},{"not_picked":["ekkoTheBoyWhoShatteredTime:URF","ekkoTheBoyWhoShatteredTime:ZhonyasHourglass"],"picked":"ekkoTheBoyWhoShatteredTime:Discharge","floor":35},{"not_picked":["ekkoTheBoyWhoShatteredTime:HauntingGuise","ekkoTheBoyWhoShatteredTime:NaggingBlow","ekkoTheBoyWhoShatteredTime:AfterimageHit+1"],"picked":"SKIP","floor":37},{"not_picked":["ekkoTheBoyWhoShatteredTime:NaggingBlow","ekkoTheBoyWhoShatteredTime:AfterimageSetup+1","ekkoTheBoyWhoShatteredTime:HauntingGuise"],"picked":"SKIP","floor":39},{"not_picked":["ekkoTheBoyWhoShatteredTime:LoadUp","ekkoTheBoyWhoShatteredTime:AfterimageSetup"],"picked":"ekkoTheBoyWhoShatteredTime:DefensiveStance+1","floor":40},{"not_picked":["ekkoTheBoyWhoShatteredTime:AfterimageHit+1","ekkoTheBoyWhoShatteredTime:HauntingGuise"],"picked":"ekkoTheBoyWhoShatteredTime:WaitForKeyTiming+1","floor":41},{"not_picked":["ekkoTheBoyWhoShatteredTime:Greed+1","ekkoTheBoyWhoShatteredTime:Unleashed","ekkoTheBoyWhoShatteredTime:Leap"],"picked":"SKIP","floor":43},{"not_picked":["ekkoTheBoyWhoShatteredTime:Disturblast+1","ekkoTheBoyWhoShatteredTime:AfterimageSetup"],"picked":"ekkoTheBoyWhoShatteredTime:AfterimageBait+1","floor":47},{"not_picked":["ekkoTheBoyWhoShatteredTime:Dash","ekkoTheBoyWhoShatteredTime:NeedlesslyLargeRod"],"picked":"ekkoTheBoyWhoShatteredTime:MicCheck+1","floor":48}],"player_experience":24964,"relics_obtained":[{"floor":11,"key":"MealTicket"},{"floor":28,"key":"hubris:ToyBattleship"}],"event_choices":[{"damage_healed":0,"gold_gain":0,"player_choice":"Take Damage","damage_taken":19,"relics_obtained":["Golden Idol"],"max_hp_gain":0,"max_hp_loss":0,"event_name":"Golden Idol","floor":4,"gold_loss":0},{"damage_healed":0,"gold_gain":0,"player_choice":"Ignored","damage_taken":0,"max_hp_gain":0,"max_hp_loss":0,"event_name":"Vampires","floor":29,"gold_loss":0},{"cards_removed":["ekkoTheBoyWhoShatteredTime:Defend"],"damage_healed":0,"gold_gain":0,"player_choice":"Purged","damage_taken":0,"max_hp_gain":0,"max_hp_loss":0,"event_name":"Purifier","floor":33,"gold_loss":0},{"cards_removed":["ekkoTheBoyWhoShatteredTime:Defend"],"damage_healed":0,"gold_gain":0,"player_choice":"Purged","damage_taken":0,"max_hp_gain":0,"max_hp_loss":0,"event_name":"Purifier","floor":44,"gold_loss":0}],"is_beta":false,"boss_relics":[{"not_picked":["ReplayTheSpireMod:DimensionalGlitch","hubris:GrandSneckoEye"],"picked":"Cursed Key"},{"not_picked":["Replay:Drink Me","Velvet Choker"],"picked":"hubris:HollowSoul"}],"items_purged_floors":[21,30,32],"is_endless":false,"potions_floor_spawned":[1,3,12,18,25,40,41,43,47],"killed_by":"Reptomancer","ascension_level":0}}