{"host":"nkolxg4se00n20yf","time":1610459838,"event":{"mods":["BaseMod","CatGirl Mod","Chen","Colored Map","Colored Powertips","Downfall","Friendly Minions","Infinite Spire","Kiyohime????","Marisa????????","Minty Spire (QoL Compilation)","StSLib","Td1madao Mod","The Administrix","The Cursed","The Exalted","The Hierophant","The Servant 0.9.4"],"gold_per_floor":[411,411,430,28,38,38,73,73,96,96,124,133,168,151,151,261,261,286,143,166,166,189,189,189],"floor_reached":23,"playtime":768,"items_purged":[],"score":398,"play_id":"864279ac-bfa2-4268-9dff-b76fbca526c7","local_time":"20210112145718","is_ascension_mode":true,"campfire_choices":[{"data":"Zap","floor":6.0,"key":"SMITH"},{"floor":8.0,"key":"REST"},{"floor":10.0,"key":"REST"},{"data":"Sunder","floor":15.0,"key":"SMITH"}],"circlet_count":0,"master_deck":["AscendersBane","Strike_B+1","Strike_B","Strike_B+1","Defend_B","Defend_B","Defend_B","Defend_B","Zap+1","Dualcast","Aggregate","Rip and Tear","Rebound","Core Surge","Melter","Consume","Sunder+1","Coolheaded","Biased Cognition+1","Conserve Battery","Lockon","Go for the Eyes+1"],"relics":["Cracked Core","Old Coin","infinitespire:Lucky Rock","Pantograph","Akabeko","CeramicFish","Frozen Egg 2","Bromod:ArcaneEnergize","Frozen Eye"],"acts_visited":["Exordium","TheCity"],"potions_floor_usage":[],"damage_taken":[{"damage":2.0,"enemies":"2 Louse","floor":1.0,"turns":3.0},{"damage":7.0,"enemies":"Small Slimes","floor":3.0,"turns":3.0},{"damage":0.0,"enemies":"Cultist","floor":5.0,"turns":3.0},{"damage":30.0,"enemies":"Lagavulin","floor":7.0,"turns":5.0},{"damage":0.0,"enemies":"2 Fungi Beasts","floor":11.0,"turns":2.0},{"damage":20.0,"enemies":"3 Sentries","floor":13.0,"turns":5.0},{"damage":0.0,"enemies":"Slime Boss","floor":16.0,"turns":6.0},{"damage":0.0,"enemies":"Spheric Guardian","floor":18.0,"turns":1.0},{"damage":5.0,"enemies":"Chosen","floor":20.0,"turns":3.0},{"damage":19.0,"enemies":"3 Cultists","floor":22.0,"turns":5.0},{"damage":42,"enemies":"Slavers","floor":23,"turns":3}],"seed_played":"6277827400539708209","potions_obtained":[{"floor":3.0,"key":"LiquidMemories"},{"floor":5.0,"key":"GamblersBrew"},{"floor":20.0,"key":"EssenceOfDarkness"}],"is_trial":false,"path_per_floor":["M","?","M","$","M","R","E","R","T","R","M","?","E","$","R","B",null,"M","$","M","?","M","E"],"character_chosen":"DEFECT","items_purchased":["infinitespire:Lucky Rock","Pantograph","Coolheaded","Frozen Eye"],"campfire_rested":2,"item_purchase_floors":[4,4,14,19],"current_hp_per_floor":[66,52,45,45,45,45,15,35,35,55,55,55,35,35,35,60,66,66,66,61,49,30,0,0],"gold":189,"neow_bonus":"ONE_RARE_RELIC","is_daily":false,"chose_seed":false,"campfire_upgraded":2,"win_rate":0.0,"timestamp":1610459838,"path_taken":["M","?","M","$","M","R","E","R","T","R","M","?","E","$","R","BOSS","M","$","M","?","M","E"],"items_purchased_type":["Relic","Relic","Card","Relic"],"build_version":"2020-12-22","purchased_purges":0,"victory":false,"max_hp_per_floor":[68,68,68,68,68,68,68,68,68,68,68,68,68,68,68,68,68,68,68,68,73,73,73,73],"card_choices":[{"not_picked":["Steam","Blizzard"],"picked":"Aggregate","floor":1.0},{"not_picked":["Cold Snap","Coolheaded"],"picked":"Rip and Tear","floor":3.0},{"not_picked":["Compile Driver","Turbo"],"picked":"Rebound","floor":5.0},{"not_picked":["Hello World","Reprogram"],"picked":"Core Surge","floor":7.0},{"not_picked":["Darkness","Genetic Algorithm"],"picked":"Melter","floor":11.0},{"not_picked":["Cold Snap","Reprogram"],"picked":"Sunder","floor":13.0},{"not_picked":["Core Surge","Hyperbeam"],"picked":"Biased Cognition+1","floor":16.0},{"not_picked":["Chill","Tempest"],"picked":"Conserve Battery","floor":18.0},{"not_picked":["Beam Cell","Rebound"],"picked":"Lockon","floor":20.0},{"not_picked":["Compile Driver","Hologram"],"picked":"Go for the Eyes+1","floor":22.0}],"player_experience":1112788,"relics_obtained":[{"floor":7.0,"key":"Akabeko"},{"floor":9.0,"key":"CeramicFish"},{"floor":13.0,"key":"Frozen Egg 2"}],"event_choices":[{"damage_healed":0.0,"max_hp_gain":0.0,"max_hp_loss":0.0,"gold_gain":0.0,"event_name":"Shining Light","player_choice":"Entered Light","floor":2.0,"gold_loss":0.0,"damage_taken":14.0,"cards_upgraded":["Strike_B","Strike_B"]},{"damage_healed":0.0,"max_hp_gain":0.0,"max_hp_loss":0.0,"gold_gain":0.0,"cards_transformed":["Strike_B"],"event_name":"Transmorgrifier","player_choice":"Transformed","floor":12.0,"gold_loss":0.0,"damage_taken":0.0,"cards_obtained":["Consume"]},{"damage_healed":0.0,"max_hp_gain":5.0,"max_hp_loss":0.0,"gold_gain":0.0,"event_name":"Forgotten Altar","player_choice":"Shed Blood","floor":21.0,"gold_loss":0.0,"damage_taken":17.0}],"is_beta":false,"boss_relics":[{"not_picked":["Astrolabe","Coffee Dripper"],"picked":"Bromod:ArcaneEnergize"}],"items_purged_floors":[],"is_endless":false,"potions_floor_spawned":[3,5,20],"killed_by":"Slavers","ascension_level":12}}