{"host":"wha9hktbkslqvblg","time":1610462217,"event":{"mods":["BaseMod","Colored Map","Minty Spire (QoL Compilation)","Relic Stats","SuperFastMode","everything is the same but u backflip on backflip"],"gold_per_floor":[114,128,128,203,34,68,68,96,134,146,158,197,227,255,267,352,364,376,398,410,440,209,209,41,41,68,68,83,83,83,112,112,112,112],"floor_reached":33,"playtime":606,"items_purged":["Defend_P"],"score":712,"play_id":"ecba6e04-a08b-46a7-89c3-c1462abbbe4b","local_time":"20210112233657","is_ascension_mode":true,"campfire_choices":[{"data":"Eruption","floor":7.0,"key":"SMITH"},{"floor":11.0,"key":"REST"},{"data":"FollowUp","floor":15.0,"key":"SMITH"},{"data":"BowlingBash","floor":23,"key":"SMITH"},{"floor":32,"key":"REST"}],"circlet_count":0,"master_deck":["AscendersBane","Strike_P+1","Strike_P+1","Defend_P","Defend_P+1","Defend_P","Eruption+1","Vigilance","LessonLearned+1","FollowUp+1","Vault+1","BowlingBash+1","CarveReality","CutThroughFate","MentalFortress"],"relics":["PureWater","NeowsBlessing","Regal Pillow","Medical Kit","PreservedInsect","MawBank","Bag of Preparation","Sozu","Boot","TheAbacus","ClockworkSouvenir","Toy Ornithopter","Lantern"],"acts_visited":["Exordium","TheCity"],"potions_floor_usage":[21],"damage_taken":[{"damage":0.0,"enemies":"Cultist","floor":1.0,"turns":1.0},{"damage":0.0,"enemies":"2 Louse","floor":2.0,"turns":1.0},{"damage":0.0,"enemies":"3 Sentries","floor":6.0,"turns":2.0},{"damage":0.0,"enemies":"Lagavulin","floor":8.0,"turns":3.0},{"damage":12.0,"enemies":"3 Sentries","floor":12.0,"turns":5.0},{"damage":2.0,"enemies":"Small Slimes","floor":13.0,"turns":2.0},{"damage":0.0,"enemies":"Red Slaver","floor":14.0,"turns":1.0},{"damage":19.0,"enemies":"Hexaghost","floor":16.0,"turns":8.0},{"damage":0.0,"enemies":"2 Thieves","floor":18.0,"turns":1.0},{"damage":14.0,"enemies":"Shell Parasite","floor":19.0,"turns":4.0},{"damage":10,"enemies":"Snecko","floor":21,"turns":6},{"damage":11,"enemies":"Cultist and Chosen","floor":28,"turns":3},{"damage":0,"enemies":"Gremlin Leader","floor":31,"turns":1},{"damage":33,"enemies":"Champ","floor":33,"turns":6}],"seed_played":"-5309765304955874866","potions_obtained":[{"floor":1.0,"key":"SmokeBomb"},{"floor":2.0,"key":"SteroidPotion"},{"floor":8.0,"key":"SteroidPotion"},{"floor":13.0,"key":"StancePotion"},{"floor":16.0,"key":"SteroidPotion"}],"is_trial":false,"path_per_floor":["M","M","?","?","$","E","R","E","T","?","R","E","M","M","R","B",null,"M","M","T","M","$","R","$","?","T","?","M","?","$","E","R","B"],"character_chosen":"WATCHER","items_purchased":["Medical Kit","TheAbacus","ClockworkSouvenir"],"campfire_rested":2,"item_purchase_floors":[5,22,24],"current_hp_per_floor":[61,61,35,24,24,24,24,24,24,24,59,47,45,45,45,26,58,58,44,44,34,34,34,34,34,34,34,23,23,23,23,58,25,25],"gold":112,"neow_bonus":"THREE_ENEMY_KILL","is_daily":false,"chose_seed":false,"campfire_upgraded":3,"win_rate":0.0,"timestamp":1610462217,"path_taken":["M","M","?","?","$","E","R","E","T","?","R","E","M","M","R","BOSS","M","M","?","M","?","R","$","?","T","?","?","?","?","E","R","BOSS"],"items_purchased_type":["Relic","Relic","Relic"],"build_version":"2020-12-22","purchased_purges":1,"victory":false,"max_hp_per_floor":[68,68,68,68,68,68,68,68,68,68,68,68,68,68,68,68,68,68,68,68,68,68,68,68,68,68,68,68,68,68,68,68,68,68],"relic_stats":{"Sozu":3,"Regal Pillow":30,"TheAbacus":[18],"counters":[14,44],"PreservedInsect":111,"Bag of Preparation":[18],"Medical Kit":[4],"MawBank":168,"Boot":[0],"obtain_stats":[{"Regal Pillow":3,"Lantern":31,"NeowsBlessing":0,"PreservedInsect":6,"Bag of Preparation":12,"Medical Kit":5,"MawBank":8,"Boot":20,"ClockworkSouvenir":24,"Sozu":17,"TheAbacus":22,"PureWater":0,"Toy Ornithopter":26},{"Regal Pillow":2,"Lantern":13,"NeowsBlessing":0,"PreservedInsect":3,"Bag of Preparation":5,"Medical Kit":2,"MawBank":4,"Boot":10,"ClockworkSouvenir":11,"Sozu":8,"TheAbacus":11,"PureWater":0,"Toy Ornithopter":11},{"Regal Pillow":2,"Lantern":38,"NeowsBlessing":0,"PreservedInsect":4,"Bag of Preparation":12,"Medical Kit":2,"MawBank":7,"Boot":28,"ClockworkSouvenir":34,"Sozu":23,"TheAbacus":34,"PureWater":0,"Toy Ornithopter":34}],"Toy Ornithopter":0},"card_choices":[{"not_picked":["BattleHymn","Crescendo","Perseverance"],"picked":"SKIP","floor":1.0},{"not_picked":["Fasting2","Vengeance","Prostrate"],"picked":"SKIP","floor":2.0},{"not_picked":["FlurryOfBlows","Crescendo"],"picked":"LessonLearned","floor":6.0},{"not_picked":["LikeWater","Vengeance","ConjureBlade"],"picked":"SKIP","floor":8.0},{"not_picked":["Crescendo","ThirdEye","Swivel"],"picked":"SKIP","floor":12.0},{"not_picked":["Halt","Sanctity"],"picked":"FollowUp","floor":13.0},{"not_picked":["SashWhip","Crescendo","Protect"],"picked":"SKIP","floor":14.0},{"not_picked":["MasterReality","Establishment"],"picked":"Vault","floor":16.0},{"not_picked":["ReachHeaven","PathToVictory","Evaluate"],"picked":"SKIP","floor":19.0},{"not_picked":["EmptyBody","SashWhip"],"picked":"BowlingBash","floor":21},{"not_picked":["Consecrate","ThirdEye"],"picked":"CarveReality","floor":28},{"not_picked":["Weave","Scrawl"],"picked":"MentalFortress","floor":31}],"player_experience":961883,"relics_obtained":[{"floor":6.0,"key":"PreservedInsect"},{"floor":8.0,"key":"MawBank"},{"floor":12.0,"key":"Bag of Preparation"},{"floor":20.0,"key":"Boot"},{"floor":26,"key":"Toy Ornithopter"},{"floor":31,"key":"Lantern"}],"event_choices":[{"damage_healed":0.0,"max_hp_gain":0.0,"max_hp_loss":0.0,"gold_gain":0.0,"event_name":"Scrap Ooze","player_choice":"Success","floor":3.0,"gold_loss":0.0,"damage_taken":26.0,"relics_obtained":["Regal Pillow"]},{"damage_healed":0.0,"max_hp_gain":0.0,"max_hp_loss":0.0,"gold_gain":75.0,"event_name":"World of Goop","player_choice":"Gather Gold","floor":4.0,"gold_loss":0.0,"damage_taken":11.0},{"damage_healed":0.0,"max_hp_gain":0.0,"max_hp_loss":0.0,"gold_gain":0.0,"event_name":"Upgrade Shrine","player_choice":"Upgraded","floor":10.0,"gold_loss":0.0,"damage_taken":0.0,"cards_upgraded":["LessonLearned"]},{"damage_healed":0,"gold_gain":0,"player_choice":"Ignored","damage_taken":0,"max_hp_gain":0,"max_hp_loss":0,"event_name":"Cursed Tome","floor":25,"gold_loss":0},{"cards_removed":["Strike_P"],"damage_healed":0,"gold_gain":0,"player_choice":"Purged","damage_taken":0,"max_hp_gain":0,"max_hp_loss":0,"event_name":"Purifier","floor":27,"gold_loss":0},{"damage_healed":0,"gold_gain":0,"cards_transformed":["Strike_P"],"player_choice":"Transformed","damage_taken":0,"max_hp_gain":0,"max_hp_loss":0,"event_name":"Transmorgrifier","floor":29,"gold_loss":0,"cards_obtained":["CutThroughFate"]}],"is_beta":false,"boss_relics":[{"not_picked":["Astrolabe","SacredBark"],"picked":"Sozu"}],"items_purged_floors":[22],"is_endless":false,"potions_floor_spawned":[1,2,8,13,16,21,28,31],"killed_by":"Champ","ascension_level":20}}