{"host":"0tiuc76yumknr6qf","time":1610478229,"event":{"mods":["BaseMod","Colored Map","Highlight Path","Minty Spire (QoL Compilation)","StSLib","The Necromancer"],"gold_per_floor":[210,210,225,225,7,7,7,25,25,35,67,86,86,120,120,195,195,209,209,259,277,287,287,305,335,359,359,118,147,147,164,164,241,241,259,259,259,279,279,279,314,314,314,158,189,202,202,235,235,235,235,235,18,43,43,43],"floor_reached":55,"playtime":3383,"items_purged":["Vampiric_Strike"],"score":1339,"play_id":"7861a0ac-c655-4d05-a8e8-012b9738decf","local_time":"20210112130349","is_ascension_mode":true,"campfire_choices":[{"floor":6.0,"key":"REST"},{"floor":13.0,"key":"DIG"},{"floor":15.0,"key":"REST"},{"data":"Cloudkill","floor":23.0,"key":"SMITH"},{"floor":27.0,"key":"DIG"},{"floor":30.0,"key":"DIG"},{"floor":32.0,"key":"REST"},{"floor":40.0,"key":"RECALL"},{"floor":47.0,"key":"DIG"},{"floor":49.0,"key":"DIG"},{"floor":52.0,"key":"DIG"}],"circlet_count":0,"master_deck":["AscendersBane","Defend_W+1","Defend_W","Defend_W","Defend_W","Negative_Energy_Arrows","Bone_Wall","Plague_Bolt","Blood_Is_Power","Negative_Energy_Burst","Toxic_Smoke_Screen+1","Summon_Undead_Army","Siphon_Strength","Cloudkill+1","Bone_Bullets","Bite","Bite","Bite","Bite","Bite","Violent_Necrosis","Necrotic_Claws","Siphon_Strength","Sadistic Nature","Stop_Heart","Summon_Vampire_Lady","Master of Strategy","Flash of Steel","Blind","Toxic_Smoke_Screen+1","Stop_Heart+1","Summon_Undead","Negative_Energy_Shield"],"relics":["Vampire_Amulet","Oddly Smooth Stone","PreservedInsect","Question Card","Shovel","White Beast Statue","Orichalcum","SacredBark","War Paint","Blood Vial","Pocketwatch","Nunchaku","Thread and Needle","Coffee Dripper","Happy Flower","Membership Card","Omamori","Pen Nib","Bottled Lightning","Pear","Gremlin Horn","Shuriken","Ornamental Fan"],"acts_visited":["Exordium","TheCity","TheBeyond","TheEnding"],"potions_floor_usage":[55,55,55,55],"damage_taken":[{"damage":12.0,"enemies":"Jaw Worm","floor":1.0,"turns":6.0},{"damage":3.0,"enemies":"2 Louse","floor":3.0,"turns":3.0},{"damage":2.0,"enemies":"Cultist","floor":8.0,"turns":3.0},{"damage":2.0,"enemies":"Large Slime","floor":10.0,"turns":4.0},{"damage":20.0,"enemies":"Gremlin Nob","floor":11.0,"turns":3.0},{"damage":2.0,"enemies":"2 Fungi Beasts","floor":12.0,"turns":2.0},{"damage":21.0,"enemies":"Lagavulin","floor":14.0,"turns":4.0},{"damage":19.0,"enemies":"Hexaghost","floor":16.0,"turns":10.0},{"damage":37.0,"enemies":"Spheric Guardian","floor":18.0,"turns":8.0},{"damage":6.0,"enemies":"Chosen","floor":21.0,"turns":4.0},{"damage":14.0,"enemies":"Shelled Parasite and Fungi","floor":22.0,"turns":4.0},{"damage":6.0,"enemies":"Snecko","floor":24.0,"turns":4.0},{"damage":29.0,"enemies":"Book of Stabbing","floor":25.0,"turns":5.0},{"damage":27.0,"enemies":"Slavers","floor":29.0,"turns":3.0},{"damage":5.0,"enemies":"Snake Plant","floor":31.0,"turns":4.0},{"damage":58.0,"enemies":"Champ","floor":33.0,"turns":11.0},{"damage":9.0,"enemies":"Orb Walker","floor":35.0,"turns":4.0},{"damage":0.0,"enemies":"3 Shapes","floor":38.0,"turns":5.0},{"damage":12.0,"enemies":"Nemesis","floor":41.0,"turns":5.0},{"damage":16.0,"enemies":"Giant Head","floor":45.0,"turns":7.0},{"damage":13.0,"enemies":"Transient","floor":46.0,"turns":5.0},{"damage":4.0,"enemies":"Nemesis","floor":48.0,"turns":5.0},{"damage":39.0,"enemies":"Time Eater","floor":50.0,"turns":10.0},{"damage":41.0,"enemies":"Shield and Spear","floor":54.0,"turns":4.0},{"damage":60,"enemies":"The Heart","floor":55,"turns":5}],"seed_played":"-2092529246805953926","potions_obtained":[{"floor":3.0,"key":"PowerPotion"},{"floor":7.0,"key":"Strength Potion"},{"floor":7.0,"key":"Explosive Potion"},{"floor":10.0,"key":"Ancient Potion"},{"floor":14.0,"key":"Regen Potion"},{"floor":16.0,"key":"Ancient Potion"},{"floor":18.0,"key":"Strength Potion"},{"floor":21.0,"key":"Energy Potion"},{"floor":22.0,"key":"AttackPotion"},{"floor":24.0,"key":"Fruit Juice"},{"floor":25.0,"key":"DistilledChaos"},{"floor":29.0,"key":"Energy Potion"},{"floor":31.0,"key":"GamblersBrew"},{"floor":33.0,"key":"AttackPotion"},{"floor":35.0,"key":"LiquidMemories"},{"floor":41.0,"key":"PowerPotion"},{"floor":45.0,"key":"Strength Potion"},{"floor":46.0,"key":"SkillPotion"},{"floor":48.0,"key":"AttackPotion"},{"floor":54.0,"key":"ColorlessPotion"}],"is_trial":false,"path_per_floor":["M","?","M","?","$","R","?","M","T","M","E","M","R","E","R","B",null,"M","?","?","M","M","R","M","E","T","R","$","E","R","M","R","B",null,"M","?","?","M","?","R","E","?","T","$","E","M","R","E","R","B",null,"R","$","E","B"],"character_chosen":"NECROMANCER","items_purchased":["PreservedInsect","Blood_Is_Power","Siphon_Strength","Sadistic Nature","Membership Card","Shuriken","EntropicBrew"],"campfire_rested":3,"item_purchase_floors":[5,5,28,28,44,53,53],"current_hp_per_floor":[54,47,51,16,16,37,37,37,37,43,27,29,29,12,33,22,59,24,24,24,49,43,43,45,20,20,20,20,19,19,26,43,11,47,55,45,45,59,59,59,57,56,56,56,48,53,53,56,66,53,63,63,63,34,0,0],"gold":43,"neow_bonus":"HUNDRED_GOLD","is_daily":false,"chose_seed":false,"campfire_upgraded":1,"win_rate":0.0,"timestamp":1610478229,"path_taken":["M","?","M","?","$","R","?","M","T","?","E","M","R","E","R","BOSS","M","?","?","?","M","R","M","E","T","R","?","E","R","M","R","BOSS","M","?","?","?","?","R","E","?","T","$","E","M","R","E","R","BOSS","R","$","E","BOSS"],"items_purchased_type":["Relic","Card","Card","Card","Relic","Relic","Potion"],"build_version":"2020-12-22","purchased_purges":1,"victory":false,"max_hp_per_floor":[71,71,71,71,71,71,71,71,71,71,71,71,71,71,71,71,71,71,49,49,49,49,49,49,49,49,49,49,59,59,59,59,59,59,59,59,59,59,59,59,59,56,56,56,56,56,56,56,66,66,66,66,66,66,66,66],"card_choices":[{"not_picked":["Violent_Necrosis","Bone_Shift"],"picked":"Vampiric_Strike","floor":1.0},{"not_picked":["Whirlwind_of_Bones","Blood_for_Blood"],"picked":"Plague_Bolt","floor":3.0},{"not_picked":["Bone_Shift","Plague_Bolt","Bones_to_Steel"],"picked":"SKIP","floor":8.0},{"not_picked":["Negative_Energy_Shield","Thousand_Bone_Knives","Siphon_Strength"],"picked":"Negative_Energy_Burst","floor":10.0},{"not_picked":["Bone_Spikes","Finger_Of_Death","Slay_Living"],"picked":"Toxic_Smoke_Screen","floor":11.0},{"not_picked":["Bone_Spikes","Chill_Blood","Death_Coil"],"picked":"Summon_Undead_Army","floor":12.0},{"not_picked":["Negative_Energy_Sphere","Spectral_Walk","Vampiric_Strike"],"picked":"Siphon_Strength","floor":14.0},{"not_picked":["Detonate_Bones","Requiem","Hellfire"],"picked":"Cloudkill","floor":16.0},{"not_picked":["Negative_Energy_Sphere","Negative_Energy_Mist","Slay_Living+1"],"picked":"Bone_Bullets","floor":18.0},{"not_picked":["Bone_Armor","Death_Coil","Epidemic","Vampiric_Strike"],"picked":"SKIP","floor":21.0},{"not_picked":["Whirlwind_of_Bones","Shackles_Of_Pain","Scare","Consume_Illness"],"picked":"SKIP","floor":22.0},{"not_picked":["Death_Coil","Bone_Bullets","Plague_Bolt"],"picked":"Violent_Necrosis","floor":24.0},{"not_picked":["Cloudkill","Negative_Energy_Sphere","Flesh_Made_Foul+1"],"picked":"Necrotic_Claws","floor":25.0},{"not_picked":["Blood_Magic","Bone_Armor","Slay_Living+1"],"picked":"Stop_Heart","floor":29.0},{"not_picked":["Blood_for_Blood+1","Negative_Energy_Sphere","Bone_Spikes","Toxic_Smoke_Screen"],"picked":"SKIP","floor":31.0},{"not_picked":["Blood_Wake","Blood_Magic","Skeleton_Dragon"],"picked":"Summon_Vampire_Lady","floor":33.0},{"not_picked":["Scare","Chill_Blood+1","Vampiric_Strike","Death_March_Dance+1"],"picked":"SKIP","floor":35.0},{"not_picked":["Bandage Up","Blind","Dramatic Entrance"],"picked":"Master of Strategy","floor":36.0},{"not_picked":["Madness","PanicButton","Swift Strike"],"picked":"Flash of Steel","floor":36.0},{"not_picked":["Forethought","Thinking Ahead","Violence"],"picked":"Blind","floor":36.0},{"not_picked":["Bone_Prison+1","Death_March_Dance","Bone_Shift+1"],"picked":"Toxic_Smoke_Screen+1","floor":38.0},{"not_picked":["Detonate_Bones","Scare","Negative_Energy_Sphere"],"picked":"Stop_Heart+1","floor":41.0},{"not_picked":["Bone_Prison","Shackles_Of_Pain","Blood_Curse","Scare"],"picked":"SKIP","floor":45.0},{"not_picked":["Death_Coil","Bone_Armory","Summon_Undead_Army"],"picked":"Summon_Undead","floor":46.0},{"not_picked":["Blood_Whip","Bone_Shift","Bone_Bullets","Plague_Bolt"],"picked":"SKIP","floor":48.0},{"not_picked":["Detonate_Bones","Blood_Curse","Scare"],"picked":"Negative_Energy_Shield","floor":54.0}],"player_experience":1981042,"relics_obtained":[{"floor":9.0,"key":"Question Card"},{"floor":11.0,"key":"Shovel"},{"floor":13.0,"key":"White Beast Statue"},{"floor":14.0,"key":"Orichalcum"},{"floor":25.0,"key":"War Paint"},{"floor":26.0,"key":"Blood Vial"},{"floor":27.0,"key":"Pocketwatch"},{"floor":29.0,"key":"Nunchaku"},{"floor":30.0,"key":"Thread and Needle"},{"floor":41.0,"key":"Happy Flower"},{"floor":45.0,"key":"Omamori"},{"floor":47.0,"key":"Pen Nib"},{"floor":48.0,"key":"Bottled Lightning"},{"floor":49.0,"key":"Pear"},{"floor":52.0,"key":"Gremlin Horn"},{"floor":54.0,"key":"Ornamental Fan"}],"event_choices":[{"cards_removed":["Strike_W"],"damage_healed":0.0,"max_hp_gain":0.0,"max_hp_loss":0.0,"gold_gain":0.0,"event_name":"Golden Wing","player_choice":"Card Removal","floor":2.0,"gold_loss":0.0,"damage_taken":7.0},{"damage_healed":0.0,"max_hp_gain":0.0,"max_hp_loss":0.0,"gold_gain":0.0,"event_name":"Scrap Ooze","player_choice":"Success","floor":4.0,"gold_loss":0.0,"damage_taken":35.0,"relics_obtained":["Oddly Smooth Stone"]},{"damage_healed":0.0,"max_hp_gain":0.0,"max_hp_loss":0.0,"gold_gain":0.0,"event_name":"Lab","player_choice":"Got Potions","floor":7.0,"gold_loss":0.0,"damage_taken":0.0},{"damage_healed":0.0,"max_hp_gain":0.0,"max_hp_loss":22.0,"gold_gain":0.0,"event_name":"Vampires","player_choice":"Became a vampire","floor":19.0,"gold_loss":0.0,"damage_taken":0.0,"cards_obtained":["Bite","Bite","Bite","Bite","Bite"]},{"damage_healed":0.0,"max_hp_gain":0.0,"max_hp_loss":0.0,"gold_gain":100.0,"event_name":"The Joust","player_choice":"Bet on Murderer","floor":20.0,"gold_loss":50.0,"damage_taken":0.0},{"damage_healed":0.0,"max_hp_gain":0.0,"max_hp_loss":0.0,"gold_gain":0.0,"event_name":"SensoryStone","player_choice":"Memory 3","floor":36.0,"gold_loss":0.0,"damage_taken":10.0},{"damage_healed":0.0,"max_hp_gain":0.0,"max_hp_loss":0.0,"gold_gain":0.0,"event_name":"SecretPortal","player_choice":"Ignored","floor":37.0,"gold_loss":0.0,"damage_taken":0.0},{"damage_healed":0.0,"max_hp_gain":0.0,"max_hp_loss":0.0,"gold_gain":0.0,"event_name":"Tomb of Lord Red Mask","player_choice":"Ignored","floor":39.0,"gold_loss":0.0,"damage_taken":0.0},{"damage_healed":0.0,"max_hp_gain":0.0,"max_hp_loss":3.0,"gold_gain":0.0,"event_name":"Winding Halls","player_choice":"Max HP","floor":42.0,"gold_loss":0.0,"damage_taken":0.0}],"is_beta":false,"boss_relics":[{"not_picked":["Cursed Key","Runic Pyramid"],"picked":"SacredBark"},{"not_picked":["SlaversCollar","Tiny House"],"picked":"Coffee Dripper"}],"items_purged_floors":[53],"is_endless":false,"potions_floor_spawned":[3,10,12,14,16,18,21,22,24,25,29,31,33,35,38,41,45,46,48,54],"killed_by":"The Heart","ascension_level":15}}