{"host":"w9yruvs4bqht6bhw","time":1610492474,"event":{"mods":["BaseMod","Colored Powertips","Minty Spire (QoL Compilation)"],"gold_per_floor":[114,114,129,129,147,147,187,210,234,190,47,66,89,104,104,104,104],"floor_reached":16,"language":"ENG","playtime":501,"items_purged":[],"score":176,"play_id":"5de2912d-8f6e-4938-9b6b-80bb51440d28","local_time":"20210112180114","is_ascension_mode":true,"campfire_choices":[{"floor":6,"key":"REST"},{"floor":15,"key":"REST"}],"circlet_count":0,"master_deck":["Strike_R","Strike_R","Strike_R","Strike_R","Strike_R","Defend_R","Defend_R","Defend_R","Defend_R","Bash","Sentinel","Sword Boomerang","Sword Boomerang","Headbutt","Uppercut"],"relics":["Burning Blood","Golden Idol","Art of War","Lantern","Cauldron"],"acts_visited":["Exordium"],"potions_floor_usage":[7,11,11,11,12,13,16,16,16],"damage_taken":[{"damage":0,"enemies":"Small Slimes","floor":1,"turns":3},{"damage":9,"enemies":"2 Louse","floor":3,"turns":3},{"damage":9,"enemies":"Jaw Worm","floor":5,"turns":3},{"damage":67,"enemies":"Lagavulin","floor":7,"turns":8},{"damage":21,"enemies":"Red Slaver","floor":8,"turns":4},{"damage":1,"enemies":"Exordium Wildlife","floor":12,"turns":2},{"damage":5,"enemies":"Exordium Thugs","floor":13,"turns":5},{"damage":6,"enemies":"Looter","floor":14,"turns":2},{"damage":75,"enemies":"Hexaghost","floor":16,"turns":11}],"seed_played":"-969285385875577947","potions_obtained":[{"floor":1,"key":"LiquidMemories"},{"floor":3,"key":"ElixirPotion"},{"floor":11,"key":"BloodPotion"},{"floor":11,"key":"EntropicBrew"},{"floor":11,"key":"Explosive Potion"},{"floor":12,"key":"HeartOfIron"},{"floor":13,"key":"Strength Potion"}],"is_trial":false,"path_per_floor":["M","?","M","?","M","R","E","M","T","?","$","M","M","M","R","B"],"character_chosen":"IRONCLAD","items_purchased":["Cauldron"],"campfire_rested":2,"item_purchase_floors":[11],"current_hp_per_floor":[86,64,61,66,63,90,29,14,14,14,37,42,43,43,72,0,0],"gold":104,"neow_bonus":"TEN_PERCENT_HP_BONUS","is_daily":false,"chose_seed":false,"campfire_upgraded":0,"win_rate":0.0,"timestamp":1610492474,"path_taken":["M","?","M","?","M","R","E","M","T","?","$","M","M","M","R","BOSS"],"items_purchased_type":["Relic"],"build_version":"2020-12-22","purchased_purges":0,"victory":false,"max_hp_per_floor":[88,88,88,93,93,93,93,93,93,93,98,98,98,98,98,98,98],"card_choices":[{"not_picked":["Iron Wave","Sword Boomerang"],"picked":"Sentinel","floor":1},{"not_picked":["Twin Strike","True Grit"],"picked":"Sword Boomerang","floor":3},{"not_picked":["Havoc","Cleave"],"picked":"Sword Boomerang","floor":5},{"not_picked":["Perfected Strike","Wild Strike","Battle Trance"],"picked":"SKIP","floor":7},{"not_picked":["Dropkick","Rage","Second Wind"],"picked":"SKIP","floor":8},{"not_picked":["Flex","Dropkick"],"picked":"Headbutt","floor":12},{"not_picked":["Twin Strike","Bloodletting","Havoc"],"picked":"SKIP","floor":13},{"not_picked":["Feed","Pummel"],"picked":"Uppercut","floor":14}],"player_experience":390569,"relics_obtained":[{"floor":7,"key":"Art of War"},{"floor":9,"key":"Lantern"}],"event_choices":[{"damage_healed":0,"gold_gain":0,"player_choice":"Take Damage","damage_taken":22,"relics_obtained":["Golden Idol"],"max_hp_gain":0,"max_hp_loss":0,"event_name":"Golden Idol","floor":2,"gold_loss":0},{"damage_healed":0,"gold_gain":0,"player_choice":"Donut","damage_taken":0,"max_hp_gain":5,"max_hp_loss":0,"event_name":"Big Fish","floor":4,"gold_loss":0},{"damage_healed":0,"gold_gain":0,"player_choice":"Left Gold","damage_taken":0,"max_hp_gain":0,"max_hp_loss":0,"event_name":"World of Goop","floor":10,"gold_loss":44}],"is_beta":false,"boss_relics":[],"items_purged_floors":[],"is_endless":false,"potions_floor_spawned":[1,3,12,13],"killed_by":"Hexaghost","ascension_level":9}}