{"host":"480qzmvu0s2e3e6w","time":1610436122,"event":{"mods":["BaseMod","Colored Map","DeckTracker","Lobotomy","Minty Spire (QoL Compilation)","StSLib","SuperFastMode"],"gold_per_floor":[110,128,139,158,158,158,186,186,213,229,248,248,265,276,276,276,276],"floor_reached":16,"playtime":586,"items_purged":[],"score":229,"play_id":"ce545cfe-6b6a-445e-a051-0c41f567d434","local_time":"20210112162202","is_ascension_mode":true,"campfire_choices":[{"data":"Deadly Poison","floor":6,"key":"SMITH"},{"floor":8,"key":"REST"},{"floor":15,"key":"REST"}],"circlet_count":0,"master_deck":["AscendersBane","Strike_G","Strike_G","Strike_G","Strike_G","Defend_G","Defend_G","Defend_G","Defend_G","Defend_G","Survivor","Neutralize","Night Terror","Dagger Spray","Acrobatics","Deadly Poison+1","Predator+1","Backflip","Flying Knee","Bane","Dodge and Roll"],"relics":["Ring of the Snake","Centennial Puzzle","Oddly Smooth Stone"],"acts_visited":["Exordium"],"potions_floor_usage":[7,10,16],"damage_taken":[{"damage":4,"enemies":"Small Slimes","floor":1,"turns":4},{"damage":0,"enemies":"Cultist","floor":2,"turns":5},{"damage":7,"enemies":"Jaw Worm","floor":3,"turns":6},{"damage":4,"enemies":"2 Fungi Beasts","floor":4,"turns":4},{"damage":37,"enemies":"Gremlin Nob","floor":7,"turns":4},{"damage":17,"enemies":"Exordium Thugs","floor":10,"turns":5},{"damage":5,"enemies":"3 Louse","floor":11,"turns":3},{"damage":0,"enemies":"Large Slime","floor":13,"turns":2},{"damage":0,"enemies":"Looter","floor":14,"turns":4},{"damage":21,"enemies":"Hexaghost","floor":16,"turns":12}],"seed_played":"-5554922077424394679","potions_obtained":[{"floor":1,"key":"Swift Potion"},{"floor":3,"key":"BlessingOfTheForge"},{"floor":13,"key":"Fire Potion"}],"is_trial":false,"path_per_floor":["M","M","M","M","?","R","E","R","T","M","M","?","M","M","R","B"],"character_chosen":"THE_SILENT","items_purchased":[],"campfire_rested":2,"item_purchase_floors":[],"current_hp_per_floor":[55,55,48,44,44,44,7,25,25,8,3,3,3,3,21,0,0],"gold":276,"neow_bonus":"THREE_RARE_CARDS","is_daily":false,"chose_seed":false,"campfire_upgraded":1,"win_rate":0.0,"timestamp":1610436122,"path_taken":["M","M","M","M","?","R","E","R","T","?","M","?","?","M","R","BOSS"],"items_purchased_type":[],"build_version":"2020-12-22","purchased_purges":0,"victory":false,"max_hp_per_floor":[60,60,60,60,60,60,60,60,60,60,60,60,60,60,60,60,60],"card_choices":[{"not_picked":["Malaise","Phantasmal Killer"],"picked":"Night Terror","floor":0},{"not_picked":["Caltrops","Underhanded Strike"],"picked":"Dagger Spray","floor":1},{"not_picked":["Underhanded Strike","Sucker Punch"],"picked":"Acrobatics","floor":2},{"not_picked":["Dagger Throw","Burst"],"picked":"Deadly Poison","floor":3},{"not_picked":["Infinite Blades","Heel Hook"],"picked":"Predator","floor":4},{"not_picked":["Dash","Quick Slash"],"picked":"Backflip","floor":7},{"not_picked":["Finisher","Expertise","Cloak And Dagger"],"picked":"SKIP","floor":10},{"not_picked":["Dagger Spray","Calculated Gamble"],"picked":"Flying Knee","floor":11},{"not_picked":["Prepared","Deadly Poison"],"picked":"Bane","floor":13},{"not_picked":["Caltrops","Choke"],"picked":"Dodge and Roll","floor":14}],"player_experience":685942,"relics_obtained":[{"floor":7,"key":"Centennial Puzzle"},{"floor":9,"key":"Oddly Smooth Stone"}],"event_choices":[{"damage_healed":0,"gold_gain":0,"player_choice":"Upgraded","damage_taken":0,"max_hp_gain":0,"max_hp_loss":0,"event_name":"Upgrade Shrine","floor":5,"gold_loss":0,"cards_upgraded":["Predator"]},{"cards_removed":["Strike_G"],"damage_healed":0,"gold_gain":0,"player_choice":"Purged","damage_taken":0,"max_hp_gain":0,"max_hp_loss":0,"event_name":"Purifier","floor":12,"gold_loss":0}],"is_beta":false,"boss_relics":[],"items_purged_floors":[],"is_endless":false,"potions_floor_spawned":[1,3,13],"killed_by":"Hexaghost","ascension_level":15}}