{"host":"i7jfea87xc8lz16p","time":1610413921,"event":{"mods":["AchievementEnabler","BaseMod","Colored Powertips","Minty Spire (QoL Compilation)","Relic Stats"],"gold_per_floor":[111,121,21,21,36,36,68,80,159,159,159,193,193,212,212,284,284,300,326,326,346,11,11,11,28,28,63,63,63,63],"floor_reached":29,"playtime":1372,"items_purged":["Strike_G","Strike_G"],"score":552,"play_id":"ec03125e-9b14-4495-9e46-57cab003e52e","local_time":"20210112021201","is_ascension_mode":true,"campfire_choices":[{"data":"Skewer","floor":6,"key":"SMITH"},{"data":"Neutralize","floor":11,"key":"SMITH"},{"data":"Deadly Poison","floor":13,"key":"SMITH"},{"data":"Noxious Fumes","floor":15,"key":"SMITH"},{"floor":23,"key":"REST"},{"floor":28,"key":"REST"}],"circlet_count":0,"master_deck":["AscendersBane","Strike_G","Strike_G","Defend_G","Defend_G","Defend_G","Defend_G","Defend_G","Survivor","Neutralize+1","Skewer+1","Dagger Spray","Deadly Poison+1","Decay","Dagger Throw","All Out Attack","PiercingWail","Noxious Fumes+1","Malaise","Calculated Gamble+1","Well Laid Plans","Ghostly","Ghostly","Ghostly","Apotheosis","Leg Sweep","PiercingWail","Burst"],"relics":["Ring of the Snake","NeowsBlessing","StoneCalendar","Mummified Hand","Letter Opener","Boot","Snecko Eye","Red Mask","Incense Burner","Kunai"],"acts_visited":["Exordium","TheCity"],"potions_floor_usage":[7,16,19,27,27,29],"damage_taken":[{"damage":0,"enemies":"2 Louse","floor":1,"turns":1},{"damage":0,"enemies":"Cultist","floor":2,"turns":1},{"damage":0,"enemies":"Jaw Worm","floor":5,"turns":1},{"damage":11,"enemies":"Gremlin Nob","floor":7,"turns":4},{"damage":9,"enemies":"3 Louse","floor":8,"turns":3},{"damage":14,"enemies":"3 Sentries","floor":12,"turns":6},{"damage":0,"enemies":"Lots of Slimes","floor":14,"turns":2},{"damage":16,"enemies":"Hexaghost","floor":16,"turns":7},{"damage":0,"enemies":"3 Byrds","floor":18,"turns":3},{"damage":24,"enemies":"Masked Bandits","floor":19,"turns":4},{"damage":7,"enemies":"Chosen","floor":21,"turns":7},{"damage":6,"enemies":"Snake Plant","floor":25,"turns":6},{"damage":0,"enemies":"Gremlin Leader","floor":27,"turns":7},{"damage":33,"enemies":"Shelled Parasite and Fungi","floor":29,"turns":4}],"seed_played":"-8599024623058023460","potions_obtained":[{"floor":1,"key":"BlessingOfTheForge"},{"floor":5,"key":"Block Potion"},{"floor":7,"key":"PowerPotion"},{"floor":19,"key":"PowerPotion"},{"floor":27,"key":"LiquidMemories"}],"is_trial":false,"path_per_floor":["M","M","$","?","M","R","E","M","T","T","R","E","R","M","R","B",null,"M","?","?","M","$","R","?","M","T","E","R","M"],"character_chosen":"THE_SILENT","items_purchased":["Deadly Poison","Apotheosis","ColorlessPotion"],"campfire_rested":2,"item_purchase_floors":[3,22,22],"current_hp_per_floor":[59,59,59,59,59,59,48,39,39,39,39,25,25,25,25,9,52,52,28,28,21,21,30,30,24,24,24,33,0,0],"gold":63,"neow_bonus":"THREE_ENEMY_KILL","is_daily":false,"chose_seed":false,"campfire_upgraded":4,"win_rate":0.0,"timestamp":1610413921,"path_taken":["M","M","$","?","?","R","E","M","T","?","R","E","R","M","R","BOSS","M","?","?","M","$","R","?","M","T","E","R","?"],"items_purchased_type":["Card","Card","Potion"],"build_version":"2020-12-22","purchased_purges":2,"victory":false,"max_hp_per_floor":[66,66,66,66,66,66,66,66,66,66,66,66,66,66,66,66,66,66,66,33,33,33,33,33,33,33,33,33,33,33],"relic_stats":{"counters":[14,56],"Mummified Hand":[23],"Snecko Eye":[55,46,56,59],"StoneCalendar":[45],"Letter Opener":[134],"Kunai":[0],"Boot":[60],"obtain_stats":[{"NeowsBlessing":0,"Mummified Hand":9,"Snecko Eye":17,"StoneCalendar":7,"Red Mask":19,"Incense Burner":26,"Letter Opener":10,"Kunai":27,"Boot":12,"Ring of the Snake":0},{"NeowsBlessing":0,"Mummified Hand":5,"Snecko Eye":8,"StoneCalendar":4,"Red Mask":10,"Incense Burner":12,"Letter Opener":5,"Kunai":13,"Boot":6,"Ring of the Snake":0},{"NeowsBlessing":0,"Mummified Hand":10,"Snecko Eye":25,"StoneCalendar":7,"Red Mask":32,"Incense Burner":45,"Letter Opener":10,"Kunai":52,"Boot":16,"Ring of the Snake":0}],"Ring of the Snake":[28]},"card_choices":[{"not_picked":["Prepared","Cloak And Dagger"],"picked":"Skewer","floor":1},{"not_picked":["Deflect","Quick Slash"],"picked":"Dagger Spray","floor":2},{"not_picked":["Endless Agony","Deflect"],"picked":"Dagger Throw","floor":5},{"not_picked":["Deflect","Sucker Punch"],"picked":"All Out Attack","floor":7},{"not_picked":["Well Laid Plans","Dodge and Roll"],"picked":"PiercingWail","floor":8},{"not_picked":["Bane","Dagger Spray","Slice"],"picked":"SKIP","floor":12},{"not_picked":["Blade Dance","Outmaneuver"],"picked":"Noxious Fumes","floor":14},{"not_picked":["Unload","Burst"],"picked":"Malaise","floor":16},{"not_picked":["Dagger Throw","Cloak And Dagger+1"],"picked":"Calculated Gamble+1","floor":18},{"not_picked":["Poisoned Stab+1","Quick Slash"],"picked":"Well Laid Plans","floor":19},{"not_picked":["Deadly Poison","Well Laid Plans","Deflect"],"picked":"SKIP","floor":21},{"not_picked":["Adrenaline","Dodge and Roll"],"picked":"PiercingWail","floor":25},{"not_picked":["Slice","Dagger Throw"],"picked":"Burst","floor":27}],"player_experience":1752686,"relics_obtained":[{"floor":7,"key":"StoneCalendar"},{"floor":9,"key":"Mummified Hand"},{"floor":10,"key":"Letter Opener"},{"floor":12,"key":"Boot"},{"floor":19,"key":"Red Mask"},{"floor":26,"key":"Incense Burner"},{"floor":27,"key":"Kunai"}],"event_choices":[{"damage_healed":0,"gold_gain":0,"player_choice":"Cursed","damage_taken":0,"max_hp_gain":0,"max_hp_loss":0,"event_name":"Wheel of Change","floor":4,"gold_loss":0,"cards_obtained":["Decay"]},{"damage_healed":0,"gold_gain":0,"player_choice":"Fought Bandits","damage_taken":0,"max_hp_gain":0,"max_hp_loss":0,"event_name":"Masked Bandits","floor":19,"gold_loss":0},{"damage_healed":0,"gold_gain":0,"player_choice":"Became a Ghost","damage_taken":0,"max_hp_gain":0,"max_hp_loss":33,"event_name":"Ghosts","floor":20,"gold_loss":0,"cards_obtained":["Ghostly","Ghostly","Ghostly"]},{"damage_healed":0,"gold_gain":0,"cards_transformed":["Strike_G"],"player_choice":"Transformed","damage_taken":0,"max_hp_gain":0,"max_hp_loss":0,"event_name":"Transmorgrifier","floor":24,"gold_loss":0,"cards_obtained":["Leg Sweep"]}],"is_beta":false,"boss_relics":[{"not_picked":["Astrolabe","Sozu"],"picked":"Snecko Eye"}],"items_purged_floors":[3,22],"is_endless":false,"potions_floor_spawned":[1,5,7,14,19,27],"killed_by":"Shelled Parasite and Fungi","ascension_level":20}}