{"host":"8i4doyxqctgl5qb0","time":1610431816,"event":{"mods":["AchievementEnabler","BaseMod","Block Reminder","Colored Powertips","Downfall","Hermit","Minty Spire (QoL Compilation)","Permanent Neow","Potion Indicator Mod","Rare Cards Sparkle","StSLib","SuperFastMode","The Jungle"],"gold_per_floor":[216,216,24,35,46,46,73,85,85,85,100,116,116,136,136,237,237,255,224,224,224,224],"floor_reached":21,"playtime":807,"items_purged":[],"score":247,"play_id":"42b4f48b-b869-49e7-b6c0-f6e4d56f9927","local_time":"20210112141016","is_ascension_mode":true,"campfire_choices":[{"data":"Discovery","floor":6.0,"key":"SMITH"},{"data":"Armaments","floor":10.0,"key":"SMITH"},{"data":"Whirlwind","floor":15.0,"key":"SMITH"}],"circlet_count":0,"master_deck":["Strike_R","Strike_R","Strike_R","Defend_R","Defend_R","Defend_R","Defend_R","Bash","Armaments+1","Metallicize","Flame Barrier","Discovery+1","Backflip","Whirlwind+1","Iron Wave","hexamod:ShieldOfDarkness","expansioncontent:StudyTheSpire","expansioncontent:DecasProtection"],"relics":["Burning Blood","PrismaticShard","Vajra","Tiny Chest","Black Star"],"acts_visited":["Exordium","TheCity"],"potions_floor_usage":[19],"damage_taken":[{"damage":13.0,"enemies":"2 Louse","floor":1.0,"turns":4.0},{"damage":2.0,"enemies":"Jaw Worm","floor":4.0,"turns":6.0},{"damage":1.0,"enemies":"Small Slimes","floor":5.0,"turns":5.0},{"damage":14.0,"enemies":"3 Sentries","floor":7.0,"turns":9.0},{"damage":0.0,"enemies":"Blue Slaver","floor":8.0,"turns":5.0},{"damage":13.0,"enemies":"2 Fungi Beasts","floor":11.0,"turns":3.0},{"damage":8.0,"enemies":"Gremlin Gang","floor":12.0,"turns":2.0},{"damage":4.0,"enemies":"Large Slime","floor":14.0,"turns":6.0},{"damage":29.0,"enemies":"The Guardian","floor":16.0,"turns":15.0},{"damage":12,"enemies":"3 Byrds","floor":18,"turns":6},{"damage":35,"enemies":"2 Thieves","floor":19,"turns":5},{"damage":38,"enemies":"Sentry and Sphere","floor":21,"turns":7}],"seed_played":"4277914773023551405","potions_obtained":[{"floor":5.0,"key":"LiquidBronze"},{"floor":7.0,"key":"champ:CounterPotion"},{"floor":12.0,"key":"Ancient Potion"},{"floor":19,"key":"FearPotion"}],"is_trial":false,"path_per_floor":["M","?","$","M","M","R","E","M","T","R","M","M","?","M","R","B",null,"M","M","?","M"],"character_chosen":"IRONCLAD","items_purchased":["Metallicize","PrismaticShard"],"campfire_rested":0,"item_purchase_floors":[3,3],"current_hp_per_floor":[65,65,65,69,74,74,66,72,72,72,65,63,63,65,65,42,71,65,36,36,0,0],"gold":224,"neow_bonus":"HUNDRED_GOLD","is_daily":false,"chose_seed":false,"campfire_upgraded":3,"win_rate":0.0,"timestamp":1610431816,"path_taken":["M","?","$","M","M","R","E","M","T","R","M","M","?","?","R","BOSS","M","M","?","M"],"items_purchased_type":["Card","Relic"],"build_version":"2020-12-22","purchased_purges":0,"victory":false,"max_hp_per_floor":[80,80,80,80,80,80,80,80,80,80,80,80,80,80,80,80,80,80,80,80,80,80],"card_choices":[{"not_picked":["Heavy Blade","True Grit"],"picked":"Armaments","floor":1.0},{"not_picked":["Finesse","Consecrate"],"picked":"Flame Barrier","floor":4.0},{"not_picked":["Unload","Slimebound:FormOfPuddle"],"picked":"Discovery","floor":5.0},{"not_picked":["Reaper","Consume"],"picked":"Backflip","floor":7.0},{"not_picked":["Slimebound:SlimeSpikes","sneckomod:PureSnecko"],"picked":"Whirlwind","floor":8.0},{"not_picked":["Guardian:Incinerate","Finisher","hermit:Feint"],"picked":"SKIP","floor":11.0},{"not_picked":["champ:GladiatorStyle","Slimebound:MegaLick","hermit:SprayPray"],"picked":"SKIP","floor":12.0},{"not_picked":["hermit:Deadeye","Beam Cell"],"picked":"hexamod:ShieldOfDarkness","floor":14.0},{"not_picked":["hexamod:UnleashSpirits","Doppelganger"],"picked":"expansioncontent:StudyTheSpire","floor":16.0},{"not_picked":["hexamod:GhostLash","Guardian:PrismaticBarrier"],"picked":"expansioncontent:DecasProtection","floor":18},{"not_picked":["Feel No Pain","Poisoned Stab","sneckomod:DiceBlock"],"picked":"SKIP","floor":19}],"player_experience":164018,"relics_obtained":[{"floor":7.0,"key":"Vajra"},{"floor":9.0,"key":"Tiny Chest"}],"event_choices":[{"damage_healed":0.0,"max_hp_gain":0.0,"max_hp_loss":0.0,"gold_gain":0.0,"event_name":"Shining Light","player_choice":"Ignored","floor":2.0,"gold_loss":0.0,"damage_taken":0.0},{"damage_healed":0.0,"max_hp_gain":0.0,"max_hp_loss":0.0,"gold_gain":0.0,"cards_transformed":["Strike_R"],"event_name":"Living Wall","player_choice":"Change","floor":13.0,"gold_loss":0.0,"damage_taken":0.0,"cards_obtained":["Iron Wave"]},{"cards_removed":["Strike_R"],"damage_healed":0,"gold_gain":0,"player_choice":"Elegance","damage_taken":0,"max_hp_gain":0,"max_hp_loss":0,"event_name":"Back to Basics","floor":20,"gold_loss":0}],"is_beta":false,"boss_relics":[{"not_picked":["Runic Dome","Pandora\u0027s Box"],"picked":"Black Star"}],"items_purged_floors":[],"is_endless":false,"potions_floor_spawned":[5,7,12,14,18,19],"killed_by":"Sentry and Sphere","ascension_level":7}}