{"host":"fkig9nrckec4xsh0","time":1610426769,"event":{"mods":["BaseMod","Colored Map","Minty Spire (QoL Compilation)","Quick Restart","Replay The Spire","StSLib"],"gold_per_floor":[74,114,114,124,40,40,67,67,95,95,107,107,126,12,45,45,144,144,158,158,78,78,92,125,142,156,180,180,180,180,213,229,229,330,330,350,350,350,362,59,91,103,135,158,209,209,209,249,287,287,335],"floor_reached":51,"playtime":3335,"items_purged":["Defend_G"],"score":1217,"play_id":"2d23ac70-505d-4169-ba27-4d9e866924ea","local_time":"20210111234609","is_ascension_mode":true,"campfire_choices":[{"data":"ReplayTheSpireMod:The Works","floor":7,"key":"SMITH"},{"data":"Calculated Gamble","floor":11,"key":"SMITH"},{"data":"Adrenaline","floor":27,"key":"SMITH"},{"data":"Languid","floor":29,"key":"PURGE"},{"data":"Hidden Blade","floor":32,"key":"SMITH"},{"floor":46,"key":"REST"},{"data":"Strike_G","floor":49,"key":"PURGE"}],"circlet_count":0,"master_deck":["Strike_G","Strike_G","Strike_G","Strike_G","Defend_G","Defend_G","Defend_G","Survivor","Neutralize","Backflip","ReplayTheSpireMod:The Works+1","Hidden Blade+1","Backstab","Backflip","Dagger Throw","Calculated Gamble+1","Acrobatics","Acrobatics","Eviscerate+1","Adrenaline+1","Acrobatics+1","Infinite Blades","RitualDagger","Acrobatics","Blade Dance+1","Choke+1","Acrobatics","Backflip+1","Burst+1","CurseOfTheBell","Quick Slash+1","Outmaneuver+1","Hidden Blade","Tactician","ReplayTheSpireMod:Private Reserves","Dodge and Roll+1","Prepared"],"relics":["Ring of the Snake","NeowsBlessing","Mummified Hand","Replay:Multitool","Garlic","Singing Bowl","Coffee Dripper","Dream Catcher","MealTicket","Golden Egg","Mercury Hourglass","Calling Bell","Art of War","Molten Egg 2","Counterbalance","Juzu Bracelet","ClockworkSouvenir","ReplayTheSpireMod:TigerMarble","Blood Vial","Replay:Bandana","Bag of Preparation"],"acts_visited":["Exordium","TheCity","TheBeyond"],"potions_floor_usage":[16,24,40,40,42,42,50],"damage_taken":[{"damage":0,"enemies":"2 Louse","floor":1,"turns":1},{"damage":0,"enemies":"Small Slimes","floor":3,"turns":1},{"damage":0,"enemies":"Lagavulin","floor":6,"turns":1},{"damage":31,"enemies":"3 Sentries","floor":8,"turns":12},{"damage":0,"enemies":"Cultist","floor":10,"turns":1},{"damage":0,"enemies":"Red Slaver","floor":12,"turns":2},{"damage":0,"enemies":"Lagavulin","floor":14,"turns":1},{"damage":17,"enemies":"Fading Forest","floor":16,"turns":11},{"damage":0,"enemies":"Spheric Guardian","floor":18,"turns":1},{"damage":6,"enemies":"2 Thieves","floor":22,"turns":2},{"damage":0,"enemies":"Book of Stabbing","floor":23,"turns":1},{"damage":0,"enemies":"3 Cultists","floor":24,"turns":2},{"damage":0,"enemies":"Centurion and Healer","floor":25,"turns":1},{"damage":0,"enemies":"Slavers","floor":30,"turns":1},{"damage":0,"enemies":"Shelled Parasite and Fungi","floor":31,"turns":1},{"damage":0,"enemies":"Collector","floor":33,"turns":1},{"damage":0,"enemies":"3 Shapes","floor":35,"turns":1},{"damage":0,"enemies":"3 Darklings","floor":38,"turns":1},{"damage":28,"enemies":"Reptomancer","floor":40,"turns":5},{"damage":0,"enemies":"Maw","floor":41,"turns":1},{"damage":21,"enemies":"Giant Head","floor":42,"turns":5},{"damage":0,"enemies":"Nemesis","floor":44,"turns":1},{"damage":0,"enemies":"Jaw Worm Horde","floor":47,"turns":2},{"damage":0,"enemies":"4 Shapes","floor":48,"turns":1},{"damage":0,"enemies":"Awakened One","floor":50,"turns":4}],"seed_played":"-7646965802176905634","potions_obtained":[{"floor":1,"key":"Weak Potion"},{"floor":6,"key":"FearPotion"},{"floor":8,"key":"Elixir"},{"floor":12,"key":"BlessingOfTheForge"},{"floor":14,"key":"Toxic Potion"},{"floor":18,"key":"BlessingOfTheForge"},{"floor":25,"key":"BlessingOfTheForge"},{"floor":40,"key":"Fire Potion"},{"floor":41,"key":"BlessingOfTheForge"},{"floor":42,"key":"GhostInAJar"}],"is_trial":false,"path_per_floor":["M","?","M","$","?","E","R","E","T","M","R","M","$","E","R","B",null,"M","?","$","?","M","E","M","M","T","R","?","R","E","M","R","B",null,"M","?","?","M","$","E","M","E","T","E","?","R","M","M","R_BF","B",null],"character_chosen":"THE_SILENT","items_purchased":["Hidden Blade","Backstab","Acrobatics","Infinite Blades","Juzu Bracelet","ClockworkSouvenir"],"campfire_rested":1,"item_purchase_floors":[4,4,13,20,39,39],"current_hp_per_floor":[7,70,70,70,70,70,70,70,39,39,39,39,39,39,39,60,43,70,70,70,70,64,58,58,60,60,60,60,60,60,60,60,60,60,72,72,72,68,70,70,44,44,23,23,25,25,46,48,52,52,54],"gold":335,"neow_bonus":"THREE_ENEMY_KILL","is_daily":false,"chose_seed":false,"campfire_upgraded":4,"win_rate":0.0,"timestamp":1610426769,"path_taken":["M","?","M","$","?","E","R","E","T","M","R","?","?","E","R","BOSS","M","?","$","?","?","E","?","M","T","R","?","R","E","M","R","BOSS","M","?","?","M","$","E","M","E","T","E","?","R","M","M","R_BF","BOSS"],"items_purchased_type":["Card","Card","Card","Card","Relic","Relic"],"build_version":"2020-12-22","purchased_purges":1,"victory":true,"max_hp_per_floor":[63,70,70,70,70,70,70,70,70,70,70,70,70,70,70,70,70,70,70,70,70,70,70,70,72,72,72,72,72,72,72,72,72,72,72,72,72,68,70,70,72,72,72,72,72,72,72,72,74,74,74],"card_choices":[{"not_picked":["Expertise","Underhanded Strike"],"picked":"Backflip","floor":1},{"not_picked":["Dagger Spray","PiercingWail"],"picked":"ReplayTheSpireMod:The Works","floor":3},{"not_picked":["ReplayTheSpireMod:Tripwire","Grand Finale"],"picked":"Backflip","floor":6},{"not_picked":["Deadly Poison","Deflect"],"picked":"Dagger Throw","floor":8},{"not_picked":["Acrobatics","Deflect"],"picked":"Calculated Gamble","floor":10},{"not_picked":["PiercingWail","Cloak And Dagger","Outmaneuver"],"picked":"SKIP","floor":12},{"not_picked":["Toxin Wave","Atom Bomb"],"picked":"Eviscerate","floor":14},{"not_picked":["ReplayTheSpireMod:From All Sides","Tools of the Trade"],"picked":"Adrenaline","floor":16},{"not_picked":["Draining Mist","Sucker Punch+1"],"picked":"Acrobatics+1","floor":18},{"not_picked":["Toxin Wave","Prepared"],"picked":"Acrobatics","floor":22},{"not_picked":["Dagger Spray","Prepared"],"picked":"Blade Dance+1","floor":23},{"not_picked":["Fluid Movement","Slice+1","Flying Knee"],"picked":"Singing Bowl","floor":24},{"not_picked":["Bullet Time","Escape Plan"],"picked":"Choke+1","floor":25},{"not_picked":["Slice","Endless Agony"],"picked":"Acrobatics","floor":30},{"not_picked":["Hidden Blade","Underhanded Strike"],"picked":"Backflip+1","floor":31},{"not_picked":["Tools of the Trade","ReplayTheSpireMod:From All Sides"],"picked":"Burst","floor":33},{"not_picked":["Endless Agony+1","Predator+1"],"picked":"Quick Slash+1","floor":35},{"not_picked":["Cloak And Dagger","Bane+1","Dagger Throw+1"],"picked":"Singing Bowl","floor":38},{"not_picked":["Envenom","Blade Dance","Deadly Poison"],"picked":"Singing Bowl","floor":40},{"not_picked":["Setup+1","Deadly Poison"],"picked":"Outmaneuver+1","floor":41},{"not_picked":["Dagger Spray+1","Dodge and Roll"],"picked":"Hidden Blade","floor":42},{"not_picked":["Heel Hook+1","All Out Attack+1"],"picked":"Tactician","floor":44},{"not_picked":["Chrysalis","Replay:Parry+1"],"picked":"ReplayTheSpireMod:Private Reserves","floor":45},{"not_picked":["Expertise","Blur+1"],"picked":"Dodge and Roll+1","floor":46},{"not_picked":["Dagger Spray+1","PiercingWail"],"picked":"Prepared","floor":47},{"not_picked":["Outmaneuver","Infinite Blades+1","Riddle With Holes+1"],"picked":"Singing Bowl","floor":48}],"player_experience":288589,"relics_obtained":[{"floor":6,"key":"Mummified Hand"},{"floor":8,"key":"Replay:Multitool"},{"floor":9,"key":"Garlic"},{"floor":14,"key":"Singing Bowl"},{"floor":23,"key":"Dream Catcher"},{"floor":26,"key":"MealTicket"},{"floor":30,"key":"Mercury Hourglass"},{"floor":34,"key":"Art of War"},{"floor":34,"key":"Molten Egg 2"},{"floor":34,"key":"Counterbalance"},{"floor":40,"key":"ReplayTheSpireMod:TigerMarble"},{"floor":42,"key":"Blood Vial"},{"floor":43,"key":"Replay:Bandana"},{"floor":44,"key":"Bag of Preparation"}],"event_choices":[{"cards_removed":["Defend_G"],"damage_healed":0,"gold_gain":0,"player_choice":"Purged","damage_taken":0,"max_hp_gain":0,"max_hp_loss":0,"event_name":"Purifier","floor":5,"gold_loss":0},{"damage_healed":0,"gold_gain":0,"player_choice":"Ignored","damage_taken":0,"max_hp_gain":0,"max_hp_loss":0,"event_name":"Ghosts","floor":19,"gold_loss":0},{"damage_healed":0,"gold_gain":0,"player_choice":"Joined the Cult","damage_taken":6,"max_hp_gain":0,"max_hp_loss":0,"event_name":"Nest","floor":21,"gold_loss":0,"cards_obtained":["RitualDagger"]},{"damage_healed":0,"gold_gain":0,"player_choice":"Ignored","damage_taken":0,"max_hp_gain":0,"max_hp_loss":0,"event_name":"Tomb of Lord Red Mask","floor":36,"gold_loss":0},{"damage_healed":0,"gold_gain":0,"player_choice":"Max HP","damage_taken":0,"max_hp_gain":0,"max_hp_loss":4,"event_name":"Winding Halls","floor":37,"gold_loss":0},{"damage_healed":0,"gold_gain":0,"player_choice":"Memory 1","damage_taken":0,"max_hp_gain":0,"max_hp_loss":0,"event_name":"SensoryStone","floor":45,"gold_loss":0}],"is_beta":false,"boss_relics":[{"not_picked":["Velvet Choker","Ectoplasm"],"picked":"Coffee Dripper"},{"not_picked":["Pandora\u0027s Box","Painkiller Herb"],"picked":"Calling Bell"}],"items_purged_floors":[13],"is_endless":false,"potions_floor_spawned":[1,6,8,12,14,18,25,33,38,40,41,42],"ascension_level":3}}