{"host":"aj7el8l5kufbk20z","time":1610413002,"event":{"mods":["AchievementEnabler","BaseMod","Colored Map","Colored Powertips","Curses Come First","Downfall","Highlight Path","Minty Spire (QoL Compilation)","Permanent Neow","Poor People Problems","Quick Restart","Rare Cards Sparkle","Relic Stats","StSLib","SuperFastMode","Waifu the Spire"],"gold_per_floor":[209,229,140,160,3,3,38,38,64,64,64,29,44,55,55,127,127,146,61,0,0,12,12,12,12],"floor_reached":24,"playtime":1079,"items_purged":[],"score":340,"play_id":"9af01a65-31d3-4a3f-9876-cf8ea2f11237","local_time":"20210112085642","is_ascension_mode":true,"campfire_choices":[{"data":"expansioncontent:DecasProtection","floor":6.0,"key":"SMITH"},{"data":"Rampage","floor":8.0,"key":"SMITH"},{"data":"Spot Weakness","floor":10.0,"key":"SMITH"},{"floor":15.0,"key":"REST"},{"data":"Corruption","floor":23,"key":"SMITH"}],"circlet_count":0,"master_deck":["AscendersBane","Strike_R","Strike_R","Strike_R","Strike_R","Strike_R","Defend_R","Defend_R+1","Defend_R","Defend_R+1","Bash","Body Slam","Spot Weakness+1","expansioncontent:DecasProtection+1","Flex","Rampage+1","Heavy Blade","Shrug It Off","Corruption+1","Shrug It Off+1"],"relics":["Burning Blood","Membership Card","Oddly Smooth Stone","Ancient Tea Set","Mark of Pain","Thread and Needle"],"acts_visited":["Exordium","TheCity"],"potions_floor_usage":[16],"damage_taken":[{"damage":1.0,"enemies":"Cultist","floor":1.0,"turns":3.0},{"damage":9.0,"enemies":"Jaw Worm","floor":2.0,"turns":4.0},{"damage":14.0,"enemies":"2 Louse","floor":4.0,"turns":4.0},{"damage":28.0,"enemies":"Lagavulin","floor":7.0,"turns":6.0},{"damage":0.0,"enemies":"Blue Slaver","floor":13.0,"turns":3.0},{"damage":12.0,"enemies":"Large Slime","floor":14.0,"turns":6.0},{"damage":20,"enemies":"Slime Boss","floor":16,"turns":17},{"damage":23,"enemies":"Shell Parasite","floor":18,"turns":7},{"damage":28,"enemies":"2 Thieves","floor":22,"turns":4}],"seed_played":"2824828716299859219","potions_obtained":[{"floor":4.0,"key":"PowerPotion"},{"floor":7.0,"key":"PowerPotion"},{"floor":14.0,"key":"Dexterity Potion"}],"is_trial":false,"path_per_floor":["M","M","$","M","$","R","E","R","T","R","?","?","M","M","R","B",null,"M","?","?","?","M","R","$"],"character_chosen":"IRONCLAD","items_purchased":["expansioncontent:DecasProtection","Membership Card"],"campfire_rested":1,"item_purchase_floors":[3,5],"current_hp_per_floor":[73,70,70,62,62,62,40,40,40,40,17,35,41,35,57,43,67,50,50,50,50,28,28,28,28],"gold":12,"neow_bonus":"HUNDRED_GOLD","is_daily":false,"chose_seed":false,"campfire_upgraded":4,"win_rate":0.0,"timestamp":1610413002,"path_taken":["M","?","$","?","$","R","E","R","T","R","?","?","M","M","R","BOSS","M","?","?","?","M","R","$"],"items_purchased_type":["Card","Relic"],"build_version":"2020-12-22","purchased_purges":0,"victory":false,"max_hp_per_floor":[75,75,75,75,75,75,75,75,75,75,75,75,75,75,75,75,75,75,75,75,75,75,75,75,75],"relic_stats":{"counters":[9,54],"obtain_stats":[{"Oddly Smooth Stone":7,"Thread and Needle":19,"Mark of Pain":17,"Membership Card":5,"Ancient Tea Set":9,"Burning Blood":0},{"Oddly Smooth Stone":4,"Thread and Needle":8,"Mark of Pain":7,"Membership Card":3,"Ancient Tea Set":4,"Burning Blood":0},{"Oddly Smooth Stone":17,"Thread and Needle":50,"Mark of Pain":43,"Membership Card":11,"Ancient Tea Set":17,"Burning Blood":0}],"Burning Blood":54},"card_choices":[{"not_picked":["Headbutt","Clothesline"],"picked":"Body Slam","floor":1.0},{"not_picked":["True Grit","Fire Breathing"],"picked":"Spot Weakness","floor":2.0},{"not_picked":["Warcry","Rage"],"picked":"Flex","floor":4.0},{"not_picked":["Rupture","Seeing Red"],"picked":"Rampage","floor":7.0},{"not_picked":["Clothesline","Dual Wield"],"picked":"Heavy Blade","floor":13.0},{"not_picked":["Thunderclap","Spot Weakness"],"picked":"Shrug It Off","floor":14.0},{"not_picked":["Feed","Offering"],"picked":"Corruption","floor":16},{"not_picked":["Anger","Body Slam+1"],"picked":"Shrug It Off+1","floor":18},{"not_picked":["Anger","Twin Strike","Rampage"],"picked":"SKIP","floor":22}],"player_experience":356951,"relics_obtained":[{"floor":7.0,"key":"Oddly Smooth Stone"},{"floor":9.0,"key":"Ancient Tea Set"}],"event_choices":[{"damage_healed":0.0,"max_hp_gain":0.0,"max_hp_loss":0.0,"gold_gain":0.0,"event_name":"Shining Light","player_choice":"Entered Light","floor":11.0,"gold_loss":0.0,"damage_taken":23.0,"cards_upgraded":["Defend_R","Defend_R"]},{"damage_healed":18.0,"max_hp_gain":0.0,"max_hp_loss":0.0,"gold_gain":0.0,"event_name":"The Cleric","player_choice":"Healed","floor":12.0,"gold_loss":35.0,"damage_taken":0.0},{"damage_healed":0,"gold_gain":0,"player_choice":"Obtained Relic","damage_taken":0,"relics_obtained":["Thread and Needle"],"max_hp_gain":0,"max_hp_loss":0,"event_name":"Addict","floor":19,"gold_loss":85},{"damage_healed":0,"gold_gain":0,"player_choice":"Paid Fearfully","damage_taken":0,"max_hp_gain":0,"max_hp_loss":0,"event_name":"Masked Bandits","floor":20,"gold_loss":61},{"damage_healed":0,"gold_gain":0,"player_choice":"Ignored","damage_taken":0,"max_hp_gain":0,"max_hp_loss":0,"event_name":"Vampires","floor":21,"gold_loss":0}],"is_beta":false,"boss_relics":[{"not_picked":["Tiny House","Black Star"],"picked":"Mark of Pain"}],"items_purged_floors":[],"is_endless":false,"potions_floor_spawned":[4,7,14],"ascension_level":15}}