{"host":"8ohk72e3leaymhq4","time":1610442616,"event":{"mods":["ATMod(阿瑾Mod)","Act Like it!","Arknights The Spire","Aspiration","BaseMod","BetterRewards","Colored Powertips","Conspire","Downfall","FutureSeer","Gensokyo","Hallownest","Hubris","Hunter 猎人","KinomotoSakuraMod(木之本樱)","LagranYue(拉格朗・月)","Lobotomy","LobotomyExtend","Marisa（F雨　魔理沙）","Mimic Mod","Minty Spire (QoL Compilation)","Nova Terra(诺娃・泰拉)","Prisma Mod","Quarter Circle Forward PUNCH!","Relic Stats","Remilia（蕾米莉亚）","Replay The Spire","Reworked Bosses","Shop Mod","Spicy Shops","StSLib","Td1madao Mod","TestMod","The Administrix","The Bug Knight","The Construct","The Mystic","WarShipGirlsR/战舰少女R mod","Youmu（魂魄妖梦）","Yuri Mod","vexMod","【遗物卡牌】REMEMod","篝火指南"],"gold_per_floor":[109,30,429,296,296,329,329,363,416,416,26,26,35,50,50,79,79],"floor_reached":16,"playtime":1469,"items_purged":["Replay:Sluggish"],"score":106,"play_id":"83e27993-c1e8-4a9d-87dd-e7d93be31c84","local_time":"20210112171016","is_ascension_mode":false,"campfire_choices":[{"floor":7,"key":"REST"},{"floor":15,"key":"DIG"}],"circlet_count":0,"master_deck":["Strike_YM","Strike_YM","Strike_YM","Defend_YM+1","Defend_YM","Defend_YM","Defend_YM","SlashOfPresentWorld","WheelOfPainOfLivingAndDead","AT_DarkMatter","Singularity","GreedKing","HellFireSword","ThreeKonsSevenHakus","SpiritCuttingSword","SpiritCuttingSword+1","HumanKnowledgeSword","Alriune","RapidSlash","HumanKnowledgeSword","TwoHundredYojanaInOneSlash","SnowQueen","CherryBlossomFlashing"],"relics":["HalfPhantom","REME_ComplimentaryCards","testmod-TestBox","LagranYue:RandomDrawCardRelic","CogitoBucket","testmod-Charity","LetterFromLob","ReplayTheSpireMod:CursedCoin","vexMod:Dragonfruit","Replay:Bottled Flurry","Iron Hammer","Vajra","testmod-Register","Hakurouken","Bottled Lightning"],"acts_visited":["Exordium"],"potions_floor_usage":[16],"damage_taken":[{"damage":3,"enemies":"Jaw Worm","floor":1,"turns":4},{"damage":55,"enemies":"Gremlin Nob","floor":6,"turns":6},{"damage":6,"enemies":"Lagavulin","floor":8,"turns":7},{"damage":2,"enemies":"Small Slimes","floor":13,"turns":3},{"damage":0,"enemies":"2 Louse","floor":14,"turns":1},{"damage":39,"enemies":"Slime Boss","floor":16,"turns":5}],"seed_played":"6128966043710471603","potions_obtained":[{"floor":1,"key":"construct:ShiftPotion"},{"floor":13,"key":"REME_GoldPotion"}],"is_trial":false,"path_per_floor":["M","$","?","$","?","E","R","E","T","M","R","?","M","M","R","B"],"character_chosen":"YOUMU","items_purchased":["ThreeKonsSevenHakus","ReplayTheSpireMod:CursedCoin","vexMod:Dragonfruit","SpiritCuttingSword","HumanKnowledgeSword","testmod-Register","Hakurouken"],"campfire_rested":1,"item_purchase_floors":[2,4,4,4,4,11,11],"current_hp_per_floor":[73,73,74,80,63,9,34,29,30,38,38,38,37,38,38,0,0],"gold":79,"neow_bonus":"","is_daily":false,"chose_seed":false,"campfire_upgraded":0,"win_rate":0.0,"timestamp":1610442616,"path_taken":["M","$","?","$","?","E","R","E","T","M","R","?","M","?","R","BOSS"],"items_purchased_type":["Card","Relic","Relic","Card","Card","Relic","Relic"],"build_version":"2020-12-22","purchased_purges":1,"victory":false,"max_hp_per_floor":[76,76,77,83,83,84,84,85,86,86,86,86,87,88,88,89,89],"relic_stats":{"counters":[6,26],"obtain_stats":[{"AT_ATBox":0,"testmod-TestBox":0,"LagranYue:RandomDrawCardRelic":0,"ReplayTheSpireMod:CursedCoin":4,"testmod-Register":11,"Vajra":9,"HalfPhantom":0,"testmod-Charity":0,"vexMod:Dragonfruit":4,"CogitoBucket":0,"Hakurouken":11,"Iron Hammer":8,"LetterFromLob":1,"Replay:Bottled Flurry":6,"Bottled Lightning":15,"REME_ComplimentaryCards":0},{"AT_ATBox":0,"testmod-TestBox":0,"LagranYue:RandomDrawCardRelic":0,"ReplayTheSpireMod:CursedCoin":1,"testmod-Register":3,"Vajra":3,"HalfPhantom":0,"testmod-Charity":0,"vexMod:Dragonfruit":1,"CogitoBucket":0,"Hakurouken":3,"Iron Hammer":3,"LetterFromLob":1,"Replay:Bottled Flurry":2,"Bottled Lightning":5,"REME_ComplimentaryCards":0},{"AT_ATBox":0,"testmod-TestBox":0,"LagranYue:RandomDrawCardRelic":0,"ReplayTheSpireMod:CursedCoin":4,"testmod-Register":17,"Vajra":17,"HalfPhantom":0,"testmod-Charity":0,"vexMod:Dragonfruit":4,"CogitoBucket":0,"Hakurouken":17,"Iron Hammer":17,"LetterFromLob":4,"Replay:Bottled Flurry":10,"Bottled Lightning":21,"REME_ComplimentaryCards":0}]},"card_choices":[{"not_picked":["LaLuna","SpiderBud"],"picked":"GreedKing","floor":1},{"not_picked":["KarmicPunishmentOfTheIdleAndUnfocused","HumanRealmSword"],"picked":"HellFireSword","floor":1},{"not_picked":["WallGazer","HeroicMonk"],"picked":"Alriune","floor":6},{"not_picked":["DispleasureOfTheSevenHakus","SpiritCuttingSword"],"picked":"RapidSlash","floor":6},{"not_picked":["LowerRealmReflectionSlash","ObsessionWithThePresentWorld"],"picked":"HumanKnowledgeSword","floor":8},{"not_picked":["HumanRealmSword","TurningAngelCut"],"picked":"TwoHundredYojanaInOneSlash","floor":13},{"not_picked":["Laetitia","CherryBlossoms"],"picked":"SnowQueen","floor":14},{"not_picked":["SwordExtraction","HeartExcerptSlash"],"picked":"CherryBlossomFlashing","floor":14}],"player_experience":45277,"relics_obtained":[{"floor":1,"key":"LetterFromLob"},{"floor":6,"key":"Replay:Bottled Flurry"},{"floor":8,"key":"Iron Hammer"},{"floor":9,"key":"Vajra"},{"floor":15,"key":"Bottled Lightning"}],"event_choices":[{"damage_healed":0,"gold_gain":400,"player_choice":"Sell","damage_taken":0,"max_hp_gain":0,"max_hp_loss":0,"event_name":"恩洛斯的盘子","floor":3,"relics_lost":["AT_ATBox"],"gold_loss":0},{"damage_healed":0,"gold_gain":0,"player_choice":"Entered Light","damage_taken":17,"max_hp_gain":0,"max_hp_loss":0,"event_name":"Shining Light","floor":5,"gold_loss":0,"cards_upgraded":["Defend_YM","SpiritCuttingSword"]},{"damage_healed":0,"gold_gain":0,"player_choice":"Disagree","damage_taken":0,"max_hp_gain":0,"max_hp_loss":0,"event_name":"conspire:LoneGhost","floor":12,"gold_loss":0}],"is_beta":false,"boss_relics":[],"items_purged_floors":[4],"is_endless":false,"potions_floor_spawned":[1,13],"killed_by":"Slime Boss","ascension_level":0}}