{"host":"nkvlzktxjd25uwls","time":1610494536,"event":{"mods":["AchievementEnabler","BaseMod","Better Altar","Better Match","Better Note","Better Sensory Stone","Better Skull","Better Third Choice","BetterRewards","Colored Map","Conspire","Downfall","GifTheSpireLib","Googly Eyes","Halation","Highlight Path","Mimic Mod","Minty Spire (QoL Compilation)","Replay The Spire","Shop Mod","Spicy Shops","StSLib","Stuff the Spire","Unceasing Turn Reminder","everything is the same but u backflip on backflip","slay the spire mod where everything is the same but ironclad has a cowboy hat"],"gold_per_floor":[99,99,99,99,99,24,24,24,24,24,53,66,79,113,123,227,227,77,90,105,118,118,118,118,118],"floor_reached":23,"language":"ENG","playtime":1680,"items_purged":[],"score":272,"play_id":"ba6c9be5-9695-45cb-b085-4ef6927c7e3c","local_time":"20210113023536","is_ascension_mode":false,"campfire_choices":[{"floor":1.0,"key":"RECALL"},{"data":"hexamod:RadiantFlame","floor":6,"key":"SMITH"},{"data":"hexamod:GhostShield","floor":8,"key":"SMITH"}],"circlet_count":0,"master_deck":["conspire:GhostlyStrike","conspire:GhostlyStrike","conspire:GhostlyStrike","conspire:GhostlyStrike","conspire:GhostlyDefend","conspire:GhostlyDefend","conspire:GhostlyDefend","conspire:GhostlyDefend","hexamod:Float","hexamod:RadiantFlame+1","hexamod:GhostShield+1","hexamod:PhantomCloak+1","hexamod:HeatCrush","hexamod:SpectersWail","hexamod:PhantomCloak","hexamod:AdvancingGuard","hexamod:EmpoweringStance","hexamod:HexaLevel","hexamod:SwordOfDarkness","hexamod:ShieldOfDarkness","hexamod:StepThrough","Apotheosis+1"],"relics":["hexamod:SpiritBrand","downfall:HeartsMalice","downfall:BrokenWingStatue","downfall:HeartBlessingRed","Ornamental Fan","halation:Risk","downfall:HeartBlessingGreen","downfall:HeartBlessingBlue","downfall:RedIOU"],"acts_visited":["Exordium","TheCity"],"potions_floor_usage":[14,16,16,21,21,21],"damage_taken":[{"damage":0.0,"enemies":"conspire:RoseBush","floor":2.0,"turns":1.0},{"damage":0.0,"enemies":"downfall:FleeingMerchant","floor":5.0,"turns":1.0},{"damage":0,"enemies":"Gremlin Nob","floor":11,"turns":1},{"damage":0,"enemies":"Small Slimes","floor":12,"turns":3},{"damage":0,"enemies":"2 Louse","floor":13,"turns":2},{"damage":23,"enemies":"3 Sentries","floor":14,"turns":10},{"damage":7,"enemies":"Large Slime","floor":15,"turns":6},{"damage":19,"enemies":"downfall:Ironclad","floor":16,"turns":16},{"damage":18,"enemies":"3 Byrds","floor":19,"turns":11},{"damage":55,"enemies":"conspire:FuzzyDice","floor":20,"turns":8},{"damage":5,"enemies":"Snecko","floor":21,"turns":9},{"damage":9,"enemies":"Shelled Parasite and Fungi","floor":23,"turns":6}],"seed_played":"-6591396083661277474","potions_obtained":[{"floor":12,"key":"AttackPotion"},{"floor":13,"key":"Toxic Potion"},{"floor":14,"key":"champ:CounterPotion"},{"floor":16,"key":"Toxic Potion"},{"floor":19,"key":"SkillPotion"},{"floor":20,"key":"Adrenaline Potion"}],"is_trial":false,"path_per_floor":["R","M","?","?","$","R","T","R","?","?","E","M","M","E","M","B",null,"R_BF","M","M","M","?","M"],"character_chosen":"THE_SPIRIT","items_purchased":[],"campfire_rested":0,"item_purchase_floors":[],"current_hp_per_floor":[70,70,70,70,70,70,70,70,70,70,70,70,70,47,40,21,70,80,62,7,2,2,0,0,0],"gold":118,"neow_bonus":"THREE_ENEMY_KILL","is_daily":false,"chose_seed":false,"campfire_upgraded":2,"win_rate":0.0,"timestamp":1610494536,"path_taken":["R","M","?","?","$","R","T","R","?","?","E","?","M","E","M","BOSS","R_BF","M","M","M","?","M"],"items_purchased_type":[],"build_version":"2020-12-22","purchased_purges":0,"victory":false,"max_hp_per_floor":[70,70,70,70,70,70,70,70,70,70,70,70,70,70,70,70,70,80,80,80,80,80,80,80,80],"card_choices":[{"not_picked":["hexamod:FastForward","hexamod:BacktrackSmack"],"picked":"hexamod:RadiantFlame","floor":2.0},{"not_picked":["hexamod:HauntingEcho","hexamod:GhostLash"],"picked":"hexamod:GhostShield","floor":5},{"not_picked":["hexamod:ChargedBarrage","hexamod:HauntingEcho"],"picked":"hexamod:HeatCrush","floor":11},{"not_picked":["hexamod:FastForward","hexamod:ShieldOfDarkness"],"picked":"hexamod:SpectersWail","floor":12},{"not_picked":["hexamod:NightmareGuise","hexamod:SpectralAdrenaline"],"picked":"hexamod:PhantomCloak","floor":13},{"not_picked":["hexamod:RetreatToShadows","hexamod:ShieldOfDarkness"],"picked":"hexamod:AdvancingGuard","floor":14},{"not_picked":["hexamod:FourthSeal","hexamod:SpectersWail"],"picked":"hexamod:EmpoweringStance","floor":15},{"not_picked":["hexamod:ParanormalForm","hexamod:CrushingStance"],"picked":"hexamod:HexaLevel","floor":16},{"not_picked":["hexamod:ShieldOfDarkness","hexamod:HauntingEcho"],"picked":"hexamod:SwordOfDarkness","floor":19},{"not_picked":["hexamod:SpectersWail","hexamod:ThermalTransfer"],"picked":"hexamod:ShieldOfDarkness","floor":20},{"not_picked":["hexamod:NightmareGuise+1","hexamod:NightmareStrike+1"],"picked":"hexamod:StepThrough","floor":21}],"player_experience":380412,"relics_obtained":[{"floor":11,"key":"Ornamental Fan"},{"floor":14,"key":"Ancient Tea Set"}],"event_choices":[{"damage_healed":0.0,"max_hp_gain":0.0,"max_hp_loss":0.0,"gold_gain":0.0,"event_name":"conspire:LoneGhost","player_choice":"Agree","floor":4.0,"gold_loss":0.0,"damage_taken":0.0},{"damage_healed":0,"gold_gain":0,"player_choice":"Leave","damage_taken":0,"max_hp_gain":0,"max_hp_loss":0,"event_name":"conspire:Investor","floor":10,"gold_loss":0},{"cards_removed":["hexamod:SpectersWail"],"damage_healed":0,"gold_gain":0,"player_choice":"Take \u0026 Give","damage_taken":0,"max_hp_gain":0,"max_hp_loss":0,"event_name":"betterNote:BetterNote","floor":22,"gold_loss":0,"cards_obtained":["Apotheosis"]}],"is_beta":false,"boss_relics":[{"not_picked":["halation:LoveArrow","halation:SmartPhone"],"picked":"halation:Risk"}],"items_purged_floors":[],"is_endless":false,"potions_floor_spawned":[12,13,14,16,19,20],"killed_by":"Shelled Parasite and Fungi","ascension_level":0}}