{"host":"mmqs5ul2bvb60kyc","time":1610421865,"event":{"mods":["AchievementEnabler","BaseMod","Colored Map","Minty Spire (QoL Compilation)","Quick Restart","Spicy Shops","StSLib","The Bug Knight","The Runesmith","[IsaacMod]ÒÔÈö¼âËþ","¡¾ÒÅÎï¿¨ÅÆ¡¿REMEMod"],"gold_per_floor":[126,126,165,180,229,229,247,247,247,268,45,61,99,142,142,272,272,310,351,374,399,399],"floor_reached":21,"playtime":1199,"items_purged":[],"score":210,"play_id":"373e6005-b72a-4cdc-b5ba-8f61e99b60a5","local_time":"20210112112425","is_ascension_mode":false,"campfire_choices":[{"data":"BettingIsNotGood","floor":6.0,"key":"SMITH"},{"data":"HollowMod:ChannelNail","floor":8.0,"key":"SMITH"},{"data":"HollowMod:AwokenDreamNail","floor":15.0,"key":"SMITH"}],"circlet_count":0,"master_deck":["HollowMod:NailStrikeStart","HollowMod:NailStrikeStart","HollowMod:NailStrikeStart","HollowMod:NailStrikeStart","HollowMod:QuickDashStart","HollowMod:QuickDashStart","HollowMod:QuickDashStart","HollowMod:QuickDashStart","HollowMod:FocusHealStart","HollowMod:PogoStrike","BettingIsNotGood+1","HollowMod:GoodIntentions","HollowMod:ChannelNail+1","HollowMod:HuntersJournal","HollowMod:CloakDash","HollowMod:CornifersMapStart","HollowMod:AwokenDreamNail+1","HollowMod:SlysStrikes","HollowMod:GrimmsGift","HollowMod:ShapeofUnn"],"relics":["HollowMod:VesselMask","HushsDoor","REME_ComplimentaryCards","SatanicBible","NeowsBlessing","Golden Idol","Kunai","Strange Spoon","Runesmith:AutoHammer","Bird Faced Urn","Black Star"],"acts_visited":["Exordium","TheCity"],"potions_floor_usage":[],"damage_taken":[{"damage":0.0,"enemies":"2 Louse","floor":1.0,"turns":1.0},{"damage":0.0,"enemies":"Cultist","floor":3.0,"turns":2.0},{"damage":0.0,"enemies":"Small Slimes","floor":4.0,"turns":2.0},{"damage":0.0,"enemies":"Red Slaver","floor":7.0,"turns":2.0},{"damage":0.0,"enemies":"Blue Slaver","floor":10.0,"turns":3.0},{"damage":0.0,"enemies":"3 Louse","floor":12.0,"turns":1.0},{"damage":0.0,"enemies":"Gremlin Nob","floor":13.0,"turns":3.0},{"damage":25.0,"enemies":"2 Fungi Beasts","floor":14.0,"turns":7.0},{"damage":7.0,"enemies":"Slime Boss","floor":16.0,"turns":11.0},{"damage":36.0,"enemies":"3 Byrds","floor":18.0,"turns":8.0},{"damage":10.0,"enemies":"2 Thieves","floor":19.0,"turns":3.0},{"damage":1.0,"enemies":"Chosen and Byrds","floor":20.0,"turns":6.0},{"damage":62,"enemies":"Cultist and Chosen","floor":21,"turns":4}],"seed_played":"2220425269371076474","potions_obtained":[{"floor":1.0,"key":"Swift Potion"},{"floor":12.0,"key":"Strength Potion"},{"floor":14.0,"key":"DistilledChaos"},{"floor":19.0,"key":"Weak Potion"}],"is_trial":false,"path_per_floor":["M","?","M","M","?","R","M","R","T","M","$","M","E","M","R","B",null,"M","M","M","M"],"character_chosen":"THE_BUGKNIGHT","items_purchased":["Strange Spoon","Runesmith:AutoHammer"],"campfire_rested":0,"item_purchase_floors":[11,11],"current_hp_per_floor":[75,69,69,69,54,54,54,54,54,64,64,64,64,55,55,63,69,49,41,58,0,0],"gold":399,"neow_bonus":"THREE_ENEMY_KILL","is_daily":false,"chose_seed":false,"campfire_upgraded":3,"win_rate":0.0,"timestamp":1610421865,"path_taken":["M","?","?","M","?","R","M","R","T","M","$","M","E","M","R","BOSS","M","M","?","M"],"items_purchased_type":["Relic","Relic"],"build_version":"2020-12-22","purchased_purges":0,"victory":false,"max_hp_per_floor":[75,69,69,69,69,69,69,69,69,69,69,69,69,69,69,69,69,69,69,69,69,69],"card_choices":[{"not_picked":[],"picked":"BettingIsNotGood","floor":0.0},{"not_picked":["HollowMod:DoubleDash","HollowMod:CrystalDash","HollowMod:SiblingsShadow"],"picked":"SKIP","floor":1.0},{"not_picked":["HollowMod:CoiledNail","HollowMod:SoulEater"],"picked":"HollowMod:ChannelNail","floor":3.0},{"not_picked":["HollowMod:SharpenedShadows","HollowMod:DreamGate"],"picked":"HollowMod:HuntersJournal","floor":4.0},{"not_picked":["HollowMod:CycloneSlash","HollowMod:VengefulVoid"],"picked":"HollowMod:CloakDash","floor":7.0},{"not_picked":["HollowMod:InfectedAttack","HollowMod:TaintedHusks","HollowMod:NewJinnsSoul"],"picked":"SKIP","floor":10.0},{"not_picked":["HollowMod:SiblingsSouls","HollowMod:DashSlash"],"picked":"HollowMod:CornifersMapStart","floor":12.0},{"not_picked":["HollowMod:VengefulVoid","HollowMod:GrimmsGift"],"picked":"HollowMod:AwokenDreamNail","floor":13.0},{"not_picked":["HollowMod:GoodIntentions","HollowMod:QuirrelsAssistance","HollowMod:DescendingDark"],"picked":"SKIP","floor":14.0},{"not_picked":["HollowMod:theNailsmith","HollowMod:ZotesMagnificence"],"picked":"HollowMod:SlysStrikes","floor":16.0},{"not_picked":["HollowMod:NewLittleFool","HollowMod:DungDefenderAura+1","HollowMod:MonarchWings"],"picked":"SKIP","floor":18.0},{"not_picked":["HollowMod:GoodIntentions","HollowMod:LifebloodCocoon"],"picked":"HollowMod:GrimmsGift","floor":19.0},{"not_picked":["HollowMod:DashSlash","HollowMod:DoubleDash"],"picked":"HollowMod:ShapeofUnn","floor":20}],"player_experience":252281,"relics_obtained":[{"floor":9.0,"key":"Kunai"},{"floor":13.0,"key":"Bird Faced Urn"}],"event_choices":[{"damage_healed":0.0,"max_hp_gain":0.0,"max_hp_loss":6.0,"gold_gain":0.0,"event_name":"Golden Idol","player_choice":"Lose Max HP","floor":2.0,"gold_loss":0.0,"damage_taken":0.0,"relics_obtained":["Golden Idol"]}],"is_beta":false,"boss_relics":[{"not_picked":["SacredBark","Velvet Choker"],"picked":"Black Star"},{"not_picked":[]}],"items_purged_floors":[],"is_endless":false,"potions_floor_spawned":[1,12,14,19],"killed_by":"Cultist and Chosen","ascension_level":0}}