{"host":"kdt6w7ix8lwe69i9","time":1610422880,"event":{"mods":["100% Spire Juice","Bartender","BaseMod","ChefMod","Downfall","Evolution","Fiend Mod","Jorbs\u0027s Wanderer Trilogy","Minty Spire (QoL Compilation)","Reimu（博丽灵梦）","Robot Space Explorer","Shade Mod","StSLib","The Caster","The Cursed","The Disciple","The Dragon Tamer","The Druid","The Fake Hero","The Forsaken","The Gatherer","The Marked","TheBandit","TheSwordswoman"],"gold_per_floor":[116,291,309,309,319,319,329,361,385,485,505,120,134,152,152,255,255,267,267,227,238,238,280,303,346,358,370,382,404,416,3,3,98,98,111,111,125,347,347,361,361,375,399,414,449,449,98,117,117,117,117],"floor_reached":50,"playtime":5176,"items_purged":[],"score":618,"play_id":"c9eda318-a009-40f1-b237-5959264ed3dc","local_time":"20210111224120","is_ascension_mode":false,"campfire_choices":[{"data":"Shade:Bonestorm","floor":6,"key":"SMITH"},{"floor":15,"key":"RECALL"},{"data":"Shade:Bonestorm","floor":28,"key":"SMITH"},{"data":"Shade:GreaterAnimation","floor":30,"key":"SMITH"},{"data":"Shade:Bonestorm","floor":32,"key":"SMITH"},{"data":"Shade:UnbarTheGrave","floor":41,"key":"SMITH"},{"data":"Shade:Putrefaction","floor":46,"key":"SMITH"},{"data":"Shade:CommandSoldier","floor":49,"key":"SMITH"}],"circlet_count":0,"master_deck":["Shade:BoneShards","Shade:BoneShards","Shade:BoneShards","Shade:BoneShards+1","Shade:GraveStillness","Shade:GraveStillness","Shade:GraveStillness","Shade:Defend_Shade","Shade:AnimateDead","Shade:CarefulCut","Shade:CommandSoldier+1","Shade:Bonestorm+1","Shade:Bonestorm+1","Shade:UnbarTheGrave","Shade:Frenzy","Shade:PressTheAttack","Shade:FuneraryArmor","Shade:FreshBones","Shade:DangerousRitual","Shade:GreaterAnimation+1","Shade:Frenzy","Shade:ClawBack","Shade:FleshToFlesh+1","Shade:ClawBack","Shade:Consume","Shade:Bonestorm+1","Shade:Frenzy","Shade:UnbarTheGrave+1","Shade:FleshToFlesh","Shade:CommandSoldier+1","Shade:SensePrey+1","Shade:TouchOfTheGrave+1","Shade:Putrefaction+1","Shade:AncientSpear+1","Shade:Frenzy","Shade:AncientSpear+1"],"relics":["Shade:YorickSkull","EVO:Axolotl","Spirit Poop","Orichalcum","theForsaken:Kindling","Coffee Dripper","ZunR:ReiMu","MawBank","Nunchaku","Red Mask","Thread and Needle","CrazyTorch:ReiMu","Lee\u0027s Waffle","Fiend:Scarf","Lantern","Singing Bowl","Toy Ornithopter","TentaclePot:ReiMu"],"acts_visited":["Exordium","TheCity","TheBeyond"],"potions_floor_usage":[8,16,18,24,25,25,37,40,42,45],"damage_taken":[{"damage":0,"enemies":"Small Slimes","floor":1,"turns":3},{"damage":0,"enemies":"Cultist","floor":3,"turns":4},{"damage":0,"enemies":"Jaw Worm","floor":5,"turns":3},{"damage":0,"enemies":"Gremlin Gang","floor":7,"turns":4},{"damage":4,"enemies":"3 Sentries","floor":8,"turns":4},{"damage":0,"enemies":"Exordium Thugs","floor":11,"turns":4},{"damage":0,"enemies":"Lots of Slimes","floor":13,"turns":2},{"damage":0,"enemies":"Exordium Wildlife","floor":14,"turns":3},{"damage":2,"enemies":"Slime Boss","floor":16,"turns":7},{"damage":6,"enemies":"2 Thieves","floor":18,"turns":4},{"damage":0,"enemies":"Chosen","floor":21,"turns":2},{"damage":21,"enemies":"Slavers","floor":23,"turns":4},{"damage":0,"enemies":"Snecko","floor":24,"turns":5},{"damage":2,"enemies":"Masked Bandits","floor":25,"turns":4},{"damage":0,"enemies":"Sentry and Sphere","floor":29,"turns":3},{"damage":21,"enemies":"Automaton","floor":33,"turns":7},{"damage":0,"enemies":"Orb Walker","floor":35,"turns":3},{"damage":0,"enemies":"3 Shapes","floor":37,"turns":1},{"damage":0,"enemies":"Writhing Mass","floor":40,"turns":6},{"damage":0,"enemies":"Jaw Worm Horde","floor":42,"turns":2},{"damage":0,"enemies":"Maw","floor":44,"turns":6},{"damage":23,"enemies":"Nemesis","floor":45,"turns":4},{"damage":0,"enemies":"3 Darklings","floor":48,"turns":2},{"damage":57,"enemies":"Time Eater","floor":50,"turns":9}],"seed_played":"3753916309488237781","potions_obtained":[{"floor":1,"key":"Guardian:BlockOnCardUsePotion"},{"floor":7,"key":"ColorlessPotion"},{"floor":13,"key":"MagicPotion:ReiMu"},{"floor":16,"key":"Weak Potion"},{"floor":18,"key":"Dexterity Potion"},{"floor":24,"key":"CultistPotion"},{"floor":29,"key":"ZuzhouPotion:ReiMu"},{"floor":35,"key":"Swift Potion"},{"floor":37,"key":"LiquidBronze"},{"floor":40,"key":"Explosive Potion"}],"is_trial":false,"path_per_floor":["M","?","M","?","M","R","M","E","T","?","M","$","M","M","R","B",null,"M","?","?","M","T","E","M","?","T","?","R","M","R","$","R","B",null,"M","?","M","?","?","M","R","M","T","M","E","R","$","M","R","B"],"character_chosen":"SHADE","items_purchased":["theForsaken:Kindling","Shade:PressTheAttack","Shade:FuneraryArmor","CrazyTorch:ReiMu","Lee\u0027s Waffle","Shade:Frenzy","Toy Ornithopter","TentaclePot:ReiMu","Shade:Frenzy"],"campfire_rested":0,"item_purchase_floors":[12,12,12,31,31,31,47,47,47],"current_hp_per_floor":[65,65,65,65,65,65,65,61,61,61,61,61,61,61,61,59,65,59,59,59,59,59,38,38,36,36,57,57,57,57,72,72,51,72,72,65,65,65,65,65,65,65,65,65,42,42,42,42,42,0,0],"gold":117,"neow_bonus":"UPGRADE_CARD","is_daily":false,"chose_seed":false,"campfire_upgraded":7,"win_rate":0.0,"timestamp":1610422880,"path_taken":["M","?","M","?","M","R","?","E","T","?","?","?","?","M","R","BOSS","M","?","?","M","?","E","M","?","T","?","R","M","R","$","R","BOSS","M","?","?","?","?","M","R","M","T","M","E","R","?","M","R","BOSS"],"items_purchased_type":["Relic","Card","Card","Relic","Relic","Card","Relic","Relic","Card"],"build_version":"2020-12-22","purchased_purges":0,"victory":false,"max_hp_per_floor":[65,65,65,65,65,65,65,65,65,65,65,65,65,65,65,65,65,65,65,65,65,65,65,65,65,65,65,65,65,65,72,72,72,72,72,72,72,72,72,72,72,72,72,72,72,72,72,72,72,72,72],"card_choices":[{"not_picked":["Shade:SanguineRitual","Shade:StitchTogether"],"picked":"Shade:CommandSoldier","floor":1},{"not_picked":["Shade:WallOfFlesh","Shade:OpenGraves"],"picked":"Shade:Bonestorm","floor":3},{"not_picked":["Shade:GreyBargain","Shade:ExtraLimbs"],"picked":"Shade:Bonestorm","floor":5},{"not_picked":["Shade:FuneraryArmor","Shade:FuneraryJewels"],"picked":"Shade:CommandSoldier","floor":7},{"not_picked":["Shade:Doomsay","Shade:FeralStrike"],"picked":"Shade:UnbarTheGrave","floor":8},{"not_picked":["Shade:Brains","Shade:CommandSoldier"],"picked":"Shade:Frenzy","floor":11},{"not_picked":["Shade:CommandSoldier","Shade:AncientSpear"],"picked":"Shade:FreshBones","floor":13},{"not_picked":["Shade:FuneraryArmor","Shade:Awaken"],"picked":"Shade:DangerousRitual","floor":14},{"not_picked":["Shade:Consume","Shade:OfferingToTheBeyond"],"picked":"Shade:GreaterAnimation","floor":16},{"not_picked":["Shade:BoneShards","Shade:Premonition"],"picked":"Shade:Frenzy","floor":18},{"not_picked":["Shade:SelfBurial","Shade:AncientSpear"],"picked":"Shade:ClawBack","floor":21},{"not_picked":["Shade:FreshBones","Shade:SpontaneousRitual"],"picked":"Shade:FleshToFlesh+1","floor":23},{"not_picked":["Shade:Excise","Shade:BoneShards"],"picked":"Shade:ClawBack","floor":24},{"not_picked":["Shade:Haruspicy","Shade:Patience"],"picked":"Shade:Consume","floor":25},{"not_picked":["Shade:Trample","Shade:Patience"],"picked":"Shade:Bonestorm","floor":29},{"not_picked":["Shade:SelfBurial","Shade:OneIsEnough"],"picked":"Shade:UnbarTheGrave","floor":33},{"not_picked":["Shade:Trample+1","Shade:Brains+1"],"picked":"Shade:FleshToFlesh","floor":35},{"not_picked":["Shade:FingerOfDeath+1","Shade:LastGasp"],"picked":"Shade:CommandSoldier+1","floor":37},{"not_picked":["Shade:FuneraryArmor","Shade:Premonition+1"],"picked":"Shade:SensePrey+1","floor":40},{"not_picked":["Shade:StitchTogether","Shade:FeralStrike"],"picked":"Shade:TouchOfTheGrave+1","floor":42},{"not_picked":["Shade:ScuttlingHand+1","Shade:TouchOfTheGrave"],"picked":"Shade:Putrefaction","floor":44},{"not_picked":["Shade:GoDigging+1","Shade:DangerousRitual"],"picked":"Shade:AncientSpear+1","floor":45},{"not_picked":["Shade:SkeletonArmy","Shade:SoulToxin"],"picked":"Shade:AncientSpear+1","floor":48}],"player_experience":1755950,"relics_obtained":[{"floor":8,"key":"Orichalcum"},{"floor":22,"key":"MawBank"},{"floor":23,"key":"Nunchaku"},{"floor":25,"key":"Red Mask"},{"floor":26,"key":"Thread and Needle"},{"floor":43,"key":"Lantern"},{"floor":45,"key":"Singing Bowl"}],"event_choices":[{"damage_healed":0,"gold_gain":175,"player_choice":"AGREE","damage_taken":0,"max_hp_gain":0,"max_hp_loss":0,"event_name":"Liars Game","floor":2,"gold_loss":0,"cards_obtained":["Doubt"]},{"cards_removed":["Doubt"],"damage_healed":0,"gold_gain":0,"player_choice":"Offered Curse","damage_taken":0,"relics_obtained":["Spirit Poop"],"max_hp_gain":0,"max_hp_loss":0,"event_name":"Bonfire Elementals","floor":4,"gold_loss":0},{"damage_healed":0,"gold_gain":100,"player_choice":"Gold","damage_taken":0,"max_hp_gain":0,"max_hp_loss":0,"event_name":"Wheel of Change","floor":10,"gold_loss":0},{"damage_healed":0,"gold_gain":0,"player_choice":"Ignored","damage_taken":0,"max_hp_gain":0,"max_hp_loss":0,"event_name":"Vampires","floor":19,"gold_loss":0},{"damage_healed":0,"gold_gain":0,"player_choice":"Keep O-miki","damage_taken":0,"relics_obtained":["ZunR:ReiMu"],"max_hp_gain":0,"max_hp_loss":0,"event_name":"ZunEvent","floor":20,"gold_loss":40},{"damage_healed":0,"gold_gain":0,"player_choice":"Fought Bandits","damage_taken":0,"max_hp_gain":0,"max_hp_loss":0,"event_name":"Masked Bandits","floor":25,"gold_loss":0},{"damage_healed":21,"gold_gain":0,"player_choice":"Heal","damage_taken":0,"max_hp_gain":0,"max_hp_loss":0,"event_name":"The Library","floor":27,"gold_loss":0},{"damage_healed":0,"gold_gain":0,"player_choice":"Damaged","damage_taken":7,"max_hp_gain":0,"max_hp_loss":0,"event_name":"Wheel of Change","floor":36,"gold_loss":0},{"damage_healed":0,"gold_gain":222,"player_choice":"Wore Mask","damage_taken":0,"max_hp_gain":0,"max_hp_loss":0,"event_name":"Tomb of Lord Red Mask","floor":38,"gold_loss":0},{"cards_removed":["Shade:CommandSoldier"],"damage_healed":0,"gold_gain":0,"player_choice":"Removed Skill","damage_taken":0,"max_hp_gain":0,"max_hp_loss":0,"event_name":"Falling","floor":39,"gold_loss":0}],"is_beta":false,"boss_relics":[{"not_picked":["Fusion Hammer","RedLine:ReiMu"],"picked":"Coffee Dripper"},{"not_picked":["Snecko Eye","Busted Crown"],"picked":"Fiend:Scarf"}],"items_purged_floors":[],"is_endless":false,"potions_floor_spawned":[1,7,13,16,18,24,29,35,37,40],"killed_by":"Time Eater","ascension_level":0}}