{"host":"t7mx8yfj1no5p62f","time":1610471173,"event":{"mods":["BaseMod","Bestiary","Colored Map","Colored Powertips","Minty Spire (QoL Compilation)","Relic Stats","StSLib"],"gold_per_floor":[119,134,134,134,145,156,156,156,156],"floor_reached":8,"playtime":184,"items_purged":[],"score":96,"play_id":"92d4818e-4a2c-43a4-ad6a-7bcd9886094b","local_time":"20210112120613","is_ascension_mode":true,"campfire_choices":[{"data":"Pommel Strike","floor":7,"key":"SMITH"}],"circlet_count":0,"master_deck":["AscendersBane","Strike_R","Strike_R","Strike_R","Strike_R","Defend_R","Defend_R","Defend_R","Defend_R","Bash","Thunderclap","Cleave","Flame Barrier","Pommel Strike+1"],"relics":["Burning Blood","The Courier"],"acts_visited":["Exordium"],"potions_floor_usage":[6],"damage_taken":[{"damage":11,"enemies":"2 Louse","floor":1,"turns":3},{"damage":5,"enemies":"Small Slimes","floor":2,"turns":4},{"damage":9,"enemies":"Jaw Worm","floor":5,"turns":5},{"damage":6,"enemies":"Red Slaver","floor":6,"turns":3},{"damage":59,"enemies":"Gremlin Nob","floor":8,"turns":5}],"seed_played":"7872093472341934776","potions_obtained":[{"floor":5,"key":"DistilledChaos"}],"is_trial":false,"path_per_floor":["M","M","?","?","M","M","R","E"],"character_chosen":"IRONCLAD","items_purchased":[],"campfire_rested":0,"item_purchase_floors":[],"current_hp_per_floor":[70,71,64,53,50,50,50,0,0],"gold":156,"neow_bonus":"TEN_PERCENT_HP_BONUS","is_daily":false,"chose_seed":false,"campfire_upgraded":1,"win_rate":0.0,"timestamp":1610471173,"path_taken":["M","M","?","?","M","M","R","E"],"items_purchased_type":[],"build_version":"2020-12-22","purchased_purges":0,"victory":false,"max_hp_per_floor":[82,82,82,82,82,82,82,82,82],"relic_stats":{"counters":[5,20],"obtain_stats":[{"The Courier":4,"Burning Blood":0},{"The Courier":2,"Burning Blood":0},{"The Courier":7,"Burning Blood":0}],"Burning Blood":24},"card_choices":[{"not_picked":["Havoc","Heavy Blade"],"picked":"Thunderclap","floor":1},{"not_picked":["Blood for Blood","Second Wind"],"picked":"Cleave","floor":2},{"not_picked":["Twin Strike","Armaments"],"picked":"Flame Barrier","floor":5},{"not_picked":["Sentinel","Thunderclap"],"picked":"Pommel Strike","floor":6}],"player_experience":1739956,"relics_obtained":[],"event_choices":[{"cards_removed":["Strike_R"],"damage_healed":0,"gold_gain":0,"player_choice":"Card Removal","damage_taken":7,"max_hp_gain":0,"max_hp_loss":0,"event_name":"Golden Wing","floor":3,"gold_loss":0},{"damage_healed":0,"gold_gain":0,"player_choice":"Success","damage_taken":11,"relics_obtained":["The Courier"],"max_hp_gain":0,"max_hp_loss":0,"event_name":"Scrap Ooze","floor":4,"gold_loss":0}],"is_beta":false,"boss_relics":[],"items_purged_floors":[],"is_endless":false,"potions_floor_spawned":[5],"killed_by":"Gremlin Nob","ascension_level":20}}