{"host":"2lo6hma6kymb0g9i","time":1610471951,"event":{"mods":["BaseMod","Colored Map","DeckTracker","Minty Spire (QoL Compilation)"],"gold_per_floor":[10,10,10,25,48,48,48,48,102,115,148,172,210,234,234,332,332,357,357,357],"floor_reached":19,"playtime":1254,"items_purged":[],"score":322,"play_id":"efc7522f-31c4-42d5-9b3c-05165e3b4c00","local_time":"20210113021911","is_ascension_mode":true,"campfire_choices":[{"data":"Cold Snap","floor":6,"key":"SMITH"},{"data":"Streamline","floor":15,"key":"SMITH"}],"circlet_count":0,"master_deck":["AscendersBane","Strike_B","Strike_B","Strike_B+1","Defend_B","Defend_B+1","Defend_B","Defend_B","Zap","Dualcast","Gash","Cold Snap+1","Go for the Eyes","Conserve Battery","Streamline+1","Cold Snap","FTL","Core Surge"],"relics":["Cracked Core","Calipers","Golden Idol","DataDisk","Matryoshka","Bird Faced Urn","SlaversCollar"],"acts_visited":["Exordium","TheCity"],"potions_floor_usage":[11,13,13,13,13,19,19],"damage_taken":[{"damage":3,"enemies":"Small Slimes","floor":1,"turns":3},{"damage":4,"enemies":"2 Louse","floor":4,"turns":3},{"damage":0,"enemies":"Jaw Worm","floor":5,"turns":3},{"damage":0,"enemies":"Exordium Wildlife","floor":10,"turns":4},{"damage":16,"enemies":"Lagavulin","floor":11,"turns":7},{"damage":12,"enemies":"2 Fungi Beasts","floor":12,"turns":3},{"damage":6,"enemies":"Gremlin Nob","floor":13,"turns":3},{"damage":0,"enemies":"Looter","floor":14,"turns":2},{"damage":3,"enemies":"The Guardian","floor":16,"turns":13},{"damage":24,"enemies":"2 Thieves","floor":18,"turns":4},{"damage":39,"enemies":"Masked Bandits","floor":19,"turns":3}],"seed_played":"-1970624326204473862","potions_obtained":[{"floor":4,"key":"SpeedPotion"},{"floor":10,"key":"Weak Potion"},{"floor":11,"key":"EntropicBrew"},{"floor":12,"key":"BlessingOfTheForge"},{"floor":14,"key":"LiquidMemories"},{"floor":18,"key":"GamblersBrew"}],"is_trial":false,"path_per_floor":["M","?","?","M","M","R","?","$","T","M","E","M","E","M","R","B",null,"M","?"],"character_chosen":"DEFECT","items_purchased":[],"campfire_rested":0,"item_purchase_floors":[],"current_hp_per_floor":[61,61,61,57,57,57,38,38,38,38,22,10,13,13,13,10,51,27,0,0],"gold":357,"neow_bonus":"ONE_RARE_RELIC","is_daily":false,"chose_seed":false,"campfire_upgraded":2,"win_rate":0.0,"timestamp":1610471951,"path_taken":["M","?","?","M","M","R","?","$","T","?","E","M","E","M","R","BOSS","M","?"],"items_purchased_type":[],"build_version":"2020-12-22","purchased_purges":0,"victory":false,"max_hp_per_floor":[71,71,64,64,64,64,64,64,64,64,64,64,64,64,64,64,64,64,64,64],"card_choices":[{"not_picked":["Auto Shields","Scrape"],"picked":"Gash","floor":1},{"not_picked":["Blizzard","Heatsinks"],"picked":"Cold Snap","floor":4},{"not_picked":["Steam","Barrage"],"picked":"Go for the Eyes","floor":5},{"not_picked":["Loop","Stack","Fusion"],"picked":"SKIP","floor":10},{"not_picked":["Go for the Eyes","Redo"],"picked":"Conserve Battery","floor":11},{"not_picked":["Stack","Redo"],"picked":"Streamline","floor":12},{"not_picked":["Streamline","Creative AI"],"picked":"Cold Snap","floor":13},{"not_picked":["Go for the Eyes","Lockon"],"picked":"FTL","floor":14},{"not_picked":["Electrodynamics","Amplify"],"picked":"Core Surge","floor":16},{"not_picked":["Double Energy","Lockon","Loop"],"picked":"SKIP","floor":18}],"player_experience":1050077,"relics_obtained":[{"floor":9,"key":"DataDisk"},{"floor":11,"key":"Matryoshka"},{"floor":13,"key":"Bird Faced Urn"}],"event_choices":[{"cards_removed":["Strike_B"],"damage_healed":0,"gold_gain":0,"player_choice":"Forget","damage_taken":0,"max_hp_gain":0,"max_hp_loss":0,"event_name":"Living Wall","floor":2,"gold_loss":0},{"damage_healed":0,"gold_gain":0,"player_choice":"Lose Max HP","damage_taken":0,"relics_obtained":["Golden Idol"],"max_hp_gain":0,"max_hp_loss":7,"event_name":"Golden Idol","floor":3,"gold_loss":0},{"damage_healed":0,"gold_gain":0,"player_choice":"Entered Light","damage_taken":19,"max_hp_gain":0,"max_hp_loss":0,"event_name":"Shining Light","floor":7,"gold_loss":0,"cards_upgraded":["Strike_B","Defend_B"]},{"damage_healed":0,"gold_gain":0,"player_choice":"Fought Bandits","damage_taken":0,"max_hp_gain":0,"max_hp_loss":0,"event_name":"Masked Bandits","floor":19,"gold_loss":0}],"is_beta":false,"boss_relics":[{"not_picked":["Ectoplasm","Black Star"],"picked":"SlaversCollar"}],"items_purged_floors":[],"is_endless":false,"potions_floor_spawned":[4,10,11,12,14,18],"killed_by":"Masked Bandits","ascension_level":16}}