{"host":"3y2rtlgteqp2nuo3","time":1610421993,"event":{"mods":["2.2 Compatiblity","AchievementEnabler","BaseMod","Colored Map","DeckTracker","Highlight Path","Keyboard Shortcuts","Minty Spire (QoL Compilation)","Permanent Neow","Quick Restart","StSLib","SuperFastMode","everything is the same but u backflip on backflip"],"gold_per_floor":[114,132,146,146,160,160,172,191,191,206,206,218,232,247,247,349,349,366,381,146,146,158,158,178,178,178,178,212,242,169,181,193,305,317,343,370,399,411,411],"floor_reached":38,"playtime":1546,"items_purged":["Strike_G"],"score":554,"play_id":"1339e251-1f3c-4112-8cf5-05380a57782d","local_time":"20210112122633","is_ascension_mode":true,"campfire_choices":[{"data":"Bouncing Flask","floor":6.0,"key":"SMITH"},{"data":"Neutralize","floor":11.0,"key":"SMITH"},{"data":"Deadly Poison","floor":15.0,"key":"SMITH"},{"floor":23.0,"key":"REST"},{"data":"Footwork","floor":25.0,"key":"SMITH"},{"floor":27.0,"key":"REST"},{"floor":32.0,"key":"REST"}],"circlet_count":0,"master_deck":["Defend_G","Defend_G","Defend_G","Defend_G","Defend_G","Survivor","Neutralize+1","Underhanded Strike","Blade Dance","Bouncing Flask+1","Bane","Dash","Footwork+1","Leg Sweep","Dagger Throw","Poisoned Stab","Deadly Poison+1","Night Terror","Dagger Spray+1","Escape Plan+1","Tools of the Trade+1","Well Laid Plans+1","Burst","Blur+1","Backflip","Noxious Fumes","Deadly Poison","Corpse Explosion","PiercingWail+1"],"relics":["Ring of the Snake","Question Card","Anchor","Astrolabe","Paper Crane","MawBank","InkBottle","Philosopher\u0027s Stone"],"acts_visited":["Exordium","TheCity","TheBeyond"],"potions_floor_usage":[38],"damage_taken":[{"damage":0.0,"enemies":"2 Louse","floor":1.0,"turns":3.0},{"damage":0.0,"enemies":"Cultist","floor":2.0,"turns":3.0},{"damage":5.0,"enemies":"Small Slimes","floor":3.0,"turns":4.0},{"damage":3.0,"enemies":"Looter","floor":5.0,"turns":3.0},{"damage":8.0,"enemies":"Large Slime","floor":7.0,"turns":5.0},{"damage":16.0,"enemies":"2 Fungi Beasts","floor":8.0,"turns":3.0},{"damage":0.0,"enemies":"Red Slaver","floor":10.0,"turns":5.0},{"damage":3.0,"enemies":"Gremlin Gang","floor":12.0,"turns":5.0},{"damage":0.0,"enemies":"Exordium Wildlife","floor":13.0,"turns":3.0},{"damage":1.0,"enemies":"Red Slaver","floor":14.0,"turns":3.0},{"damage":12.0,"enemies":"The Guardian","floor":16.0,"turns":8.0},{"damage":2.0,"enemies":"2 Thieves","floor":18.0,"turns":4.0},{"damage":14.0,"enemies":"Shell Parasite","floor":19.0,"turns":6.0},{"damage":13.0,"enemies":"Snake Plant","floor":22.0,"turns":4.0},{"damage":7.0,"enemies":"Cultist and Chosen","floor":24.0,"turns":6.0},{"damage":18.0,"enemies":"Gremlin Leader","floor":28.0,"turns":6.0},{"damage":0.0,"enemies":"Snecko","floor":29.0,"turns":6.0},{"damage":33.0,"enemies":"Champ","floor":33.0,"turns":15.0},{"damage":20.0,"enemies":"3 Darklings","floor":35.0,"turns":3.0},{"damage":0.0,"enemies":"3 Shapes","floor":36.0,"turns":5.0},{"damage":20.0,"enemies":"Jaw Worm Horde","floor":37.0,"turns":4.0},{"damage":27,"enemies":"Spire Growth","floor":38,"turns":4}],"seed_played":"4735954839998965671","potions_obtained":[{"floor":3.0,"key":"Swift Potion"},{"floor":5.0,"key":"SteroidPotion"},{"floor":8.0,"key":"Fire Potion"},{"floor":10.0,"key":"Swift Potion"},{"floor":16.0,"key":"Fire Potion"},{"floor":18.0,"key":"Explosive Potion"},{"floor":19.0,"key":"DistilledChaos"},{"floor":28.0,"key":"Fruit Juice"},{"floor":36.0,"key":"AttackPotion"},{"floor":37.0,"key":"PowerPotion"}],"is_trial":false,"path_per_floor":["M","M","M","?","M","R","M","M","T","M","R","M","M","M","R","B",null,"M","M","$","?","M","R","M","R","T","R","E","M","?","?","R","B",null,"M","M","M","M"],"character_chosen":"THE_SILENT","items_purchased":["Burst"],"campfire_rested":3,"item_purchase_floors":[20],"current_hp_per_floor":[63,63,58,58,55,55,47,31,31,31,31,28,28,27,27,15,56,54,40,40,40,27,48,41,41,41,62,49,49,49,49,71,38,66,46,46,26,0,0],"gold":411,"neow_bonus":"TRANSFORM_CARD","is_daily":false,"chose_seed":false,"campfire_upgraded":4,"win_rate":0.0,"timestamp":1610421993,"path_taken":["M","M","M","?","?","R","M","M","T","M","R","M","M","M","R","BOSS","M","M","$","?","M","R","M","R","T","R","E","M","?","?","R","BOSS","M","M","M","M"],"items_purchased_type":["Card"],"build_version":"2020-12-22","purchased_purges":1,"victory":false,"max_hp_per_floor":[70,70,70,70,70,70,70,70,70,70,70,70,70,70,70,70,70,70,70,70,70,70,70,70,70,70,70,75,75,75,75,75,75,75,75,75,75,75,75],"card_choices":[{"not_picked":["Flechettes","Endless Agony"],"picked":"Blade Dance","floor":1.0},{"not_picked":["Bane","Blur"],"picked":"Bouncing Flask","floor":2.0},{"not_picked":["Dodge and Roll","Blade Dance"],"picked":"Bane","floor":3.0},{"not_picked":["Backstab","Acrobatics","Slice"],"picked":"Dash","floor":5.0},{"not_picked":["Masterful Stab","Bane","Acrobatics"],"picked":"Footwork","floor":7.0},{"not_picked":["Dodge and Roll","Calculated Gamble","Sucker Punch"],"picked":"Leg Sweep","floor":8.0},{"not_picked":["Endless Agony","Cloak And Dagger","Unload"],"picked":"Dagger Throw","floor":10.0},{"not_picked":["PiercingWail","Caltrops","Riddle With Holes"],"picked":"Poisoned Stab","floor":12.0},{"not_picked":["Underhanded Strike","Terror","Deflect","Backflip"],"picked":"SKIP","floor":13.0},{"not_picked":["Flying Knee","Dodge and Roll","Poisoned Stab"],"picked":"Deadly Poison","floor":14.0},{"not_picked":["Phantasmal Killer","After Image","Tools of the Trade"],"picked":"Night Terror","floor":16.0},{"not_picked":["Heel Hook","Caltrops+1","Deadly Poison"],"picked":"Well Laid Plans+1","floor":18.0},{"not_picked":["Sucker Punch+1","Flying Knee","Predator","Footwork"],"picked":"SKIP","floor":19.0},{"not_picked":["Deadly Poison","Slice+1","Acrobatics"],"picked":"Blur+1","floor":22.0},{"not_picked":["Deflect","Acrobatics","Choke"],"picked":"Backflip","floor":24.0},{"not_picked":["Acrobatics","Poisoned Stab","Choke","Terror"],"picked":"SKIP","floor":28.0},{"not_picked":["Accuracy","Dagger Throw","Predator"],"picked":"Noxious Fumes","floor":29.0},{"not_picked":["Adrenaline","Wraith Form v2","Grand Finale"],"picked":"Corpse Explosion","floor":33.0},{"not_picked":["Bane+1","Heel Hook+1","Blade Dance+1","Blur"],"picked":"SKIP","floor":35.0},{"not_picked":["Quick Slash+1","PiercingWail","Bouncing Flask+1","Choke+1"],"picked":"SKIP","floor":36.0},{"not_picked":["Well Laid Plans","Dodge and Roll+1","Deadly Poison"],"picked":"PiercingWail+1","floor":37.0}],"player_experience":676566,"relics_obtained":[{"floor":9.0,"key":"Anchor"},{"floor":26.0,"key":"Paper Crane"},{"floor":28.0,"key":"MawBank"}],"event_choices":[{"damage_healed":0.0,"max_hp_gain":0.0,"max_hp_loss":0.0,"gold_gain":0.0,"event_name":"WeMeetAgain","player_choice":"Gave Potion","floor":4.0,"gold_loss":0.0,"damage_taken":0.0,"relics_obtained":["Question Card"]},{"damage_healed":0.0,"max_hp_gain":0.0,"max_hp_loss":0.0,"gold_gain":0.0,"event_name":"Ghosts","player_choice":"Ignored","floor":21.0,"gold_loss":0.0,"damage_taken":0.0},{"damage_healed":0.0,"max_hp_gain":0.0,"max_hp_loss":0.0,"gold_gain":0.0,"event_name":"Addict","player_choice":"Obtained Relic","floor":30.0,"gold_loss":85.0,"damage_taken":0.0,"relics_obtained":["InkBottle"]},{"damage_healed":0.0,"max_hp_gain":0.0,"max_hp_loss":0.0,"gold_gain":0.0,"event_name":"The Library","player_choice":"Read","floor":31.0,"gold_loss":0.0,"damage_taken":0.0,"cards_obtained":["Deadly Poison"]}],"is_beta":false,"boss_relics":[{"not_picked":["Sozu","Busted Crown"],"picked":"Astrolabe"},{"not_picked":["Velvet Choker","Calling Bell"],"picked":"Philosopher\u0027s Stone"}],"items_purged_floors":[20],"is_endless":false,"potions_floor_spawned":[3,5,8,10,14,16,18,19,28,36,37],"killed_by":"Spire Growth","ascension_level":8}}