{"host":"s5i48q09v0un9rqc","time":1610432924,"event":{"mods":["BaseMod","BetterRewards","Highlight Path","Minty Spire (QoL Compilation)","Rare Cards Sparkle","Shop Mod"],"gold_per_floor":[110,42,42,61,73,106,121,136,206,106,134,134,134,464,464,543,543,553,553,567,580,596,631,631,660,683,895,936,960,998,1026,1038,1123,1135,1164,1193,1205,1217,1241,1253,1293,1305,1342,1384,1406,1038,1071,513,513,513,513,513,63,92,92],"floor_reached":56,"playtime":4104,"items_purged":["Strike_G","Strike_G"],"score":3011,"play_id":"3d48c0f8-a98c-4f9a-a5c3-ce900b14f757","local_time":"20210112142844","is_ascension_mode":true,"campfire_choices":[{"data":"Apotheosis","floor":12.0,"key":"SMITH"},{"floor":15.0,"key":"RECALL"},{"data":"Adrenaline","floor":24.0,"key":"SMITH"},{"data":"Strike_G","floor":32.0,"key":"PURGE"},{"data":"Strike_G","floor":40,"key":"PURGE"},{"data":"Well Laid Plans","floor":42,"key":"PURGE"},{"data":"Defend_G","floor":49,"key":"PURGE"},{"data":"Defend_G","floor":52,"key":"PURGE"}],"circlet_count":0,"master_deck":["AscendersBane","Defend_G","Defend_G","Defend_G","Survivor","Neutralize","Apotheosis+1","Noxious Fumes","Footwork","Corpse Explosion","Adrenaline+1","Catalyst+1","Escape Plan+1","Finesse","Purity","Reflex","Footwork","Calculated Gamble","Tools of the Trade+1"],"relics":["Ring of the Snake","Omamori","ClockworkSouvenir","Gambling Chip","Blood Vial","WingedGreaves","OrangePellets","Orichalcum","Snake Skull","StoneCalendar","Bag of Preparation","Tingsha","HornCleat","Strawberry","Happy Flower","Old Coin","Runic Pyramid","Ancient Tea Set","Nunchaku","MawBank","Pear","Peace Pipe","Fusion Hammer","Ornamental Fan","Art of War","Lantern","TwistedFunnel","Frozen Egg 2","Bronze Scales","Pantograph","Orrery","TheAbacus","Ginger","Boot"],"acts_visited":["Exordium","TheCity","TheBeyond","TheEnding"],"potions_floor_usage":[44,55,55],"damage_taken":[{"damage":0.0,"enemies":"Small Slimes","floor":1.0,"turns":4.0},{"damage":0.0,"enemies":"Cultist","floor":4.0,"turns":4.0},{"damage":0.0,"enemies":"Jaw Worm","floor":5.0,"turns":5.0},{"damage":4.0,"enemies":"3 Sentries","floor":6.0,"turns":7.0},{"damage":5.0,"enemies":"Large Slime","floor":7.0,"turns":5.0},{"damage":0.0,"enemies":"3 Louse","floor":8.0,"turns":1.0},{"damage":1.0,"enemies":"Gremlin Nob","floor":11.0,"turns":4.0},{"damage":0.0,"enemies":"Lagavulin","floor":14.0,"turns":5.0},{"damage":0.0,"enemies":"Hexaghost","floor":16.0,"turns":7.0},{"damage":0.0,"enemies":"3 Byrds","floor":18.0,"turns":2.0},{"damage":2.0,"enemies":"Chosen","floor":20.0,"turns":3.0},{"damage":3.0,"enemies":"Shelled Parasite and Fungi","floor":21.0,"turns":4.0},{"damage":2.0,"enemies":"Cultist and Chosen","floor":22.0,"turns":3.0},{"damage":0.0,"enemies":"Book of Stabbing","floor":23.0,"turns":7.0},{"damage":3.0,"enemies":"Slavers","floor":25.0,"turns":3.0},{"damage":6.0,"enemies":"Gremlin Leader","floor":28.0,"turns":4.0},{"damage":0.0,"enemies":"Snake Plant","floor":29.0,"turns":3.0},{"damage":5.0,"enemies":"Slavers","floor":30.0,"turns":3.0},{"damage":0.0,"enemies":"Snecko","floor":31.0,"turns":3.0},{"damage":10.0,"enemies":"Collector","floor":33.0,"turns":6.0},{"damage":0.0,"enemies":"3 Darklings","floor":35.0,"turns":3.0},{"damage":0.0,"enemies":"Orb Walker","floor":36.0,"turns":3.0},{"damage":0,"enemies":"Jaw Worm Horde","floor":39,"turns":2},{"damage":0,"enemies":"Nemesis","floor":41,"turns":5},{"damage":7,"enemies":"Reptomancer","floor":44,"turns":6},{"damage":0,"enemies":"4 Shapes","floor":45,"turns":3},{"damage":0,"enemies":"Giant Head","floor":47,"turns":5},{"damage":0,"enemies":"Awakened One","floor":50,"turns":6},{"damage":0,"enemies":"Shield and Spear","floor":54,"turns":3},{"damage":3,"enemies":"The Heart","floor":55,"turns":8}],"seed_played":"-6899075146522091366","potions_obtained":[{"floor":4.0,"key":"DistilledChaos"},{"floor":5.0,"key":"Swift Potion"},{"floor":7.0,"key":"Poison Potion"},{"floor":14.0,"key":"LiquidBronze"},{"floor":18.0,"key":"SkillPotion"},{"floor":23.0,"key":"PowerPotion"}],"is_trial":false,"path_per_floor":["M","?","$","M","M","E","M","M","T","$","E","R","?","E","R","B",null,"M","?","M","M","M","E","R","E","T","?","E","M","E","M","R","B",null,"M","M","?","?","M","R","E","R","T","E","M","$","E","$","R","B",null,"R","$","E","B",null],"character_chosen":"THE_SILENT","items_purchased":["Omamori","ClockworkSouvenir","Apotheosis","Blood Vial","OrangePellets","Orichalcum","Snake Skull","Noxious Fumes","Lantern","TwistedFunnel","DuplicationPotion","Bronze Scales","Pantograph","Orrery","TheAbacus","Ginger"],"campfire_rested":0,"item_purchase_floors":[0,0,0,0,0,0,0,0,46,46,46,48,48,48,53,53],"current_hp_per_floor":[20,20,20,22,24,22,19,21,21,21,29,29,29,31,31,33,63,65,65,65,64,64,66,66,65,65,65,71,73,70,72,72,64,78,80,82,77,77,79,79,79,79,79,72,74,74,76,76,76,79,79,79,79,79,76],"gold":92,"neow_bonus":"","is_daily":false,"chose_seed":false,"campfire_upgraded":2,"win_rate":0.0,"timestamp":1610432924,"path_taken":["M","?","?","M","M","E","?","?","T","$","E","R","?","E","R","BOSS","M","?","M","M","M","E","R","E","T","?","E","?","E","M","R","BOSS","M","M","?","?","M","R","E","R","T","E","M","$","E","$","R","BOSS","R","$","E","BOSS"],"items_purchased_type":["Relic","Relic","Card","Relic","Relic","Relic","Relic","Card","Relic","Relic","Potion","Relic","Relic","Relic","Relic","Relic"],"build_version":"2020-12-22","purchased_purges":2,"victory":true,"max_hp_per_floor":[66,66,66,66,66,66,66,66,66,66,73,73,73,73,73,73,73,73,73,73,73,73,73,73,73,73,73,83,83,83,83,83,83,83,83,83,83,79,79,79,79,79,79,79,79,79,79,79,79,79,79,79,79,79,79],"card_choices":[{"not_picked":["Deflect","Underhanded Strike","Flying Knee"],"picked":"SKIP","floor":1.0},{"not_picked":["Finisher","Dash"],"picked":"Well Laid Plans","floor":4.0},{"not_picked":["Slice","Backstab"],"picked":"Footwork","floor":5.0},{"not_picked":["Terror","PiercingWail"],"picked":"Corpse Explosion","floor":6.0},{"not_picked":["Escape Plan","Bouncing Flask","Cloak And Dagger"],"picked":"SKIP","floor":7.0},{"not_picked":["Caltrops","Dagger Spray","Outmaneuver"],"picked":"SKIP","floor":8.0},{"not_picked":["Infinite Blades","Dagger Spray","Predator"],"picked":"SKIP","floor":11.0},{"not_picked":["Underhanded Strike","Flying Knee","Bane"],"picked":"SKIP","floor":14.0},{"not_picked":["Tools of the Trade","Die Die Die"],"picked":"Adrenaline","floor":16.0},{"not_picked":["Slice","Masterful Stab","Deadly Poison"],"picked":"SKIP","floor":18.0},{"not_picked":["Dagger Throw","Backflip","Bouncing Flask+1"],"picked":"SKIP","floor":20.0},{"not_picked":["Flying Knee","Slice","Bane"],"picked":"SKIP","floor":21.0},{"not_picked":["Backflip","Deadly Poison","Dagger Throw"],"picked":"SKIP","floor":22.0},{"not_picked":["PiercingWail","Venomology"],"picked":"Catalyst+1","floor":23.0},{"not_picked":["Flechettes+1","Sucker Punch","Finisher"],"picked":"SKIP","floor":25.0},{"not_picked":["Blur","Dodge and Roll","Dagger Spray"],"picked":"SKIP","floor":28.0},{"not_picked":["Cloak And Dagger","Slice","Dagger Throw+1"],"picked":"SKIP","floor":29.0},{"not_picked":["Deflect+1","Blade Dance"],"picked":"Escape Plan+1","floor":30.0},{"not_picked":["Escape Plan","Underhanded Strike","Outmaneuver"],"picked":"SKIP","floor":31.0},{"not_picked":["Skewer","Eviscerate","Blade Dance"],"picked":"SKIP","floor":35.0},{"not_picked":["Accuracy+1","Bane","All Out Attack+1"],"picked":"SKIP","floor":36.0},{"not_picked":["Bandage Up","Good Instincts"],"picked":"Finesse","floor":37},{"not_picked":["Good Instincts","Deep Breath"],"picked":"Purity","floor":37},{"not_picked":["PiercingWail+1","Underhanded Strike","Blade Dance+1"],"picked":"SKIP","floor":39},{"not_picked":["Dodge and Roll","Sucker Punch"],"picked":"Reflex","floor":41},{"not_picked":["Dagger Spray+1","Blade Dance"],"picked":"Footwork","floor":44},{"not_picked":["Backflip+1","Deadly Poison"],"picked":"Calculated Gamble","floor":45},{"not_picked":["PiercingWail+1","Slice","Outmaneuver"],"picked":"SKIP","floor":47},{"not_picked":["Sucker Punch","Eviscerate+1"],"picked":"Tools of the Trade+1","floor":48},{"not_picked":["Bane","Heel Hook","Footwork+1"],"picked":"SKIP","floor":54}],"player_experience":741154,"relics_obtained":[{"floor":6.0,"key":"Tingsha"},{"floor":9.0,"key":"HornCleat"},{"floor":11.0,"key":"Strawberry"},{"floor":14.0,"key":"Old Coin"},{"floor":23.0,"key":"Ancient Tea Set"},{"floor":25.0,"key":"Nunchaku"},{"floor":26.0,"key":"MawBank"},{"floor":28.0,"key":"Pear"},{"floor":30.0,"key":"Peace Pipe"},{"floor":41,"key":"Ornamental Fan"},{"floor":44,"key":"Art of War"},{"floor":47,"key":"Frozen Egg 2"},{"floor":54,"key":"Boot"}],"event_choices":[{"damage_healed":0.0,"max_hp_gain":0.0,"max_hp_loss":0.0,"gold_gain":0.0,"event_name":"WeMeetAgain","player_choice":"Paid Gold","floor":2.0,"gold_loss":68.0,"damage_taken":0.0,"relics_obtained":["Bag of Preparation"]},{"damage_healed":0.0,"max_hp_gain":0.0,"max_hp_loss":0.0,"gold_gain":0.0,"event_name":"Big Fish","player_choice":"Box","floor":13.0,"gold_loss":0.0,"damage_taken":0.0,"relics_obtained":["Happy Flower"],"cards_obtained":["Regret"]},{"cards_removed":["Strike_G"],"damage_healed":0.0,"max_hp_gain":0.0,"max_hp_loss":0.0,"gold_gain":0.0,"event_name":"Back to Basics","player_choice":"Elegance","floor":19.0,"gold_loss":0.0,"damage_taken":0.0},{"damage_healed":0.0,"max_hp_gain":0.0,"max_hp_loss":0.0,"gold_gain":200.0,"event_name":"Wheel of Change","player_choice":"Gold","floor":27.0,"gold_loss":0.0,"damage_taken":0.0},{"damage_healed":0,"gold_gain":0,"player_choice":"Memory 2","damage_taken":5,"max_hp_gain":0,"max_hp_loss":0,"event_name":"SensoryStone","floor":37,"gold_loss":0},{"damage_healed":0,"gold_gain":0,"player_choice":"Max HP","damage_taken":0,"max_hp_gain":0,"max_hp_loss":4,"event_name":"Winding Halls","floor":38,"gold_loss":0}],"is_beta":false,"boss_relics":[{"not_picked":["WristBlade","Velvet Choker"],"picked":"Runic Pyramid"},{"not_picked":["Empty Cage","Snecko Eye"],"picked":"Fusion Hammer"}],"items_purged_floors":[0,10],"is_endless":false,"potions_floor_spawned":[4,5,7,8,14,18,23,25,30,31,33,35,36,41,47],"ascension_level":15}}