{"host":"k67zwea37tbl4jhz","time":1610422052,"event":{"mods":["AchievementEnabler","Aspiration","BaseMod","Better Altar","Better Match","Better Sensory Stone","Better Skull","Better Third Choice","BetterRewards","CCEM","Clawfect","Colored Map","Conspire","Downfall","GifTheSpireLib","Googly Eyes","Halation","Highlight Path","Hubris","Mimic Mod","Minty Spire (QoL Compilation)","Permanent Neow","Replay The Spire","Shop Mod","Spicy Shops","StSLib","Stuff the Spire","Unceasing Turn Reminder","everything is the same but u backflip on backflip"],"gold_per_floor":[0,13,30,30,30,48,122,72,72,72,88,105,105,132,152,152,152,152],"floor_reached":16,"playtime":882,"items_purged":[],"score":102,"play_id":"788dbd92-e13d-4712-b2ea-d28df43f7eb3","local_time":"20210111222732","is_ascension_mode":false,"campfire_choices":[{"data":"champ:Taunt","floor":1,"key":"SMITH"},{"floor":10,"key":"REST"},{"floor":13,"key":"REST"}],"circlet_count":0,"master_deck":["champ:Strike","champ:Strike","champ:Strike","champ:Strike","champ:Defend","champ:Defend","champ:Defend","champ:Defend","champ:Execute","champ:Taunt+1","Mayhem","champ:CalledShot","champ:ShieldWall","champ:RageSigil","champ:ShieldWall","champ:FalseCounter","champ:BringItOn","champ:StanceDance","champ:TornadoPunch"],"relics":["StuffTheSpire:OccultApparatus","Quantum Egg","Art of War"],"acts_visited":["Exordium"],"potions_floor_usage":[],"damage_taken":[{"damage":5,"enemies":"Cultist","floor":2,"turns":4},{"damage":7,"enemies":"2 Louse","floor":3,"turns":3},{"damage":6,"enemies":"Jaw Worm","floor":6,"turns":5},{"damage":10,"enemies":"downfall:FleeingMerchant","floor":8,"turns":4},{"damage":19,"enemies":"Lots of Slimes","floor":11,"turns":8},{"damage":37,"enemies":"Exordium Thugs","floor":12,"turns":5},{"damage":31,"enemies":"3 Sentries","floor":14,"turns":8},{"damage":12,"enemies":"Blue Slaver","floor":15,"turns":4},{"damage":37,"enemies":"downfall:Watcher","floor":16,"turns":9}],"seed_played":"-9022626766556246938","potions_obtained":[{"floor":2,"key":"Strength Potion"},{"floor":6,"key":"champ:OpenerPotion"},{"floor":12,"key":"Energy Potion"}],"is_trial":false,"path_per_floor":["R","M","M","?","?","M","T","$","?","R","M","M","R","E","M","B"],"character_chosen":"THE_CHAMP","items_purchased":["champ:ShieldWall"],"campfire_rested":2,"item_purchase_floors":[8],"current_hp_per_floor":[90,90,88,88,90,89,89,89,54,81,72,40,67,41,34,0,0,0],"gold":152,"neow_bonus":"RANDOM_COLORLESS_2","is_daily":false,"chose_seed":false,"campfire_upgraded":1,"win_rate":0.0,"timestamp":1610422052,"path_taken":["R","M","M","?","?","?","T","?","?","R","M","?","R","E","M","BOSS"],"items_purchased_type":["Card"],"build_version":"2020-12-22","purchased_purges":0,"victory":false,"max_hp_per_floor":[90,90,90,90,90,90,90,90,90,90,90,90,90,90,90,90,90,90],"card_choices":[{"not_picked":["Sadistic Nature","Metamorphosis"],"picked":"Mayhem","floor":0},{"not_picked":["champ:FlashCut","champ:GutPunch"],"picked":"champ:CalledShot","floor":2},{"not_picked":["champ:FanOfKnives","champ:PerfectedStrike"],"picked":"champ:ShieldWall","floor":3},{"not_picked":["champ:EndlessRage","champ:BerserkersShout","champ:Haymaker"],"picked":"SKIP","floor":6},{"not_picked":["champ:Shatter","champ:GladiatorsShout"],"picked":"champ:RageSigil","floor":8},{"not_picked":["champ:RageSigil","champ:PreciseThrust"],"picked":"champ:FalseCounter","floor":11},{"not_picked":["champ:Haymaker","champ:BladeFlurry"],"picked":"champ:BringItOn","floor":12},{"not_picked":["champ:Backstep","champ:FlashCut"],"picked":"champ:StanceDance","floor":14},{"not_picked":["champ:RageSigil","champ:DeathBlow"],"picked":"champ:TornadoPunch","floor":15}],"player_experience":213370,"relics_obtained":[{"floor":7,"key":"Quantum Egg"},{"floor":14,"key":"Art of War"}],"event_choices":[],"is_beta":false,"boss_relics":[],"items_purged_floors":[],"is_endless":false,"potions_floor_spawned":[2,6,12,14],"killed_by":"downfall:Watcher","ascension_level":0}}