{"host":"eu5wvbbtjeiar27l","time":1610417227,"event":{"mods":["BaseMod","Colored Powertips","Conspire","Hubris","Infinite Spire","Minty Spire (QoL Compilation)","Rare Cards Sparkle","StSLib","vexMod"],"gold_per_floor":[114,114,114,131,145,145,179,195,221,221,221,221,238,87,87,189,189,204,26,26,0,20,53,70,70,70,84,10,27,56,68,68,165,165,180,198,198,198],"floor_reached":37,"playtime":3131,"items_purged":["Strike_G","Defend_G"],"score":461,"play_id":"148d843f-6337-43ae-a2da-e5375d357a20","local_time":"20210112020707","is_ascension_mode":false,"campfire_choices":[{"data":"Neutralize","floor":6,"key":"SMITH"},{"data":"Envenom","floor":10,"key":"SMITH"},{"data":"Bandage Up","floor":12,"key":"SMITH"},{"floor":15,"key":"REST"},{"data":"Cloak And Dagger","floor":25,"key":"SMITH"},{"data":"Cloak And Dagger","floor":32,"key":"SMITH"}],"circlet_count":0,"master_deck":["Strike_G","Strike_G","Strike_G","Defend_G","Defend_G","Defend_G","Defend_G","Survivor","Neutralize+1","Heel Hook","Prepared","Envenom+1","Riddle With Holes","Bandage Up+1","Blade Dance","Cloak And Dagger","Dagger Spray","Adrenaline","Quick Slash","Cloak And Dagger+1","infinitespire:FutureSight","Slice","Dagger Throw","Blade Dance","Dagger Throw","Cloak And Dagger+1","Acrobatics+1","A Thousand Cuts","Slice+1","Backflip"],"relics":["Ring of the Snake","hubris:Icosahedron","Bag of Preparation","infinitespire:Beetle Shell","conspire:SpecialSausage","Membership Card","Strawberry","Mango","vexMod:InvisibilityCloak","Busted Crown"],"acts_visited":["Exordium","TheCity","TheBeyond"],"potions_floor_usage":[16,22,33,37],"damage_taken":[{"damage":0,"enemies":"Jaw Worm","floor":1,"turns":5},{"damage":0,"enemies":"Small Slimes","floor":4,"turns":3},{"damage":4,"enemies":"Cultist","floor":5,"turns":5},{"damage":60,"enemies":"3 Sentries","floor":7,"turns":23},{"damage":1,"enemies":"Red Slaver","floor":8,"turns":5},{"damage":5,"enemies":"3 Louse","floor":13,"turns":5},{"damage":14,"enemies":"Slime Boss","floor":16,"turns":8},{"damage":0,"enemies":"3 Byrds","floor":18,"turns":4},{"damage":7,"enemies":"Shell Parasite","floor":22,"turns":4},{"damage":11,"enemies":"Slavers","floor":23,"turns":5},{"damage":16,"enemies":"Shelled Parasite and Fungi","floor":24,"turns":4},{"damage":5,"enemies":"Cultist and Chosen","floor":27,"turns":4},{"damage":13,"enemies":"Centurion and Healer","floor":29,"turns":3},{"damage":0,"enemies":"Gremlin Leader","floor":30,"turns":3},{"damage":1,"enemies":"Snake Plant","floor":31,"turns":3},{"damage":68,"enemies":"Automaton","floor":33,"turns":8},{"damage":2,"enemies":"3 Darklings","floor":35,"turns":3},{"damage":0,"enemies":"Orb Walker","floor":36,"turns":2},{"damage":0,"enemies":"infinitespire:Three Voidlings","floor":37,"turns":2},{"damage":96,"enemies":"Nightmare_Alpha","floor":37,"turns":7}],"seed_played":"8056467874842562032","potions_obtained":[{"floor":1,"key":"Explosive Potion"},{"floor":7,"key":"SkillPotion"},{"floor":16,"key":"ColorlessPotion"},{"floor":23,"key":"SteroidPotion"},{"floor":31,"key":"Fire Potion"},{"floor":33,"key":"BlessingOfTheForge"}],"is_trial":false,"path_per_floor":["M","?","?","M","M","R","E","M","T","R","?","R","M","$","R","B",null,"M","$","?","?","M","E","M","R","T","M","$","M","E","M","R","B",null,"M","M","?"],"character_chosen":"THE_SILENT","items_purchased":["Cloak And Dagger","Dagger Spray","Membership Card","Cloak And Dagger","Blade Dance"],"campfire_rested":1,"item_purchase_floors":[14,14,19,19,28],"current_hp_per_floor":[70,75,75,75,71,71,11,10,10,10,10,10,11,11,33,25,75,75,75,58,58,57,59,49,49,63,64,64,57,63,68,68,6,96,94,94,0,0],"gold":198,"neow_bonus":"REMOVE_CARD","is_daily":false,"chose_seed":false,"campfire_upgraded":5,"win_rate":0.0,"timestamp":1610417227,"path_taken":["M","?","?","M","M","R","E","M","T","R","?","R","?","$","R","BOSS","M","$","?","?","M","E","M","R","T","M","?","M","E","M","R","BOSS","M","M","?"],"items_purchased_type":["Card","Card","Relic","Card","Card"],"build_version":"2020-12-22","purchased_purges":2,"victory":false,"max_hp_per_floor":[70,75,75,75,75,75,75,75,75,75,75,75,75,75,75,75,75,75,75,75,75,75,82,82,82,96,96,96,96,96,96,96,96,96,96,96,96,96],"card_choices":[{"not_picked":["hubris:SlightOfHand","Underhanded Strike"],"picked":"Heel Hook","floor":1},{"not_picked":["hubris:SlightOfHand","hubris:TrickCloak"],"picked":"Prepared","floor":4},{"not_picked":["hubris:Counter","hubris:TrickCloak","Outmaneuver"],"picked":"SKIP","floor":5},{"not_picked":["Sucker Punch","Skewer"],"picked":"Envenom","floor":7},{"not_picked":["Dash","Flying Knee"],"picked":"Riddle With Holes","floor":8},{"not_picked":["Quick Slash","hubris:SlightOfHand"],"picked":"Blade Dance","floor":13},{"not_picked":["Unload","Phantasmal Killer"],"picked":"Adrenaline","floor":16},{"not_picked":["hubris:SlightOfHand","Reflex+1"],"picked":"Quick Slash","floor":18},{"not_picked":["infinitespire:NeuralNetwork","infinitespire:SevenWalls"],"picked":"infinitespire:FutureSight","floor":20},{"not_picked":["conspire:PoisonWeapons","Acrobatics"],"picked":"Slice","floor":22},{"not_picked":["conspire:PoisonWeapons","hubris:SlightOfHand","Outmaneuver"],"picked":"SKIP","floor":23},{"not_picked":["Cloak And Dagger","Calculated Gamble"],"picked":"Dagger Throw","floor":24},{"not_picked":["Distraction","Outmaneuver","Tactician"],"picked":"SKIP","floor":27},{"not_picked":["Blur","Storm of Steel"],"picked":"Dagger Throw","floor":29},{"not_picked":["Outmaneuver","Choke"],"picked":"Cloak And Dagger","floor":30},{"not_picked":["Deflect","Dodge and Roll"],"picked":"Acrobatics+1","floor":31},{"not_picked":["Adrenaline","Wraith Form v2"],"picked":"A Thousand Cuts","floor":33},{"not_picked":[],"picked":"Slice+1","floor":35},{"not_picked":[],"picked":"Backflip","floor":36}],"player_experience":91593,"relics_obtained":[{"floor":7,"key":"Bag of Preparation"},{"floor":9,"key":"infinitespire:Beetle Shell"},{"floor":23,"key":"Strawberry"},{"floor":26,"key":"Mango"},{"floor":30,"key":"vexMod:InvisibilityCloak"}],"event_choices":[{"damage_healed":0,"gold_gain":0,"player_choice":"Donut","damage_taken":0,"max_hp_gain":5,"max_hp_loss":0,"event_name":"Big Fish","floor":2,"gold_loss":0},{"damage_healed":0,"gold_gain":0,"player_choice":"1 cards matched","damage_taken":0,"max_hp_gain":0,"max_hp_loss":0,"event_name":"Match and Keep!","floor":11,"gold_loss":0,"cards_obtained":["Bandage Up"]},{"damage_healed":0,"gold_gain":0,"player_choice":"Paid Fearfully","damage_taken":0,"max_hp_gain":0,"max_hp_loss":0,"event_name":"Masked Bandits","floor":21,"gold_loss":26}],"is_beta":false,"boss_relics":[{"not_picked":["Ring of the Serpent","hubris:VirtuousBlindfold"],"picked":"conspire:SpecialSausage"},{"not_picked":["SlaversCollar","conspire:SeveredTorchhead"],"picked":"Busted Crown"}],"items_purged_floors":[14,28],"is_endless":false,"potions_floor_spawned":[1,7,16,23,31,33,37],"killed_by":"Nightmare_Alpha","ascension_level":0}}