{"host":"gg","time":1610424750,"event":{"mods":["BaseMod","Colored Map","Googly Eyes","Minty Spire (QoL Compilation)","Permanent Neow","Relic Stats","The IronCluck"],"gold_per_floor":[117,33,33,51,69,69,101,101,101,138,108,136,162,187,199,294,306,340,397,26,46,46,83,83,8,8,41,21,53,53,76,76,76,76],"floor_reached":33,"playtime":2265,"items_purged":["Defend_P"],"score":817,"play_id":"fe2b61fb-996a-4e38-a904-b41f28da98c1","local_time":"20210111201230","is_ascension_mode":true,"campfire_choices":[{"data":"Eruption","floor":6.0,"key":"SMITH"},{"data":"Conclude","floor":8.0,"key":"SMITH"},{"floor":15.0,"key":"DIG"},{"floor":24,"key":"REST"},{"floor":32,"key":"DIG"}],"circlet_count":0,"master_deck":["AscendersBane","Defend_P","Defend_P","Eruption+1","Vigilance","WheelKick","Conclude+1","FollowUp","Consecrate","CarveReality","EmptyFist","MentalFortress","Brilliance","Indignation","Bite","Bite","Bite","Bite","Bite","TalkToTheHand","Violence","Halt+1","FlurryOfBlows","CutThroughFate"],"relics":["Black Star","Darkstone Periapt","Bronze Scales","Damaru","PreservedInsect","Shovel","CeramicFish","Singing Bowl","MawBank","Regal Pillow","Philosopher\u0027s Stone","Bag of Preparation","Ornamental Fan","Toy Ornithopter","Boot","Du-Vu Doll","Juzu Bracelet","Omamori","Ancient Tea Set"],"acts_visited":["Exordium","TheCity"],"potions_floor_usage":[23,23,27,33,33],"damage_taken":[{"damage":4.0,"enemies":"Jaw Worm","floor":1.0,"turns":4.0},{"damage":0.0,"enemies":"2 Louse","floor":4.0,"turns":2.0},{"damage":0.0,"enemies":"Cultist","floor":5.0,"turns":3.0},{"damage":0.0,"enemies":"3 Sentries","floor":7.0,"turns":2.0},{"damage":0.0,"enemies":"Lagavulin","floor":10.0,"turns":4.0},{"damage":0.0,"enemies":"2 Fungi Beasts","floor":12.0,"turns":2.0},{"damage":3.0,"enemies":"Blue Slaver","floor":13.0,"turns":3.0},{"damage":0.0,"enemies":"Gremlin Nob","floor":14.0,"turns":2.0},{"damage":41.0,"enemies":"Hexaghost","floor":16.0,"turns":8.0},{"damage":30.0,"enemies":"Shell Parasite","floor":18.0,"turns":3.0},{"damage":6.0,"enemies":"3 Byrds","floor":21.0,"turns":3.0},{"damage":12,"enemies":"Book of Stabbing","floor":23,"turns":3},{"damage":9,"enemies":"Slavers","floor":27,"turns":2},{"damage":12,"enemies":"Gremlin Leader","floor":29,"turns":3},{"damage":20,"enemies":"Shelled Parasite and Fungi","floor":31,"turns":3},{"damage":56,"enemies":"Collector","floor":33,"turns":5}],"seed_played":"-351683474443340753","potions_obtained":[{"floor":1.0,"key":"PowerPotion"},{"floor":5.0,"key":"GamblersBrew"},{"floor":11.0,"key":"Ambrosia"},{"floor":16.0,"key":"PowerPotion"},{"floor":18.0,"key":"ColorlessPotion"},{"floor":23,"key":"AttackPotion"},{"floor":29,"key":"BottledMiracle"},{"floor":31,"key":"LiquidMemories"}],"is_trial":false,"path_per_floor":["M","$","?","M","M","R","E","R","T","E","?","M","M","E","R","B",null,"M","?","$","M","?","E","R","$","T","E","$","E","?","M","R","B"],"character_chosen":"WATCHER","items_purchased":["Conclude","TalkToTheHand","Bag of Preparation","Violence","FlurryOfBlows"],"campfire_rested":1,"item_purchase_floors":[2,20,20,20,28],"current_hp_per_floor":[57,57,46,46,46,46,46,46,46,46,46,46,43,45,45,4,54,24,24,24,24,24,18,48,48,48,48,48,44,44,32,32,0,0],"gold":76,"neow_bonus":"BOSS_RELIC","is_daily":false,"chose_seed":false,"campfire_upgraded":2,"win_rate":0.0,"timestamp":1610424750,"path_taken":["M","$","?","M","M","R","E","R","T","E","?","M","?","E","R","BOSS","M","?","$","M","?","E","R","$","T","E","?","E","?","M","R","BOSS"],"items_purchased_type":["Card","Card","Relic","Card","Card"],"build_version":"2020-12-18","purchased_purges":1,"victory":false,"max_hp_per_floor":[68,68,68,68,68,68,68,68,68,68,68,68,68,70,70,70,70,70,49,49,51,51,51,51,51,51,53,53,55,55,55,55,55,55],"relic_stats":{"Darkstone Periapt":0,"Regal Pillow":15,"Singing Bowl":8,"counters":[16,52],"CeramicFish":135,"PreservedInsect":196,"Bag of Preparation":[12],"Juzu Bracelet":1,"MawBank":72,"Boot":[3],"Shovel":2,"Ornamental Fan":[48],"Bronze Scales":[108],"Black Star":6,"obtain_stats":[{"Darkstone Periapt":3,"Regal Pillow":15,"Singing Bowl":14,"CeramicFish":10,"Damaru":7,"PreservedInsect":9,"Bag of Preparation":20,"Juzu Bracelet":29,"Omamori":29,"MawBank":14,"Boot":27,"Ancient Tea Set":32,"Du-Vu Doll":27,"Shovel":10,"Ornamental Fan":23,"Bronze Scales":7,"Philosopher\u0027s Stone":17,"Black Star":0,"PureWater":0,"Toy Ornithopter":23},{"Darkstone Periapt":1,"Regal Pillow":8,"Singing Bowl":8,"CeramicFish":5,"Damaru":4,"PreservedInsect":4,"Bag of Preparation":10,"Juzu Bracelet":14,"Omamori":14,"MawBank":8,"Boot":13,"Ancient Tea Set":15,"Du-Vu Doll":13,"Shovel":5,"Ornamental Fan":12,"Bronze Scales":4,"Philosopher\u0027s Stone":9,"Black Star":0,"PureWater":0,"Toy Ornithopter":12},{"Darkstone Periapt":4,"Regal Pillow":22,"Singing Bowl":22,"CeramicFish":15,"Damaru":11,"PreservedInsect":11,"Bag of Preparation":33,"Juzu Bracelet":44,"Omamori":44,"MawBank":22,"Boot":41,"Ancient Tea Set":47,"Du-Vu Doll":41,"Shovel":15,"Ornamental Fan":39,"Bronze Scales":11,"Philosopher\u0027s Stone":30,"Black Star":0,"PureWater":0,"Toy Ornithopter":39}],"Toy Ornithopter":13},"card_choices":[{"not_picked":["WreathOfFlame","Protect"],"picked":"WheelKick","floor":1.0},{"not_picked":["Crescendo","SashWhip"],"picked":"FollowUp","floor":4.0},{"not_picked":["ThirdEye","FollowUp"],"picked":"Consecrate","floor":5.0},{"not_picked":["PathToVictory","Pray","Crescendo"],"picked":"SKIP","floor":7.0},{"not_picked":["Consecrate","BattleHymn"],"picked":"CarveReality","floor":10.0},{"not_picked":["Pray","PathToVictory"],"picked":"EmptyFist","floor":12.0},{"not_picked":["SashWhip","EmptyFist"],"picked":"MentalFortress","floor":13.0},{"not_picked":["DeceiveReality","Wireheading","EmptyBody"],"picked":"Singing Bowl","floor":14.0},{"not_picked":["ConjureBlade","DeusExMachina"],"picked":"Brilliance","floor":16.0},{"not_picked":["PathToVictory","BowlingBash"],"picked":"Indignation","floor":18.0},{"not_picked":["FlyingSleeves+1","Protect","ForeignInfluence"],"picked":"Singing Bowl","floor":21.0},{"not_picked":["CutThroughFate","BowlingBash"],"picked":"Halt+1","floor":23},{"not_picked":["Halt","Fasting2","SpiritShield"],"picked":"Singing Bowl","floor":27},{"not_picked":["EmptyFist","Halt","Wireheading"],"picked":"Singing Bowl","floor":29},{"not_picked":["JustLucky+1","ThirdEye"],"picked":"CutThroughFate","floor":31}],"player_experience":1173818,"relics_obtained":[{"floor":7.0,"key":"Bronze Scales"},{"floor":7.0,"key":"Damaru"},{"floor":9.0,"key":"PreservedInsect"},{"floor":10.0,"key":"Shovel"},{"floor":10.0,"key":"CeramicFish"},{"floor":14.0,"key":"Singing Bowl"},{"floor":14.0,"key":"MawBank"},{"floor":15.0,"key":"Regal Pillow"},{"floor":23,"key":"Ornamental Fan"},{"floor":23,"key":"Toy Ornithopter"},{"floor":27,"key":"Boot"},{"floor":27,"key":"Du-Vu Doll"},{"floor":29,"key":"Juzu Bracelet"},{"floor":29,"key":"Omamori"},{"floor":32,"key":"Ancient Tea Set"}],"event_choices":[{"damage_healed":0.0,"max_hp_gain":0.0,"max_hp_loss":0.0,"gold_gain":0.0,"event_name":"Scrap Ooze","player_choice":"Success","floor":3.0,"gold_loss":0.0,"damage_taken":11.0,"relics_obtained":["Darkstone Periapt"]},{"damage_healed":0.0,"max_hp_gain":0.0,"max_hp_loss":0.0,"gold_gain":0.0,"event_name":"The Woman in Blue","player_choice":"Bought 2 Potions","floor":11.0,"gold_loss":0.0,"damage_taken":0.0},{"damage_healed":0.0,"max_hp_gain":0.0,"max_hp_loss":21.0,"gold_gain":0.0,"event_name":"Vampires","player_choice":"Became a vampire","floor":19.0,"gold_loss":0.0,"damage_taken":0.0,"cards_obtained":["Bite","Bite","Bite","Bite","Bite"]},{"damage_healed":0,"gold_gain":0,"player_choice":"Ignored","damage_taken":0,"max_hp_gain":0,"max_hp_loss":0,"event_name":"Cursed Tome","floor":22,"gold_loss":0},{"cards_removed":["Defend_P"],"damage_healed":0,"gold_gain":0,"player_choice":"Offered Basic","damage_taken":0,"max_hp_gain":0,"max_hp_loss":0,"event_name":"Bonfire Elementals","floor":30,"gold_loss":0}],"is_beta":true,"boss_relics":[{"not_picked":["Sozu","VioletLotus"],"picked":"Philosopher\u0027s Stone"}],"items_purged_floors":[25],"is_endless":false,"potions_floor_spawned":[1,5,13,16,18,23,29,31],"killed_by":"Collector","ascension_level":20}}