{"host":"1a3cjta80tad0aqj","time":1610430425,"event":{"mods":["2.2 Compatiblity","AchievementEnabler","BaseMod","Colored Map","DeckTracker","KOR Keyword Fix","Keyboard Shortcuts","Minty Spire (QoL Compilation)","Permanent Neow","Quick Restart","Random Character Button","StSLib","SuperFastMode","everything is the same but u backflip on backflip"],"gold_per_floor":[210,228,246,70,20,47,63,63,88,88,113,188,205,30,30,135,135,148,148,148],"floor_reached":19,"playtime":902,"items_purged":["Defend_R","Defend_R"],"score":177,"play_id":"1080303c-f97a-4a72-993d-83b2e97faee3","local_time":"20210112144705","is_ascension_mode":false,"campfire_choices":[{"data":"True Grit","floor":10.0,"key":"SMITH"},{"floor":15.0,"key":"REST"}],"circlet_count":0,"master_deck":["Strike_R","Strike_R","Strike_R","Strike_R","Strike_R","Defend_R","Bash","Shrug It Off","Shrug It Off","True Grit+1","Wild Strike","Wild Strike","Perfected Strike","True Grit","Cleave"],"relics":["Burning Blood","Anchor","Art of War","Regal Pillow"],"acts_visited":["Exordium","TheCity"],"potions_floor_usage":[],"damage_taken":[{"damage":5.0,"enemies":"Cultist","floor":1.0,"turns":4.0},{"damage":10.0,"enemies":"Small Slimes","floor":2.0,"turns":4.0},{"damage":3.0,"enemies":"2 Louse","floor":3.0,"turns":2.0},{"damage":14.0,"enemies":"Gremlin Nob","floor":6.0,"turns":4.0},{"damage":2.0,"enemies":"Looter","floor":7.0,"turns":3.0},{"damage":31.0,"enemies":"3 Sentries","floor":11.0,"turns":11.0},{"damage":1.0,"enemies":"Exordium Thugs","floor":13.0,"turns":4.0},{"damage":79.0,"enemies":"Hexaghost","floor":16.0,"turns":13.0},{"damage":33,"enemies":"Shell Parasite","floor":18,"turns":10},{"damage":51,"enemies":"3 Byrds","floor":19,"turns":7}],"seed_played":"239362931542361570","potions_obtained":[{"floor":3.0,"key":"ElixirPotion"},{"floor":16.0,"key":"Regen Potion"}],"is_trial":false,"path_per_floor":["M","M","M","$","?","E","M","?","T","R","E","?","M","$","R","B",null,"M","M"],"character_chosen":"IRONCLAD","items_purchased":["True Grit","Fire Potion","True Grit","FearPotion"],"campfire_rested":1,"item_purchase_floors":[4,4,14,14],"current_hp_per_floor":[80,76,79,79,79,71,75,75,75,75,50,39,44,44,80,7,80,53,2,2],"gold":148,"neow_bonus":"HUNDRED_GOLD","is_daily":false,"chose_seed":true,"campfire_upgraded":1,"win_rate":0.0,"timestamp":1610430425,"path_taken":["M","M","M","$","?","E","M","?","T","R","E","?","M","$","R","BOSS","M","M"],"items_purchased_type":["Card","Potion","Card","Potion"],"build_version":"2020-12-22","purchased_purges":2,"victory":false,"max_hp_per_floor":[80,80,80,80,80,80,80,80,80,80,80,80,80,80,80,80,80,80,80,80],"card_choices":[{"not_picked":["Iron Wave","Body Slam"],"picked":"Shrug It Off","floor":1.0},{"not_picked":["Dual Wield","Iron Wave","Anger"],"picked":"SKIP","floor":2.0},{"not_picked":["Clothesline","Combust"],"picked":"Shrug It Off","floor":3.0},{"not_picked":["Headbutt","Flex"],"picked":"Wild Strike","floor":6.0},{"not_picked":["Flame Barrier","Pummel"],"picked":"Wild Strike","floor":7.0},{"not_picked":["Seeing Red","Rupture"],"picked":"Perfected Strike","floor":11.0},{"not_picked":["Carnage","Bloodletting","Combust"],"picked":"SKIP","floor":13.0},{"not_picked":["Body Slam","Sword Boomerang"],"picked":"Cleave","floor":18}],"player_experience":313943,"relics_obtained":[{"floor":6.0,"key":"Anchor"},{"floor":9.0,"key":"Art of War"},{"floor":11.0,"key":"Regal Pillow"}],"event_choices":[{"cards_removed":["Defend_R"],"damage_healed":0.0,"max_hp_gain":0.0,"max_hp_loss":0.0,"gold_gain":0.0,"event_name":"The Cleric","player_choice":"Card Removal","floor":5.0,"gold_loss":50.0,"damage_taken":0.0},{"damage_healed":0.0,"max_hp_gain":0.0,"max_hp_loss":0.0,"gold_gain":0.0,"event_name":"Liars Game","player_choice":"Ignored","floor":8.0,"gold_loss":0.0,"damage_taken":0.0},{"damage_healed":0.0,"max_hp_gain":0.0,"max_hp_loss":0.0,"gold_gain":75.0,"event_name":"World of Goop","player_choice":"Gather Gold","floor":12.0,"gold_loss":0.0,"damage_taken":11.0}],"is_beta":false,"boss_relics":[{"not_picked":["Coffee Dripper","Pandora\u0027s Box","Sozu"]}],"items_purged_floors":[4,14],"is_endless":false,"potions_floor_spawned":[3,16],"killed_by":"3 Byrds","ascension_level":0}}