{"host":"ds1yr10zonoc6w4a","time":1610411755,"event":{"mods":["BaseMod","Better Match","Better Third Choice","BetterRewards","Energized Spire","Minty Spire (QoL Compilation)","StSLib","The Animator"],"gold_per_floor":[291,13,13,39,39,76,76,101,101,101,101,101,34,55,55,65,65],"floor_reached":16,"playtime":1631,"items_purged":["animator:Strike","animator:Strike"],"score":289,"play_id":"126e22a1-2a23-4fdd-a463-3eba95343b68","local_time":"20210111173555","is_ascension_mode":true,"campfire_choices":[{"floor":7,"key":"DIG"},{"floor":12,"key":"DIG"},{"floor":15,"key":"DIG"}],"circlet_count":0,"master_deck":["AscendersBane","animator:Strike_Kancolle","animator:Defend_Kancolle","animator:Strike","animator:Defend","animator:Defend","animator:Defend","animator:Shimakaze","animator:Kuroyukihime","animator:Arpeggio","animator:Emonzaemon","animator:QuestionMark","animator:Chung","animator:Cocytus","animator:ElricAlphonse","animator:EmiyaShirou","animator:ZankiKiguchi","animator:Mitsuba"],"relics":["animator:LivingPicture","animator:TheMissingPiece","animator:PurgingStone","Shovel","Frozen Eye","Ornamental Fan","MealTicket","Mummified Hand","PreservedInsect","animator:BattleDrones"],"acts_visited":["Exordium"],"potions_floor_usage":[16],"damage_taken":[{"damage":1,"enemies":"Cultist","floor":1,"turns":4},{"damage":4,"enemies":"Small Slimes","floor":4,"turns":4},{"damage":26,"enemies":"Lagavulin","floor":6,"turns":9},{"damage":2,"enemies":"2 Louse","floor":8,"turns":3},{"damage":9,"enemies":"Large Slime","floor":14,"turns":7},{"damage":14,"enemies":"Hexaghost","floor":16,"turns":9}],"seed_played":"-8402978642750507311","potions_obtained":[{"floor":6,"key":"LiquidBronze"},{"floor":14,"key":"SmokeBomb"}],"is_trial":false,"path_per_floor":["M","$","T","M","$","E","R","M","T","?","?","R","?","M","R","B"],"character_chosen":"THE_ANIMATOR","items_purchased":["Shovel","animator:Kuroyukihime","Frozen Eye","animator:Arpeggio","animator:QuestionMark","animator:Chung","animator:Cocytus"],"campfire_rested":0,"item_purchase_floors":[0,0,0,0,2,2,2],"current_hp_per_floor":[53,53,53,49,49,23,23,22,22,22,22,22,22,13,13,0,0],"gold":65,"neow_bonus":"","is_daily":false,"chose_seed":false,"campfire_upgraded":0,"win_rate":0.0,"timestamp":1610411755,"path_taken":["M","?","?","?","?","E","R","M","T","?","?","R","?","M","R","BOSS"],"items_purchased_type":["Relic","Card","Relic","Card","Card","Card","Card"],"build_version":"2020-12-22","purchased_purges":2,"victory":false,"max_hp_per_floor":[60,60,60,60,60,60,60,61,61,61,61,61,61,61,61,61,61],"card_choices":[{"not_picked":["animator:Alexander","animator:Melzalgald"],"picked":"animator:Emonzaemon","floor":1},{"not_picked":["animator:RoyMustang","animator:Azekura"],"picked":"animator:ElricAlphonse","floor":4},{"not_picked":["animator:WinryRockbell","animator:Geryuganshoop"],"picked":"animator:EmiyaShirou","floor":6},{"not_picked":["animator:Emonzaemon","animator:Azekura"],"picked":"animator:ZankiKiguchi","floor":8},{"not_picked":["animator:Geryuganshoop","animator:Gilgamesh"],"picked":"animator:Mitsuba","floor":14}],"player_experience":733796,"relics_obtained":[{"floor":6,"key":"Ornamental Fan"},{"floor":7,"key":"MealTicket"},{"floor":9,"key":"Mummified Hand"},{"floor":12,"key":"PreservedInsect"},{"floor":15,"key":"animator:BattleDrones"}],"event_choices":[{"damage_healed":0,"gold_gain":0,"player_choice":"Ignored","damage_taken":0,"max_hp_gain":0,"max_hp_loss":0,"event_name":"Golden Idol","floor":10,"gold_loss":0},{"damage_healed":22,"gold_gain":0,"player_choice":"Leave","damage_taken":0,"max_hp_gain":0,"max_hp_loss":61,"event_name":"betterThird:BetterShining","floor":11,"gold_loss":0},{"damage_healed":0,"gold_gain":0,"player_choice":"Left","damage_taken":0,"max_hp_gain":0,"max_hp_loss":0,"event_name":"betterThird:BetterGoop","floor":13,"gold_loss":67}],"is_beta":false,"boss_relics":[],"items_purged_floors":[0,2],"is_endless":false,"potions_floor_spawned":[6,14],"killed_by":"Hexaghost","ascension_level":19}}