{"host":"31s8hzukbhz1k6i6","time":1610487382,"event":{"mods":["AchievementEnabler","BaseMod","Bestiary","Colored Map","Filter the Spire","Minty Spire (QoL Compilation)","Relic Stats","ojb\u0027s Info Mod"],"gold_per_floor":[212,212,225,239,164,164,64,81,81,81,99,112,112,128,128,128,128],"floor_reached":16,"language":"ENG","playtime":451,"items_purged":["Strike_B","Strike_B"],"score":94,"play_id":"4fa0fc04-0fd4-40fa-b5a4-00a97a6090c0","local_time":"20210112133622","is_ascension_mode":false,"campfire_choices":[{"data":"Beam Cell","floor":6,"key":"SMITH"},{"data":"Reinforced Body","floor":15,"key":"SMITH"}],"circlet_count":0,"master_deck":["Strike_B","Strike_B","Defend_B","Defend_B","Defend_B","Defend_B","Zap","Dualcast","Beam Cell+1","Skim","Reinforced Body+1"],"relics":["Cracked Core","Bottled Flame","Eternal Feather"],"acts_visited":["Exordium"],"potions_floor_usage":[],"damage_taken":[{"damage":3,"enemies":"Jaw Worm","floor":1,"turns":3},{"damage":0,"enemies":"Cultist","floor":3,"turns":3},{"damage":3,"enemies":"Small Slimes","floor":4,"turns":3},{"damage":7,"enemies":"Blue Slaver","floor":8,"turns":3},{"damage":12,"enemies":"Lots of Slimes","floor":11,"turns":4},{"damage":3,"enemies":"Looter","floor":12,"turns":3},{"damage":2,"enemies":"Blue Slaver","floor":14,"turns":3},{"damage":24,"enemies":"Slime Boss","floor":16,"turns":5}],"seed_played":"365205278344077083","potions_obtained":[{"floor":1,"key":"Ancient Potion"},{"floor":12,"key":"FearPotion"},{"floor":14,"key":"Strength Potion"}],"is_trial":false,"path_per_floor":["M","?","M","M","$","R","$","M","T","?","M","M","?","M","R","B"],"character_chosen":"DEFECT","items_purchased":[],"campfire_rested":0,"item_purchase_floors":[],"current_hp_per_floor":[72,72,72,69,69,69,69,62,62,59,47,44,49,47,53,29,29],"gold":128,"neow_bonus":"HUNDRED_GOLD","is_daily":false,"chose_seed":false,"campfire_upgraded":2,"win_rate":0.0,"timestamp":1610487382,"path_taken":["M","?","M","M","$","R","?","M","T","?","M","?","?","M","R","BOSS"],"items_purchased_type":[],"build_version":"2020-12-22","purchased_purges":2,"victory":false,"max_hp_per_floor":[75,75,75,75,75,75,75,75,75,75,75,75,80,80,80,80,80],"relic_stats":{"counters":[8,27],"Eternal Feather":6,"obtain_stats":[{"Bottled Flame":9,"Eternal Feather":10,"Cracked Core":0},{"Bottled Flame":4,"Eternal Feather":4,"Cracked Core":0},{"Bottled Flame":12,"Eternal Feather":12,"Cracked Core":0}]},"card_choices":[{"not_picked":["BootSequence","Conserve Battery"],"picked":"Beam Cell","floor":1},{"not_picked":["Cold Snap","Double Energy","Sweeping Beam"],"picked":"SKIP","floor":3},{"not_picked":["Conserve Battery","Ball Lightning"],"picked":"Skim","floor":4},{"not_picked":["Skim","Hyperbeam"],"picked":"Reinforced Body","floor":8},{"not_picked":["Scrape","Tempest","FTL"],"picked":"SKIP","floor":11},{"not_picked":["Barrage","Go for the Eyes","Turbo"],"picked":"SKIP","floor":12},{"not_picked":["Beam Cell","Fusion","Recycle"],"picked":"SKIP","floor":14}],"player_experience":183843,"relics_obtained":[{"floor":9,"key":"Bottled Flame"}],"event_choices":[{"damage_healed":0,"gold_gain":0,"player_choice":"Ignored","damage_taken":0,"max_hp_gain":0,"max_hp_loss":0,"event_name":"NoteForYourself","floor":2,"gold_loss":0},{"damage_healed":0,"gold_gain":0,"player_choice":"Success","damage_taken":3,"relics_obtained":["Eternal Feather"],"max_hp_gain":0,"max_hp_loss":0,"event_name":"Scrap Ooze","floor":10,"gold_loss":0},{"damage_healed":0,"gold_gain":0,"player_choice":"Donut","damage_taken":0,"max_hp_gain":5,"max_hp_loss":0,"event_name":"Big Fish","floor":13,"gold_loss":0}],"is_beta":false,"boss_relics":[],"items_purged_floors":[5,7],"is_endless":false,"potions_floor_spawned":[1,12,14],"killed_by":"Slime Boss","ascension_level":0}}