{"host":"t9zjxed0utvsfjwc","time":1610461984,"event":{"mods":["2.2 Compatiblity","Aspiration","BaseMod","Block Reminder","Colored Map","Colored Powertips","Highlight Path","Hubris","Infinite Spire","Minty Spire (QoL Compilation)","Quick Restart","Replay The Spire","StSLib","The Marked","Unceasing Turn Reminder","everything is the same but u backflip on backflip"],"gold_per_floor":[118,43,43,57,70,70,70,99,99,113,113,129,162,173,173,274,274,287,212,212,264,264,292,292,292,292],"floor_reached":25,"playtime":1312,"items_purged":["Strike_R","Defend_R"],"score":309,"play_id":"88b06f6a-249a-4d27-afad-487a24320c39","local_time":"20210112143304","is_ascension_mode":true,"campfire_choices":[{"data":"Anger","floor":6,"key":"SMITH"},{"data":"Armaments","floor":11,"key":"SMITH"},{"floor":15,"key":"REST"},{"floor":24,"key":"REST"}],"circlet_count":0,"master_deck":["Strike_R","Strike_R","Strike_R","Defend_R","Defend_R","Defend_R","Bash","Anger+1","Clothesline","Armaments+1","Pommel Strike","Metallicize","Shrug It Off","infinitespire:Starlight","hubris:ReadiedAction+1"],"relics":["Black Blood","NeowsBlessing","WarpedTongs","infinitespire:ShieldingShard","Ornamental Fan","Bottled Lightning","hubris:Towel","Smiling Mask","Chemical X","Bag of Marbles"],"acts_visited":["Exordium","TheCity"],"potions_floor_usage":[5,10,16],"damage_taken":[{"damage":0,"enemies":"Jaw Worm","floor":1,"turns":1},{"damage":0,"enemies":"Cultist","floor":4,"turns":1},{"damage":0,"enemies":"2 Louse","floor":5,"turns":1},{"damage":32,"enemies":"Lagavulin","floor":8,"turns":5},{"damage":5,"enemies":"2 Fungi Beasts","floor":10,"turns":4},{"damage":0,"enemies":"Blue Slaver","floor":12,"turns":4},{"damage":36,"enemies":"3 Sentries","floor":13,"turns":10},{"damage":22,"enemies":"Lots of Slimes","floor":14,"turns":5},{"damage":27,"enemies":"Hexaghost","floor":16,"turns":12},{"damage":10,"enemies":"Chosen","floor":18,"turns":6},{"damage":66,"enemies":"Book of Stabbing","floor":23,"turns":7},{"damage":73,"enemies":"Slavers","floor":25,"turns":6}],"seed_played":"1214090253163687289","potions_obtained":[{"floor":5,"key":"Fruit Juice"},{"floor":8,"key":"ColorlessPotion"},{"floor":14,"key":"Elixir"}],"is_trial":false,"path_per_floor":["M","$","?","M","M","R","?","E","T","M","R","M","E","M","R","B",null,"M","?","?","T","AVR","E","R","E"],"character_chosen":"IRONCLAD","items_purchased":[],"campfire_rested":2,"item_purchase_floors":[],"current_hp_per_floor":[78,78,78,80,85,85,85,59,59,60,60,66,36,20,45,24,70,72,72,72,72,72,33,58,0,0],"gold":292,"neow_bonus":"THREE_ENEMY_KILL","is_daily":false,"chose_seed":false,"campfire_upgraded":2,"win_rate":0.0,"timestamp":1610461984,"path_taken":["M","$","?","?","M","R","?","E","T","?","R","M","E","M","R","BOSS","M","?","?","?","AVR","E","R","E"],"items_purchased_type":[],"build_version":"2020-12-22","purchased_purges":2,"victory":false,"max_hp_per_floor":[80,80,80,80,85,85,85,85,85,85,85,85,85,85,85,85,85,85,85,85,85,85,85,85,85,85],"card_choices":[{"not_picked":["Evolve","hubris:ReadiedAction"],"picked":"Anger","floor":1},{"not_picked":["Rampage","Shockwave","Power Through"],"picked":"SKIP","floor":4},{"not_picked":["Replay:Undeath\u0027s Touch","Armaments"],"picked":"Clothesline","floor":5},{"not_picked":["Havoc","Replay:Undeath\u0027s Touch"],"picked":"Armaments","floor":8},{"not_picked":["Intimidate","Feel No Pain"],"picked":"Pommel Strike","floor":10},{"not_picked":["Run Through","Spot Weakness"],"picked":"Metallicize","floor":12},{"not_picked":["Carnage","Immolate"],"picked":"Shrug It Off","floor":13},{"not_picked":["Run Through","Dark Embrace","Havoc"],"picked":"SKIP","floor":14},{"not_picked":["Thunderclap","Power Through","Combust"],"picked":"SKIP","floor":18},{"not_picked":["Headbutt","Double Tap"],"picked":"hubris:ReadiedAction+1","floor":23}],"player_experience":272513,"relics_obtained":[{"floor":8,"key":"infinitespire:ShieldingShard"},{"floor":9,"key":"Ornamental Fan"},{"floor":13,"key":"Bottled Lightning"},{"floor":21,"key":"Smiling Mask"},{"floor":23,"key":"Bag of Marbles"}],"event_choices":[{"cards_removed":["Strike_R"],"damage_healed":0,"gold_gain":0,"player_choice":"Purged","damage_taken":0,"max_hp_gain":0,"max_hp_loss":0,"event_name":"Purifier","floor":3,"gold_loss":0},{"damage_healed":0,"gold_gain":0,"player_choice":"Rummage","damage_taken":0,"relics_obtained":["WarpedTongs"],"max_hp_gain":0,"max_hp_loss":0,"event_name":"Accursed Blacksmith","floor":7,"gold_loss":0,"cards_obtained":["Pain"]},{"cards_removed":["Pain"],"damage_healed":0,"gold_gain":0,"player_choice":"Gave Gold","damage_taken":0,"max_hp_gain":0,"max_hp_loss":0,"event_name":"Beggar","floor":19,"gold_loss":75}],"is_beta":false,"boss_relics":[{"not_picked":["Mark of Pain","Honey Jar"],"picked":"Black Blood"}],"items_purged_floors":[2,22],"is_endless":false,"potions_floor_spawned":[5,8,14],"killed_by":"Slavers","ascension_level":7}}