{"host":"ecaj4hn004xnnrw9","time":1610480840,"event":{"mods":["AchievementEnabler","BaseMod","Hermit","Minty Spire (QoL Compilation)","Quick Restart","Replay The Spire","Shop Mod","StSLib","The Jungle"],"gold_per_floor":[111,169,169,19,19,19,36,70,70,100,0,0,10,29,29,127,127,147,197,217,227,227,227,227,227],"floor_reached":24,"language":"ENG","playtime":1089,"items_purged":["ReplayTheSpireMod:Restless Dread","Strike_R"],"score":316,"play_id":"866ad569-79b2-4e7d-a3f9-d97a74afb37f","local_time":"20210112194720","is_ascension_mode":true,"campfire_choices":[{"data":"Bash","floor":6,"key":"SMITH"},{"floor":12,"key":"REST"},{"data":"Spot Weakness","floor":15,"key":"SMITH"},{"data":"Double Tap","floor":23,"key":"SMITH"}],"circlet_count":0,"master_deck":["AscendersBane","Strike_R","Strike_R","Strike_R","Strike_R","Defend_R","Defend_R+1","Defend_R+1","Defend_R","Bash+1","Anger","Bloodletting","Hemokinesis","ReplayTheSpireMod:Muscle Training","Double Tap+1","Spot Weakness+1","Sword Boomerang","Offering","Flame Barrier+1"],"relics":["Burning Blood","War Paint","Ring of Hypnosis","Chameleon Ring","White Beast Statue","Bottled Lightning","Nloth\u0027s Gift"],"acts_visited":["Exordium","TheCity"],"potions_floor_usage":[2,8,10,13,14,21,21,24],"damage_taken":[{"damage":1,"enemies":"2 Louse","floor":1,"turns":4},{"damage":2,"enemies":"Small Slimes","floor":7,"turns":2},{"damage":31,"enemies":"3 Sentries","floor":8,"turns":5},{"damage":21,"enemies":"Gremlin Nob","floor":10,"turns":3},{"damage":6,"enemies":"Jaw Worm","floor":13,"turns":2},{"damage":1,"enemies":"2 Fungi Beasts","floor":14,"turns":4},{"damage":49,"enemies":"Fading Forest","floor":16,"turns":11},{"damage":17,"enemies":"Spheric Guardian","floor":18,"turns":3},{"damage":9,"enemies":"Chosen","floor":20,"turns":3},{"damage":23,"enemies":"Centurion and Healer","floor":21,"turns":8},{"damage":36,"enemies":"Book of Stabbing","floor":24,"turns":7}],"seed_played":"9053667954842464620","potions_obtained":[{"floor":2,"key":"Fruit Juice"},{"floor":2,"key":"Cursed Concoction"},{"floor":2,"key":"CultistPotion"},{"floor":7,"key":"Explosive Potion"},{"floor":8,"key":"SpeedPotion"},{"floor":10,"key":"Swift Potion"},{"floor":13,"key":"Elixir"},{"floor":14,"key":"Reflective Coating"},{"floor":16,"key":"Dexterity Potion"},{"floor":18,"key":"Languid Potion"},{"floor":20,"key":"Explosive Potion"},{"floor":21,"key":"HeartOfIron"}],"is_trial":false,"path_per_floor":["M","?","?","$","?","R","M","E","T","E","$","R","M","M","R","B",null,"M","?","M","M","?","R","E"],"character_chosen":"IRONCLAD","items_purchased":["Hemokinesis"],"campfire_rested":1,"item_purchase_floors":[4],"current_hp_per_floor":[77,50,50,50,50,50,54,29,29,14,14,39,39,44,44,13,67,56,56,53,36,36,36,0,0],"gold":227,"neow_bonus":"RANDOM_COMMON_RELIC","is_daily":false,"chose_seed":false,"campfire_upgraded":3,"win_rate":0.0,"timestamp":1610480840,"path_taken":["M","?","?","$","?","R","M","E","T","E","$","R","M","M","R","BOSS","M","?","?","M","?","R","E"],"items_purchased_type":["Card"],"build_version":"2020-12-22","purchased_purges":2,"victory":false,"max_hp_per_floor":[80,85,85,85,85,85,85,85,85,85,85,85,85,85,85,85,85,85,85,85,85,85,85,85,85],"card_choices":[{"not_picked":["Warcry","Iron Wave"],"picked":"Anger","floor":1},{"not_picked":["Flex","ReplayTheSpireMod:Strike From Hell"],"picked":"Bloodletting","floor":2},{"not_picked":["Thunderclap","Dark Embrace"],"picked":"ReplayTheSpireMod:Muscle Training","floor":7},{"not_picked":["ReplayTheSpireMod:LeadingStrike","Feel No Pain"],"picked":"Double Tap","floor":8},{"not_picked":["Massacre","Heavy Blade"],"picked":"Spot Weakness","floor":10},{"not_picked":["Havoc","Flex","Spot Weakness"],"picked":"SKIP","floor":13},{"not_picked":["Sever Soul","Run Through"],"picked":"Sword Boomerang","floor":14},{"not_picked":["Juggernaut","Replay:Many Hands"],"picked":"Offering","floor":16},{"not_picked":["Perfected Strike","Run Through"],"picked":"Flame Barrier+1","floor":18},{"not_picked":["Power Through","Life Link","Clothesline"],"picked":"SKIP","floor":20},{"not_picked":["Iron Wave","Twin Strike","Barricade"],"picked":"SKIP","floor":21}],"player_experience":289727,"relics_obtained":[{"floor":3,"key":"Ring of Hypnosis"},{"floor":8,"key":"Chameleon Ring"},{"floor":9,"key":"White Beast Statue"},{"floor":10,"key":"Bottled Lightning"}],"event_choices":[{"damage_healed":0,"gold_gain":0,"player_choice":"Ignored","damage_taken":0,"max_hp_gain":0,"max_hp_loss":0,"event_name":"Liars Game","floor":5,"gold_loss":0},{"damage_healed":0,"gold_gain":100,"player_choice":"Bet on Murderer","damage_taken":0,"max_hp_gain":0,"max_hp_loss":0,"event_name":"The Joust","floor":19,"gold_loss":50},{"damage_healed":0,"gold_gain":0,"player_choice":"Traded Relic","damage_taken":0,"relics_obtained":["Nloth\u0027s Gift"],"max_hp_gain":0,"max_hp_loss":0,"event_name":"N\u0027loth","floor":22,"relics_lost":["ChewingGum"],"gold_loss":0}],"is_beta":false,"boss_relics":[{"not_picked":["ReplayTheSpireMod:DimensionalGlitch","Sozu"],"picked":"ChewingGum"}],"items_purged_floors":[4,11],"is_endless":false,"potions_floor_spawned":[7,8,10,13,14,16,18,20,21],"killed_by":"Book of Stabbing","ascension_level":11}}