{"host":"2c1pg2m9wpz3w4c0","time":1610492336,"event":{"mods":["AchievementEnabler","Act Like it!","Aspiration","BaseMod","Better Note","BetterRewards","Curses Come First","Disable Question Mark Monsters","Halation","Hubris","Infinite Spire","Lotus Mark","Marisa????????","Minty Spire (QoL Compilation)","Replay The Spire","StSLib","SuperFastMode","The Clintock","The Jungle","The Marked","The Runesmith","Transform Curses"],"gold_per_floor":[119,219,229,229,248,248,266,266,348,38,38,50,50,50,50,146,146,161,179,179,196,196,223,243,243,267,280,292,292,309,336,336,336,336],"floor_reached":33,"language":"ENG","playtime":948,"items_purged":[],"score":479,"play_id":"68188522-586f-43ae-be16-c4d1049938ed","local_time":"20210112155856","is_ascension_mode":false,"campfire_choices":[{"data":"Rampage","floor":6,"key":"SMITH"},{"data":"Madness","floor":11,"key":"SMITH"},{"data":"Sadistic Nature","floor":13,"key":"SMITH"},{"data":"Infernal Blade","floor":15,"key":"SMITH"},{"data":"infinitespire:Punishment","floor":29,"key":"SMITH"},{"data":"infinitespire:Collect","floor":29,"key":"SMITH"}],"circlet_count":0,"master_deck":["Strike_R","Strike_R","Strike_R","Strike_R","Defend_R","Defend_R","Defend_R","Defend_R","Bash","Infernal Blade+1","Twin Strike","Sadistic Nature+1","Madness+1","Panacea","Cleave","ReplayTheSpireMod:LeadingStrike","hubris:ReadiedAction","Rampage+1","Pommel Strike","Twin Strike+1","Shrug It Off","Metallicize","Blood for Blood","Feed","Iron Wave","hubris:ReadiedAction+1","Anger+1","Ghostly Armor+1","hubris:ReadiedAction+1","infinitespire:Punishment+1","infinitespire:Collect+1","Body Slam","Body Slam","Entrench","ReplayTheSpireMod:Strike From Hell+1"],"relics":["Burning Blood","ReplayTheSpireMod:ShopPack","Lantern","infinitespire:Bottled Soul","Bag of Marbles","Ooze Armor","halation:PenCase","hubris:Backtick","halation:LettersToHer","Mango","Pet Ghost","Omamori"],"acts_visited":["Exordium","theJungle:Jungle"],"potions_floor_usage":[16,31,31],"damage_taken":[{"damage":0,"enemies":"Small Slimes","floor":1,"turns":2},{"damage":28,"enemies":"infinitespire:Voidling","floor":3,"turns":3},{"damage":0,"enemies":"2 Louse","floor":5,"turns":3},{"damage":16,"enemies":"2 Fungi Beasts","floor":7,"turns":3},{"damage":4,"enemies":"3 Louse","floor":12,"turns":2},{"damage":24,"enemies":"Slime Boss","floor":16,"turns":7},{"damage":13,"enemies":"theJungle:GiantWrat","floor":18,"turns":5},{"damage":4,"enemies":"theJungle:MUSHROOMGANG","floor":19,"turns":4},{"damage":13,"enemies":"theJungle:2_Snecko_Cultists","floor":21,"turns":4},{"damage":40,"enemies":"theJungle:MamaSnecko","floor":23,"turns":6},{"damage":0,"enemies":"theJungle:Snecko_Cultist_And_Trap","floor":24,"turns":7},{"damage":2,"enemies":"theJungle:JungleHuntersEncounter","floor":27,"turns":5},{"damage":0,"enemies":"theJungle:SlimyTreeVines","floor":28,"turns":2},{"damage":36,"enemies":"theJungle:2_Flameangoes","floor":30,"turns":5},{"damage":0,"enemies":"theJungle:Cassacara","floor":31,"turns":2},{"damage":0,"enemies":"theJungle:FunGuy","floor":33,"turns":1}],"seed_played":"-1041146807711030241","potions_obtained":[{"floor":3,"key":"Elixir"},{"floor":7,"key":"Ancient Potion"},{"floor":23,"key":"Strength Potion"},{"floor":28,"key":"Energy Potion"},{"floor":30,"key":"LiquidBronze"}],"is_trial":false,"path_per_floor":["M","?","M","?","M","R","M","?","T","$","R","M","R","?","R","B",null,"M","M","?","M","?","E","M","AVR","T","M","M","R","M","E","R","B"],"character_chosen":"IRONCLAD","items_purchased":["ReplayTheSpireMod:ShopPack","Infernal Blade","Twin Strike","Bag of Marbles","Twin Strike+1","Shrug It Off","Metallicize"],"campfire_rested":0,"item_purchase_floors":[0,0,0,10,10,10,10],"current_hp_per_floor":[79,79,57,57,63,63,53,50,50,50,50,52,52,78,78,60,80,73,75,75,71,71,37,43,57,57,61,67,67,37,43,72,72,72],"gold":336,"neow_bonus":"","is_daily":false,"chose_seed":false,"campfire_upgraded":6,"win_rate":0.0,"timestamp":1610492336,"path_taken":["M","?","?","?","M","R","M","?","T","$","R","M","R","?","R","BOSS","M","M","?","M","?","E","M","AVR","T","M","M","R","?","E","R","BOSS"],"items_purchased_type":["Relic","Card","Card","Relic","Card","Card","Card"],"build_version":"2020-12-22","purchased_purges":0,"victory":false,"max_hp_per_floor":[80,80,80,80,80,80,80,80,80,80,80,80,80,80,80,80,80,80,80,80,83,83,83,83,97,97,97,97,97,97,97,97,97,97],"card_choices":[{"not_picked":["The Bomb","Midas Touch"],"picked":"Sadistic Nature","floor":0},{"not_picked":["Panache","Poisoned Strike"],"picked":"Madness","floor":0},{"not_picked":["hubris:Insight","Swift Strike"],"picked":"Panacea","floor":0},{"not_picked":["Reckless Charge","Carnage"],"picked":"Cleave","floor":1},{"not_picked":["Barricade","Heavy Blade"],"picked":"ReplayTheSpireMod:LeadingStrike","floor":3},{"not_picked":["ReplayTheSpireMod:Strike From Hell","Feel No Pain"],"picked":"Rampage","floor":5},{"not_picked":["Abandon","True Grit"],"picked":"Pommel Strike","floor":7},{"not_picked":["Carnage","Pommel Strike"],"picked":"Blood for Blood","floor":12},{"not_picked":["Immolate","Offering"],"picked":"Feed","floor":16},{"not_picked":["Carnage","Sword Boomerang"],"picked":"Iron Wave","floor":18},{"not_picked":["Warcry","Run Through"],"picked":"hubris:ReadiedAction","floor":19},{"not_picked":["Iron Wave","Fiend Fire"],"picked":"Anger","floor":21},{"not_picked":["Infernal Blade","Armaments+1"],"picked":"Ghostly Armor+1","floor":23},{"not_picked":["Body Slam","Burning Pact"],"picked":"hubris:ReadiedAction+1","floor":24},{"not_picked":["Clash","Rupture"],"picked":"Body Slam","floor":27},{"not_picked":["Heavy Blade","Abandon"],"picked":"Body Slam","floor":28},{"not_picked":["True Grit+1","Burning Pact"],"picked":"Entrench","floor":30},{"not_picked":["Clothesline+1","Run Through"],"picked":"ReplayTheSpireMod:Strike From Hell+1","floor":31}],"player_experience":1168080,"relics_obtained":[{"floor":9,"key":"infinitespire:Bottled Soul"},{"floor":23,"key":"halation:PenCase"},{"floor":26,"key":"halation:LettersToHer"},{"floor":26,"key":"Pet Ghost"},{"floor":31,"key":"Omamori"}],"event_choices":[{"damage_healed":0,"gold_gain":100,"player_choice":"Pray","damage_taken":0,"max_hp_gain":0,"max_hp_loss":0,"event_name":"Golden Shrine","floor":2,"gold_loss":0},{"damage_healed":0,"gold_gain":0,"player_choice":"Success","damage_taken":3,"relics_obtained":["Lantern"],"max_hp_gain":0,"max_hp_loss":0,"event_name":"Scrap Ooze","floor":8,"gold_loss":0},{"damage_healed":26,"gold_gain":0,"player_choice":"Banana","damage_taken":0,"max_hp_gain":0,"max_hp_loss":0,"event_name":"Big Fish","floor":14,"gold_loss":0},{"cards_removed":["Strike_R"],"damage_healed":0,"gold_gain":0,"player_choice":"Purged","damage_taken":0,"max_hp_gain":0,"max_hp_loss":0,"event_name":"Purifier","floor":20,"gold_loss":0},{"damage_healed":0,"gold_gain":0,"player_choice":"Forge","damage_taken":0,"max_hp_gain":0,"max_hp_loss":0,"event_name":"Accursed Blacksmith","floor":22,"gold_loss":0,"cards_upgraded":["Anger"]}],"is_beta":false,"boss_relics":[{"not_picked":["hubris:HollowSoul","hubris:RunicObelisk"],"picked":"Ooze Armor"}],"items_purged_floors":[],"is_endless":false,"potions_floor_spawned":[3,7,23,28,30],"killed_by":"theJungle:FunGuy","ascension_level":0}}