{"host":"ue3qa4y58fiwdsvn","time":1610481947,"event":{"mods":["BaseMod","BetterRewards","Colored Map","Colored Powertips","Downfall","Friendly Minions","Hubris","Infinite Spire","Minty Spire (QoL Compilation)","MostiFishMod","Replay The Spire","Shop Mod","Spicy Shops","StSLib","The Bug Knight","The Construct","The Cursed","The Gatherer","UnlockEverythingMod","vexMod"],"gold_per_floor":[111,111,111,123,138,138,172,172,247,263,292,303,363,394,394,495,495,515,614,631,729,729,729,741,751,751,751,767,233,249,264,264,359,359,373,373,421,46,46,64,0,81,98,108,18,53,64,64,64,64,64],"floor_reached":50,"language":"ZHS","playtime":2562,"items_purged":["Gatherer:Defend_Gatherer","Gatherer:Strike_Gatherer","Normality"],"score":744,"play_id":"7edcde59-8e0f-43c1-abd7-1c6b212f31a3","local_time":"20210113040547","is_ascension_mode":false,"metric_token":1301,"campfire_choices":[{"data":"Gatherer:FlowerFalling","floor":6.0,"key":"SMITH"},{"floor":8.0,"key":"REST"},{"floor":15.0,"key":"REST"},{"floor":23.0,"key":"DIG"},{"floor":27.0,"key":"REST"},{"floor":32.0,"key":"DIG"},{"floor":49,"key":"REST"}],"circlet_count":1,"master_deck":["Gatherer:Strike_Gatherer","Gatherer:Strike_Gatherer","Gatherer:Strike_Gatherer","Gatherer:Strike_Gatherer","Gatherer:Defend_Gatherer","Gatherer:Defend_Gatherer","Gatherer:Defend_Gatherer","Gatherer:Defend_Gatherer","Gatherer:Centralize","Gatherer:FlowerWhip","Gatherer:MindSearch","Gatherer:FlowerFalling+1","Gatherer:RecoveryHerb","ReplayTheSpireMod:??????????????????????","Gatherer:WitheringStrike","Gatherer:FruitForce","Gatherer:StoneFence","Gatherer:CursedBlade+1","CurseOfTheBell","Gatherer:MindSearch","Pot Of Greed","Pot Of Greed","Gatherer:EnergyBasket+1","Gatherer:FlamingBottle+1","Gatherer:CursedBlade","Gatherer:PotentialSlash+1","Gatherer:Enchant+1","Gatherer:TreeGrowth+1","Gatherer:TacticalStrike+1","Gatherer:Frenzy","Gatherer:SealedBomb+1","Gatherer:GatherMaterial+1"],"relics":["Gatherer:AlchemyBag","Omamori","Ring of Hypnosis","ReplayTheSpireMod:Ring of Addiction","Circlet","Chameleon Ring","Bag of Preparation","infinitespire:CheckeredPen","Singing Bowl","Du-Vu Doll","hubris:DisguiseKit","Calling Bell","hubris:PeanutButter","Replay:Rubber Ducky","Replay:Multitool","Grinning Jar","Replay:Bottled Steam","hubris:AstralHammer","Toolbox","Toy Ornithopter","hubris:BlackHole","hubris:Icosahedron","hubris:Teleporter","Bottled Tornado","Red Mask","Replay:WaspNest","Nunchaku"],"acts_visited":["Exordium","TheCity","TheBeyond"],"potions_floor_usage":[50,50,50],"damage_taken":[{"damage":1.0,"enemies":"Jaw Worm","floor":1.0,"turns":2.0},{"damage":0.0,"enemies":"2 Louse","floor":4.0,"turns":1.0},{"damage":0.0,"enemies":"Small Slimes","floor":5.0,"turns":2.0},{"damage":14.0,"enemies":"3 Sentries","floor":7.0,"turns":6.0},{"damage":0.0,"enemies":"2 Fungi Beasts","floor":10.0,"turns":2.0},{"damage":22.0,"enemies":"Lagavulin","floor":11.0,"turns":4.0},{"damage":6.0,"enemies":"Exordium Wildlife","floor":12.0,"turns":2.0},{"damage":0.0,"enemies":"Gremlin Nob","floor":13.0,"turns":2.0},{"damage":20.0,"enemies":"3 Sentries","floor":14.0,"turns":5.0},{"damage":5.0,"enemies":"Slime Boss","floor":16.0,"turns":5.0},{"damage":0.0,"enemies":"Chosen","floor":18.0,"turns":2.0},{"damage":8.0,"enemies":"Shell Parasite","floor":20.0,"turns":4.0},{"damage":0.0,"enemies":"3 Cultists","floor":24.0,"turns":4.0},{"damage":0.0,"enemies":"Sentry and Sphere","floor":25.0,"turns":3.0},{"damage":0.0,"enemies":"Snake Plant","floor":28.0,"turns":2.0},{"damage":0.0,"enemies":"Cultist and Chosen","floor":30.0,"turns":3.0},{"damage":0.0,"enemies":"3 Cultists","floor":31.0,"turns":2.0},{"damage":65.0,"enemies":"Automaton","floor":33.0,"turns":9.0},{"damage":0.0,"enemies":"3 Shapes","floor":35.0,"turns":1.0},{"damage":6.0,"enemies":"2 Orb Walkers","floor":37.0,"turns":3.0},{"damage":0.0,"enemies":"Orb Walker","floor":41.0,"turns":1.0},{"damage":11.0,"enemies":"Writhing Mass","floor":44.0,"turns":2.0},{"damage":0.0,"enemies":"3 Darklings","floor":45.0,"turns":3.0},{"damage":68,"enemies":"Nightmare","floor":47,"turns":5},{"damage":0,"enemies":"Writhing Mass","floor":48,"turns":1},{"damage":74,"enemies":"Awakened One","floor":50,"turns":7}],"seed_played":"-3914720478425179145","potions_obtained":[{"floor":2.0,"key":"Weak Potion"},{"floor":2.0,"key":"SpeedPotion"},{"floor":2.0,"key":"SteroidPotion"},{"floor":5.0,"key":"construct:ShiftPotion"},{"floor":7.0,"key":"Strength Potion"},{"floor":12.0,"key":"Dexterity Potion"},{"floor":24.0,"key":"Guardian:BlockOnCardUsePotion"},{"floor":25.0,"key":"Energy Potion"},{"floor":28.0,"key":"Venom Potion"},{"floor":35.0,"key":"Poison Potion"},{"floor":37.0,"key":"Block Potion"},{"floor":45.0,"key":"Languid Potion"},{"floor":48,"key":"champ:CounterPotion"}],"is_trial":false,"path_per_floor":["M","?","?","M","M","R","E","R","T","M","E","M","?","E","R","B",null,"M","?","M","?","?","R","M","M","T","R","M","$","M","M","R","B",null,"M","?","?","$","R","M","R","T","M","M","?","NM","M","R","B"],"character_chosen":"THE_GATHERER","items_purchased":["Gatherer:MindSearch","Omamori","hubris:AstralHammer","Toolbox","Bottled Tornado"],"campfire_rested":4,"item_purchase_floors":[0,0,29,29,38],"current_hp_per_floor":[50,50,35,39,42,42,31,51,51,55,35,36,38,25,48,46,77,79,79,73,45,45,45,45,47,47,72,74,74,76,78,78,29,89,89,89,89,89,89,89,89,89,78,85,85,24,24,50,0,0,0],"gold":64,"neow_bonus":"","is_daily":false,"chose_seed":false,"campfire_upgraded":1,"win_rate":0.0,"timestamp":1610481947,"path_taken":["M","?","?","M","M","R","E","R","T","M","E","M","?","E","R","BOSS","M","?","M","?","?","R","?","M","T","R","M","$","M","M","R","BOSS","M","?","?","$","R","M","R","T","M","M","?","NM","?","R","BOSS"],"items_purchased_type":["Card","Relic","Relic","Relic","Relic"],"build_version":"2020-12-22","purchased_purges":3,"victory":false,"max_hp_per_floor":[67,67,67,67,67,67,67,67,67,71,71,73,75,77,77,77,77,79,79,81,85,85,85,83,85,85,85,85,85,87,89,89,89,89,89,89,89,89,89,89,89,89,89,89,89,89,89,89,89,89,89],"card_choices":[{"not_picked":["Gatherer:ScrollOfWall","Gatherer:FlowerFalling"],"picked":"Gatherer:RecoveryHerb","floor":1.0},{"not_picked":["infinitespire:TheBestDefense","infinitespire:Execution"],"picked":"ReplayTheSpireMod:??????????????????????","floor":3.0},{"not_picked":["Gatherer:Herbalism","Gatherer:VenomBarrier","Gatherer:OddSpoils"],"picked":"SKIP","floor":4.0},{"not_picked":["Gatherer:FlowerFalling","Gatherer:GatherMaterial","Gatherer:EchoOfNature"],"picked":"SKIP","floor":5.0},{"not_picked":["Gatherer:FragileHammer","Gatherer:FlowerShield"],"picked":"Gatherer:WitheringStrike","floor":7.0},{"not_picked":["Gatherer:BambuSword","Gatherer:SmartManeuver"],"picked":"Gatherer:FruitForce","floor":10.0},{"not_picked":["Gatherer:UpgradeBag","Gatherer:AcidicSpray"],"picked":"Gatherer:StoneFence","floor":11.0},{"not_picked":["Gatherer:AcidicSpray","Gatherer:EchoOfNature","Gatherer:Duplicator"],"picked":"Singing Bowl","floor":12.0},{"not_picked":["Gatherer:WoolGloves","Gatherer:BalancedGrowth","Gatherer:Polymorphism"],"picked":"Singing Bowl","floor":13.0},{"not_picked":["Gatherer:OddSpoils","Gatherer:TreeGrowth","Gatherer:EnergyBasket"],"picked":"Singing Bowl","floor":14.0},{"not_picked":["Gatherer:LuckyClover","Gatherer:ColorfulGarden","champ:LastStand"],"picked":"Gatherer:CursedBlade","floor":16.0},{"not_picked":["Gatherer:WoolGloves","Gatherer:FragileHammer","Gatherer:FlowerShield","champ:StanceDance"],"picked":"Singing Bowl","floor":18.0},{"not_picked":["Gatherer:WoolGloves","Gatherer:CarefulStrike+1","Gatherer:DrugPower+1","champ:VampiricStrike"],"picked":"Singing Bowl","floor":20.0},{"not_picked":["Gatherer:UpgradeBag","Gatherer:TacticalStrike","Gatherer:WitheringStrike","champ:DefensiveShout"],"picked":"Singing Bowl","floor":21.0},{"not_picked":["Gatherer:WoolGloves+1","Gatherer:AcidicSpray","Gatherer:Convert","champ:IgnorePain"],"picked":"Singing Bowl","floor":21.0},{"not_picked":["Gatherer:FlowerShield","Gatherer:AcidicSpray","champ:BladeFlurry"],"picked":"Gatherer:MindSearch","floor":21.0},{"not_picked":["Gatherer:DrugPower","Gatherer:QuickSynthesis","champ:Circumvent"],"picked":"Gatherer:EnergyBasket+1","floor":24.0},{"not_picked":["Gatherer:CarefulStrike+1","Gatherer:FlowerPower","Gatherer:FlowerShield","champ:PerfectedStrike"],"picked":"Singing Bowl","floor":25.0},{"not_picked":["Gatherer:AcidicSpray+1","Gatherer:DrugPower","champ:BerserkerStyle"],"picked":"Gatherer:FlamingBottle","floor":28.0},{"not_picked":["Gatherer:AcidicSpray","Gatherer:RottenStipe","Gatherer:TacticalStrike","champ:FalseCounter"],"picked":"Singing Bowl","floor":30.0},{"not_picked":["Gatherer:MiningStrike","Gatherer:SaveValuables","Gatherer:Duplicator","champ:DefensiveShout"],"picked":"Singing Bowl","floor":31.0},{"not_picked":["Gatherer:Examine","Gatherer:FinishingStrike","champ:VampiricStrike"],"picked":"Gatherer:CursedBlade","floor":33.0},{"not_picked":["Gatherer:CarefulStrike+1","Gatherer:FlowerFalling","champ:ArenaPreparation"],"picked":"Gatherer:PotentialSlash+1","floor":35.0},{"not_picked":["Gatherer:Snatch","Gatherer:ScherryThrow","champ:GutPunch"],"picked":"Gatherer:Enchant+1","floor":37.0},{"not_picked":["Gatherer:Uplift+1","Gatherer:CarefulStrike","champ:PerfectedStrike"],"picked":"Gatherer:TreeGrowth+1","floor":41.0},{"not_picked":["Gatherer:TreeGrowth+1","Gatherer:ColorfulGarden","champ:IronFortress"],"picked":"Gatherer:TacticalStrike+1","floor":44.0},{"not_picked":["Gatherer:Misfortune","Gatherer:GatherMaterial","champ:HeartStrike"],"picked":"Gatherer:Frenzy","floor":45.0},{"not_picked":["Gatherer:Duplicator","Gatherer:RottenStipe","champ:BringItOn"],"picked":"Gatherer:SealedBomb+1","floor":47},{"not_picked":["Gatherer:Polymorphism+1","Gatherer:Nutrients","champ:FanOfKnives"],"picked":"Gatherer:GatherMaterial+1","floor":48}],"player_experience":11323,"relics_obtained":[{"floor":2.0,"key":"Ring of Hypnosis"},{"floor":2.0,"key":"ReplayTheSpireMod:Ring of Addiction"},{"floor":2.0,"key":"Circlet"},{"floor":2.0,"key":"Chameleon Ring"},{"floor":7.0,"key":"Bag of Preparation"},{"floor":9.0,"key":"infinitespire:CheckeredPen"},{"floor":11.0,"key":"Singing Bowl"},{"floor":13.0,"key":"Du-Vu Doll"},{"floor":14.0,"key":"hubris:DisguiseKit"},{"floor":17.0,"key":"hubris:PeanutButter"},{"floor":17.0,"key":"Replay:Rubber Ducky"},{"floor":17.0,"key":"Replay:Multitool"},{"floor":23.0,"key":"Grinning Jar"},{"floor":26.0,"key":"Replay:Bottled Steam"},{"floor":32.0,"key":"Toy Ornithopter"},{"floor":37.0,"key":"hubris:Teleporter"},{"floor":43.0,"key":"Replay:WaspNest"},{"floor":47,"key":"Nunchaku"}],"event_choices":[{"damage_healed":0.0,"max_hp_gain":0.0,"max_hp_loss":0.0,"gold_gain":0.0,"event_name":"Dead Adventurer","player_choice":"Searched \u00271\u0027 times","floor":13.0,"gold_loss":0.0,"damage_taken":0.0},{"damage_healed":0.0,"max_hp_gain":0.0,"max_hp_loss":0.0,"gold_gain":99.0,"event_name":"Nest","player_choice":"Stole From Cult","floor":19.0,"gold_loss":0.0,"damage_taken":0.0},{"cards_removed":["Normality"],"damage_healed":0.0,"max_hp_gain":0.0,"max_hp_loss":0.0,"gold_gain":0.0,"event_name":"Fountain of Cleansing","player_choice":"Removed Curses","floor":22.0,"gold_loss":0.0,"damage_taken":0.0},{"damage_healed":0.0,"max_hp_gain":0.0,"max_hp_loss":0.0,"gold_gain":0.0,"event_name":"Mysterious Sphere","player_choice":"Fight","floor":37.0,"gold_loss":0.0,"damage_taken":0.0},{"damage_healed":0.0,"max_hp_gain":0.0,"max_hp_loss":0.0,"gold_gain":0.0,"event_name":"Tomb of Lord Red Mask","player_choice":"Paid","floor":42.0,"gold_loss":64.0,"damage_taken":0.0,"relics_obtained":["Red Mask"]},{"cards_removed":["Pot Of Greed"],"damage_healed":0.0,"max_hp_gain":0.0,"max_hp_loss":0.0,"gold_gain":0.0,"event_name":"Designer","player_choice":"Upgrade and Remove","floor":46.0,"gold_loss":90.0,"damage_taken":0.0,"cards_upgraded":["Gatherer:FlamingBottle"]}],"is_beta":false,"boss_relics":[{"not_picked":["Kintsugi","ReplayTheSpireMod:SealedPack"],"picked":"Calling Bell"},{"not_picked":["Painkiller Herb","ReplayTheSpireMod:DimensionalGlitch"],"picked":"hubris:BlackHole"}],"items_purged_floors":[0,29,38],"is_endless":false,"potions_floor_spawned":[5,7,11,12,24,25,28,30,35,37,45,48],"killed_by":"Awakened One","ascension_level":0}}