{"host":"19t2eyow02s954g8","time":1610495972,"event":{"mods":["BaseMod","Colored Map","DeckTracker","Minty Spire (QoL Compilation)","StSLib","SuperFastMode"],"gold_per_floor":[114,189,189,202,202,202,234,234,234,234,37,53,81,94,94,168,168,178,178,38,55,55,55],"floor_reached":22,"language":"KOR","playtime":629,"items_purged":["Strike_G"],"score":434,"play_id":"569b1756-252e-4472-bf69-9b8e23bd6351","local_time":"20210113085932","is_ascension_mode":true,"campfire_choices":[{"data":"Neutralize","floor":6,"key":"SMITH"},{"data":"Crippling Poison","floor":8,"key":"SMITH"},{"data":"Bane","floor":10,"key":"SMITH"},{"data":"Cloak And Dagger","floor":15,"key":"SMITH"}],"circlet_count":0,"master_deck":["AscendersBane","Strike_G+1","Strike_G+1","Strike_G+1","Strike_G+1","Defend_G+1","Defend_G+1","Defend_G+1","Defend_G+1","Defend_G+1","Survivor","Neutralize+1","Deadly Poison","Bane+1","Crippling Poison+1","Dagger Spray","Flash of Steel","Cloak And Dagger+1","Backstab","Well Laid Plans","A Thousand Cuts","Acrobatics","Noxious Fumes+1"],"relics":["Ring of the Snake","NeowsBlessing","Sundial","Pen Nib","Potion Belt","Pear","SlaversCollar"],"acts_visited":["Exordium","TheCity"],"potions_floor_usage":[13,16,21,22,22],"damage_taken":[{"damage":0,"enemies":"Jaw Worm","floor":1,"turns":1},{"damage":0,"enemies":"2 Louse","floor":4,"turns":1},{"damage":0,"enemies":"Lagavulin","floor":7,"turns":1},{"damage":0,"enemies":"Cultist","floor":12,"turns":2},{"damage":8,"enemies":"Gremlin Nob","floor":13,"turns":3},{"damage":15,"enemies":"Exordium Thugs","floor":14,"turns":5},{"damage":20,"enemies":"Hexaghost","floor":16,"turns":9},{"damage":40,"enemies":"Spheric Guardian","floor":18,"turns":6},{"damage":5,"enemies":"Shell Parasite","floor":21,"turns":5},{"damage":30,"enemies":"Cultist and Chosen","floor":22,"turns":5}],"seed_played":"-9032305360276658311","potions_obtained":[{"floor":1,"key":"DistilledChaos"},{"floor":12,"key":"AttackPotion"},{"floor":21,"key":"Energy Potion"}],"is_trial":false,"path_per_floor":["M","?","T","M","?","R","E","R","T","R","$","M","E","M","R","B",null,"M","?","$","M","M"],"character_chosen":"THE_SILENT","items_purchased":["Dagger Spray","Flash of Steel","LiquidMemories","Energy Potion"],"campfire_rested":0,"item_purchase_floors":[11,11,20,20],"current_hp_per_floor":[59,48,48,48,53,53,53,53,53,53,53,53,55,40,40,20,66,26,26,26,21,0,0],"gold":55,"neow_bonus":"THREE_ENEMY_KILL","is_daily":false,"chose_seed":false,"campfire_upgraded":4,"win_rate":0.0,"timestamp":1610495972,"path_taken":["M","?","?","M","?","R","E","R","T","R","$","M","E","?","R","BOSS","M","?","$","M","M"],"items_purchased_type":["Card","Card","Potion","Potion"],"build_version":"2020-12-22","purchased_purges":1,"victory":false,"max_hp_per_floor":[66,66,66,66,71,71,71,71,71,71,71,71,81,81,81,81,81,81,81,81,81,81,81],"card_choices":[{"not_picked":["Acrobatics","Prepared"],"picked":"Deadly Poison","floor":1},{"not_picked":["PiercingWail","Prepared"],"picked":"Bane","floor":4},{"not_picked":["Dash","Deadly Poison"],"picked":"Crippling Poison","floor":7},{"not_picked":["Dagger Throw","Dodge and Roll"],"picked":"Cloak And Dagger","floor":12},{"not_picked":["Sucker Punch","Doppelganger"],"picked":"Backstab","floor":13},{"not_picked":["PiercingWail","Bane"],"picked":"Well Laid Plans","floor":14},{"not_picked":["Bullet Time","Glass Knife"],"picked":"A Thousand Cuts","floor":16},{"not_picked":["Riddle With Holes","Deflect"],"picked":"Acrobatics","floor":18},{"not_picked":["Dagger Spray","Endless Agony"],"picked":"Noxious Fumes+1","floor":21}],"player_experience":4254450,"relics_obtained":[{"floor":3,"key":"Sundial"},{"floor":7,"key":"Pen Nib"},{"floor":9,"key":"Potion Belt"},{"floor":13,"key":"Pear"}],"event_choices":[{"damage_healed":0,"gold_gain":75,"player_choice":"Gather Gold","damage_taken":11,"max_hp_gain":0,"max_hp_loss":0,"event_name":"World of Goop","floor":2,"gold_loss":0},{"damage_healed":0,"gold_gain":0,"player_choice":"Donut","damage_taken":0,"max_hp_gain":5,"max_hp_loss":0,"event_name":"Big Fish","floor":5,"gold_loss":0},{"damage_healed":0,"gold_gain":0,"player_choice":"Simplicity","damage_taken":0,"max_hp_gain":0,"max_hp_loss":0,"event_name":"Back to Basics","floor":19,"gold_loss":0,"cards_upgraded":["Strike_G","Strike_G","Strike_G","Strike_G","Defend_G","Defend_G","Defend_G","Defend_G","Defend_G"]}],"is_beta":false,"boss_relics":[{"not_picked":["Coffee Dripper","Black Star"],"picked":"SlaversCollar"}],"items_purged_floors":[11],"is_endless":false,"potions_floor_spawned":[1,12,21],"killed_by":"Cultist and Chosen","ascension_level":20}}