{"host":"v4pe0ixo3k7iwzp0","time":1610493341,"event":{"mods":["Ascension Reborn","BaseMod","Bestiary","Highlight Path","Minty Spire (QoL Compilation)","StSLib","The Marked"],"gold_per_floor":[116,128,145,145,160,160,188,188,264,282,296,296,308,308,308,407,407,427,447,460,460,460,460],"floor_reached":22,"language":"ENG","playtime":1979,"items_purged":[],"score":190,"play_id":"7a37a338-88a8-4a9c-8cdc-05357717f1c1","local_time":"20210112151541","is_ascension_mode":true,"campfire_choices":[{"floor":6.0,"key":"REST"},{"floor":8.0,"key":"REST"},{"data":"Eruption","floor":15,"key":"SMITH"}],"circlet_count":0,"master_deck":["Strike_P","Strike_P","Strike_P","Defend_P","Defend_P","Defend_P","Defend_P","Eruption+1","Vigilance","ThirdEye","Nirvana","JustLucky","CarveReality","Evaluate","Parasite","Vault"],"relics":["PureWater","Ginger","Sundial","Busted Crown"],"acts_visited":["Exordium","TheCity"],"potions_floor_usage":[16,16,18,19,20,22],"damage_taken":[{"damage":0.0,"enemies":"Cultist","floor":1.0,"turns":3.0},{"damage":7.0,"enemies":"2 Louse","floor":2.0,"turns":4.0},{"damage":1.0,"enemies":"Jaw Worm","floor":3.0,"turns":4.0},{"damage":2.0,"enemies":"Red Slaver","floor":5.0,"turns":6.0},{"damage":18.0,"enemies":"3 Sentries","floor":7.0,"turns":12.0},{"damage":2.0,"enemies":"Blue Slaver","floor":10.0,"turns":3.0},{"damage":5.0,"enemies":"Looter","floor":11.0,"turns":4.0},{"damage":6.0,"enemies":"3 Louse","floor":13.0,"turns":4.0},{"damage":16,"enemies":"Slime Boss","floor":16,"turns":7},{"damage":5,"enemies":"2 Thieves","floor":18,"turns":5},{"damage":11,"enemies":"3 Byrds","floor":19,"turns":6},{"damage":35,"enemies":"Snecko","floor":20,"turns":6},{"damage":46,"enemies":"Sentry and Sphere","floor":22,"turns":6}],"seed_played":"1465074588088984471","potions_obtained":[{"floor":1.0,"key":"LiquidMemories"},{"floor":7.0,"key":"Strength Potion"},{"floor":12.0,"key":"Fruit Juice"},{"floor":12.0,"key":"Dexterity Potion"},{"floor":12.0,"key":"EntropicBrew"},{"floor":16,"key":"LiquidBronze"},{"floor":18,"key":"Explosive Potion"},{"floor":20,"key":"ColorlessPotion"}],"is_trial":false,"path_per_floor":["M","M","M","?","M","R","E","R","T","M","M","?","M","?","R","B",null,"M","M","M","?","M"],"character_chosen":"WATCHER","items_purchased":[],"campfire_rested":2,"item_purchase_floors":[],"current_hp_per_floor":[79,72,71,71,69,79,61,79,79,77,72,77,71,84,84,68,84,79,68,33,33,0,0],"gold":460,"neow_bonus":"TEN_PERCENT_HP_BONUS","is_daily":false,"chose_seed":false,"campfire_upgraded":1,"win_rate":0.0,"timestamp":1610493341,"path_taken":["M","M","M","?","M","R","E","R","T","M","M","?","?","?","R","BOSS","M","M","M","?","M"],"items_purchased_type":[],"build_version":"2020-12-22","purchased_purges":0,"victory":false,"max_hp_per_floor":[79,79,79,79,79,79,79,79,79,79,79,84,84,84,84,84,84,84,84,84,84,84,84],"card_choices":[{"not_picked":["Collect","Evaluate"],"picked":"ThirdEye","floor":1.0},{"not_picked":["Crescendo","Consecrate"],"picked":"Nirvana","floor":2.0},{"not_picked":["BowlingBash","Prostrate","ClearTheMind"],"picked":"SKIP","floor":3.0},{"not_picked":["CutThroughFate","ReachHeaven"],"picked":"JustLucky","floor":5.0},{"not_picked":["FollowUp","BowlingBash","Adaptation"],"picked":"SKIP","floor":7.0},{"not_picked":["EmptyMind","Consecrate"],"picked":"CarveReality","floor":10.0},{"not_picked":["Adaptation","Fasting2"],"picked":"Evaluate","floor":11.0},{"not_picked":["ThirdEye","ClearTheMind","FlyingSleeves"],"picked":"SKIP","floor":13.0},{"not_picked":["Judgement","Alpha"],"picked":"Vault","floor":16},{"not_picked":["Indignation"],"picked":"SKIP","floor":18},{"not_picked":["PathToVictory"],"picked":"SKIP","floor":19},{"not_picked":["FlurryOfBlows"],"picked":"SKIP","floor":20}],"player_experience":131142,"relics_obtained":[{"floor":7.0,"key":"Ginger"},{"floor":9.0,"key":"Sundial"}],"event_choices":[{"damage_healed":0.0,"max_hp_gain":0.0,"max_hp_loss":0.0,"gold_gain":0.0,"event_name":"Golden Wing","player_choice":"Ignored","floor":4.0,"gold_loss":0.0,"damage_taken":0.0},{"damage_healed":0.0,"max_hp_gain":0.0,"max_hp_loss":0.0,"gold_gain":0.0,"event_name":"Lab","player_choice":"Got Potions","floor":12.0,"gold_loss":0.0,"damage_taken":0.0},{"damage_healed":21,"gold_gain":0,"player_choice":"Healed and dodged fight","damage_taken":0,"max_hp_gain":0,"max_hp_loss":0,"event_name":"Mushrooms","floor":14,"gold_loss":0,"cards_obtained":["Parasite"]},{"cards_removed":["Strike_P"],"damage_healed":0,"gold_gain":0,"player_choice":"Card Removal","damage_taken":0,"max_hp_gain":0,"max_hp_loss":0,"event_name":"Wheel of Change","floor":21,"gold_loss":0}],"is_beta":false,"boss_relics":[{"not_picked":["Cursed Key","Coffee Dripper"],"picked":"Busted Crown"}],"items_purged_floors":[],"is_endless":false,"potions_floor_spawned":[1,7,13,16,18,20],"killed_by":"Sentry and Sphere","ascension_level":0}}