{"host":"i9h64q9gphvrup4n","time":1610487044,"event":{"mods":["2.2 Compatiblity","AchievementEnabler","Aspiration","Astrologer","Bard","BaseMod","Beaked The Cultist","BetterRewards","Colored Powertips","Conspire","Downfall","Gremlin Mod","Hermit","Hubris","Infinite Spire","Jorbs\u0027s Wanderer Trilogy","Minty Spire (QoL Compilation)","Replay The Spire","Shop Mod","StSLib","SuperFastMode","The Blackbeard","The Bladedancer","The Bug Knight","The Construct","The Cursed","The Disciple","The Hierophant","The Jungle","The Necromancer","The Runesmith","The Wild Card","slay the spire mod where everything is the same but ironclad has a cowboy hat","vexMod"],"gold_per_floor":[117,117,50,50,50,85,97,130,130,144,67,67,99,118,118,190,190,205,205,205,225,240,240,275,275,275,300,300,317,351,351,351,422,422,441,457,505,505,505,505,540,540,540,540,575,575,75,109,109,109,109,109,33,60,60],"floor_reached":56,"language":"ENG","playtime":1955,"items_purged":[],"score":2685,"play_id":"b3913b1a-6542-4a7d-8712-e66d6f836309","local_time":"20210112153044","is_ascension_mode":true,"campfire_choices":[{"data":"Summon_Lich","floor":12,"key":"SMITH"},{"floor":15,"key":"RECALL"},{"floor":23,"key":"REST"},{"floor":25,"key":"REST"},{"floor":28,"key":"REST"},{"floor":32,"key":"REST"},{"floor":40,"key":"REST"},{"floor":42,"key":"REST"},{"floor":44,"key":"REST"},{"floor":46,"key":"REST"},{"floor":49,"key":"REST"},{"floor":52,"key":"REST"}],"circlet_count":0,"master_deck":["AscendersBane","Strike_W","Strike_W","Strike_W","Strike_W","Defend_W","Defend_W","Defend_W","Defend_W","Negative_Energy_Arrows+1","Bone_Wall","Summon_Death_Knight+1","Stop_Heart+1","Consume_Illness","Stop_Heart+1","Death_March_Dance","Strike_from_Beyond","Negative_Energy_Shield","Life_Drain","Summon_Lich+1","Negative_Energy_Shield","Negative_Energy_Shield","Cloudkill","Consume_Illness+1","expansioncontent:Flail","Negative_Energy_Shield+1","Uncharnel","Pot Of Greed","Pot Of Greed","Pot Of Greed","Negative_Energy_Shield+1","Negative_Energy_Mist","Summon_Vampire_Lady+1","Toxic_Smoke_Screen+1","hubris:InfiniteBlow+16","Cloudkill","Siphon_Strength","Summon_Undead_Army","Negative_Energy_Shield","Pot Of Greed","Summon_Death_Knight","Summon_Lich","Negative_Energy_Mist+1"],"relics":["Vampire_Amulet","TungstenRod","hubris:EmptyBottle","hubris:Zylophone","Vajra","Replay:Baseball","Lee\u0027s Waffle","Replay:Rubber Ducky","Anchor","PreservedInsect","Ice Cream","BranchBurnRelic","infinitespire:Magic Flask","Fusion Hammer","Gremlin Food","Grinning Jar","Lantern","vexMod:BigBerry","infinitespire:Joker Card","Calipers","ChewingGum","aspiration:FetidBarrel","infinitespire:WardingShard","construct:FoamFinger","Lizard Tail","BargainBundle","aspiration:AnachronicSnailShell"],"acts_visited":["Exordium","TheCity","TheBeyond","TheEnding"],"potions_floor_usage":[16,16,24,29,33,50,55,55],"damage_taken":[{"damage":0,"enemies":"Jaw Worm","floor":1,"turns":3},{"damage":18,"enemies":"3 Sentries","floor":6,"turns":6},{"damage":0,"enemies":"Cultist","floor":7,"turns":3},{"damage":4,"enemies":"Gremlin Nob","floor":8,"turns":4},{"damage":0,"enemies":"Small Slimes","floor":10,"turns":3},{"damage":2,"enemies":"Lagavulin","floor":13,"turns":6},{"damage":0,"enemies":"2 Fungi Beasts","floor":14,"turns":4},{"damage":9,"enemies":"Hexaghost","floor":16,"turns":7},{"damage":2,"enemies":"2 Thieves","floor":18,"turns":4},{"damage":0,"enemies":"Spheric Guardian","floor":21,"turns":4},{"damage":12,"enemies":"Snake Plant","floor":22,"turns":5},{"damage":0,"enemies":"Gremlin Leader","floor":24,"turns":5},{"damage":0,"enemies":"conspire:Head Lice","floor":27,"turns":6},{"damage":0,"enemies":"Snecko","floor":29,"turns":1},{"damage":14,"enemies":"Gremlin Leader","floor":30,"turns":6},{"damage":52,"enemies":"Collector","floor":33,"turns":9},{"damage":15,"enemies":"Orb Walker","floor":35,"turns":4},{"damage":1,"enemies":"3 Shapes","floor":36,"turns":3},{"damage":53,"enemies":"2 Orb Walkers","floor":37,"turns":5},{"damage":27,"enemies":"Nemesis","floor":41,"turns":6},{"damage":15,"enemies":"conspire:MimicChest","floor":45,"turns":5},{"damage":0,"enemies":"Giant Head","floor":48,"turns":4},{"damage":2,"enemies":"Time Eater","floor":50,"turns":7},{"damage":2,"enemies":"Shield and Spear","floor":54,"turns":4},{"damage":101,"enemies":"The Heart","floor":55,"turns":8}],"seed_played":"-2922747585595443845","potions_obtained":[{"floor":6,"key":"CultistPotion"},{"floor":8,"key":"Guardian:BlockOnCardUsePotion"},{"floor":16,"key":"infinitespire:BlackPotion"},{"floor":30,"key":"SteroidPotion"},{"floor":54,"key":"Regen Potion"}],"is_trial":false,"path_per_floor":["M","?","$","?","?","E","M","E","T","M","$","R","E","M","R","B",null,"M","?","?","M","M","R","E","R","T","E","R","M","E","?","R","B",null,"M","M","?","AVR","?","R","E","R","T","R","?","R","$","E","R","B",null,"R","$","E","B",null],"character_chosen":"NECROMANCER","items_purchased":["TungstenRod","Summon_Death_Knight+1","hubris:EmptyBottle","Vajra","Replay:Baseball","Stop_Heart","Lee\u0027s Waffle","Replay:Rubber Ducky","Stop_Heart","Summon_Lich","Lizard Tail","BargainBundle","Summon_Undead_Army","Negative_Energy_Shield","Summon_Lich"],"campfire_rested":10,"item_purchase_floors":[0,0,0,0,0,0,0,0,3,11,47,47,47,47,53],"current_hp_per_floor":[78,78,78,78,78,66,68,66,66,70,70,70,78,78,78,77,78,78,78,78,78,74,78,78,78,78,78,78,78,78,78,78,50,101,98,108,68,68,68,100,95,108,108,108,95,108,108,108,108,108,108,108,108,108,60],"gold":60,"neow_bonus":"","is_daily":false,"chose_seed":false,"campfire_upgraded":1,"win_rate":0.0,"timestamp":1610487044,"path_taken":["M","?","?","?","?","E","M","E","T","M","$","R","E","M","R","BOSS","M","?","?","?","M","R","E","R","T","E","R","M","E","?","R","BOSS","M","M","?","AVR","?","R","E","R","T","R","?","R","$","E","R","BOSS","R","$","E","BOSS"],"items_purchased_type":["Relic","Card","Relic","Relic","Relic","Card","Relic","Relic","Card","Card","Relic","Relic","Card","Card","Card"],"build_version":"2020-12-22","purchased_purges":0,"victory":true,"max_hp_per_floor":[78,78,78,78,78,78,78,78,78,78,78,78,78,78,78,78,78,78,78,78,78,78,78,78,78,78,78,78,78,78,78,78,78,108,108,108,108,108,108,108,108,108,108,108,108,108,108,108,108,108,108,108,108,108,108],"card_choices":[{"not_picked":["Negative_Energy_Sphere","Death_Knell"],"picked":"Consume_Illness","floor":1},{"not_picked":["Blood_Wake","Negative_Energy_Shield"],"picked":"Death_March_Dance","floor":6},{"not_picked":["Negative_Energy_Javelin","Necromantic_Selection"],"picked":"Strike_from_Beyond","floor":7},{"not_picked":["Negative_Energy_Javelin","Scare"],"picked":"Negative_Energy_Shield","floor":8},{"not_picked":["Toxic_Smoke_Screen","Negative_Energy_Javelin"],"picked":"Life_Drain","floor":10},{"not_picked":["Vampiric_Strike","Negative_Energy_Sphere"],"picked":"Negative_Energy_Shield","floor":13},{"not_picked":["Blood_Shield","Negative_Energy_Sphere"],"picked":"Negative_Energy_Shield","floor":14},{"not_picked":["Blood_Magic","Reap_The_Weak"],"picked":"Cloudkill","floor":16},{"not_picked":["Bone_Spikes","Blood_Whip"],"picked":"Consume_Illness+1","floor":18},{"not_picked":["Finger_Of_Death","Exploit"],"picked":"Negative_Energy_Shield","floor":21},{"not_picked":["Blood_for_Blood","Scare"],"picked":"Uncharnel","floor":22},{"not_picked":["Blood_for_Blood","Spectral_Armor","Shade_Step"],"picked":"SKIP","floor":24},{"not_picked":["Requiem","Blood_Whip+1"],"picked":"Negative_Energy_Shield+1","floor":27},{"not_picked":["Blood_Whip","Bone_Armor","Pandemic"],"picked":"SKIP","floor":29},{"not_picked":["Finger_Of_Death","Thousand_Bone_Knives"],"picked":"Negative_Energy_Mist","floor":30},{"not_picked":["Hellfire","Cloudkill"],"picked":"Summon_Vampire_Lady","floor":33},{"not_picked":["Negative_Energy_Javelin","Negative_Energy_Mist"],"picked":"Toxic_Smoke_Screen+1","floor":35},{"not_picked":["Corrupt","Violent_Necrosis","Blood_Shield+1"],"picked":"SKIP","floor":36},{"not_picked":["Bone_Shift+1","Spectral_Armor+1"],"picked":"Cloudkill","floor":41},{"not_picked":["Shackles_Of_Pain","Violent_Necrosis"],"picked":"Siphon_Strength","floor":45},{"not_picked":["Exploit","Toxic_Smoke_Screen"],"picked":"Summon_Death_Knight","floor":48},{"not_picked":["Finger_Of_Death+1","Blood_Is_Power"],"picked":"Negative_Energy_Mist+1","floor":54}],"player_experience":723559,"relics_obtained":[{"floor":6,"key":"Anchor"},{"floor":8,"key":"PreservedInsect"},{"floor":9,"key":"Ice Cream"},{"floor":13,"key":"infinitespire:Magic Flask"},{"floor":24,"key":"Gremlin Food"},{"floor":27,"key":"Grinning Jar"},{"floor":30,"key":"Lantern"},{"floor":37,"key":"infinitespire:Joker Card"},{"floor":41,"key":"aspiration:FetidBarrel"},{"floor":43,"key":"infinitespire:WardingShard"},{"floor":45,"key":"construct:FoamFinger"},{"floor":48,"key":"aspiration:AnachronicSnailShell"}],"event_choices":[{"damage_healed":0,"gold_gain":0,"player_choice":"Full Heal","damage_taken":0,"max_hp_gain":0,"max_hp_loss":0,"event_name":"Wheel of Change","floor":2,"gold_loss":0},{"damage_healed":0,"gold_gain":0,"player_choice":"Grow","damage_taken":0,"max_hp_gain":0,"max_hp_loss":0,"event_name":"Living Wall","floor":4,"gold_loss":0,"cards_upgraded":["Stop_Heart"]},{"damage_healed":0,"gold_gain":0,"player_choice":"Upgraded","damage_taken":0,"max_hp_gain":0,"max_hp_loss":0,"event_name":"Upgrade Shrine","floor":5,"gold_loss":0,"cards_upgraded":["Stop_Heart"]},{"damage_healed":0,"gold_gain":0,"player_choice":"Ignored","damage_taken":0,"max_hp_gain":0,"max_hp_loss":0,"event_name":"Ghosts","floor":19,"gold_loss":0},{"damage_healed":0,"gold_gain":0,"player_choice":"1 cards matched","damage_taken":0,"max_hp_gain":0,"max_hp_loss":0,"event_name":"Match and Keep!","floor":20,"gold_loss":0,"cards_obtained":["expansioncontent:Flail"]},{"damage_healed":0,"gold_gain":0,"player_choice":"Ignored","damage_taken":0,"max_hp_gain":0,"max_hp_loss":0,"event_name":"Vampires","floor":31,"gold_loss":0},{"damage_healed":0,"gold_gain":0,"player_choice":"Fight","damage_taken":0,"max_hp_gain":0,"max_hp_loss":0,"event_name":"Mysterious Sphere","floor":37,"gold_loss":0}],"is_beta":false,"boss_relics":[{"not_picked":["Velvet Choker","ReplayTheSpireMod:DimensionalGlitch"],"picked":"Fusion Hammer"},{"not_picked":["Honey Jar","hubris:VirtuousBlindfold"],"picked":"vexMod:BigBerry"}],"items_purged_floors":[],"is_endless":false,"potions_floor_spawned":[6,8,10,14,16,18,21,22,30,35,36,54],"ascension_level":14}}