{"host":"7gewg82ormp6yt4e","time":1610460634,"event":{"mods":["BaseMod","Block Reminder","Colored Map","Colored Powertips","DeckTracker","Highlight Path","Minty Spire (QoL Compilation)","Relic Stats","StSLib","ojb\u0027s Info Mod"],"gold_per_floor":[363,513,10,10,10,10,10,10],"floor_reached":7,"playtime":161,"items_purged":["Doubt"],"score":74,"play_id":"1f6a8f30-7b32-41ee-afe2-b5fe3203c357","local_time":"20210112231034","is_ascension_mode":true,"campfire_choices":[{"floor":6,"key":"REST"}],"circlet_count":0,"master_deck":["AscendersBane","Strike_B","Strike_B","Defend_B","Defend_B","Defend_B","Defend_B","Zap","Dualcast","Reinforced Body","FTL","Coolheaded","Fusion"],"relics":["Cracked Core","OrangePellets","Juzu Bracelet"],"acts_visited":["Exordium"],"potions_floor_usage":[7],"damage_taken":[{"damage":10,"enemies":"Small Slimes","floor":1,"turns":4},{"damage":70,"enemies":"Gremlin Nob","floor":7,"turns":5}],"seed_played":"543490550391656966","potions_obtained":[{"floor":1,"key":"SpeedPotion"}],"is_trial":false,"path_per_floor":["M","?","$","?","?","R","E"],"character_chosen":"DEFECT","items_purchased":["OrangePellets","FTL","Juzu Bracelet"],"campfire_rested":1,"item_purchase_floors":[3,3,3],"current_hp_per_floor":[36,36,36,36,36,57,0,0],"gold":10,"neow_bonus":"TWO_FIFTY_GOLD","is_daily":false,"chose_seed":false,"campfire_upgraded":0,"win_rate":0.0,"timestamp":1610460634,"path_taken":["M","?","$","?","?","R","E"],"items_purchased_type":["Relic","Card","Relic"],"build_version":"2020-12-22","purchased_purges":1,"victory":false,"max_hp_per_floor":[71,71,71,71,71,71,71,71],"relic_stats":{"OrangePellets":[0],"counters":[2,9],"Juzu Bracelet":0,"obtain_stats":[{"OrangePellets":3,"Juzu Bracelet":3,"Cracked Core":0},{"OrangePellets":1,"Juzu Bracelet":1,"Cracked Core":0},{"OrangePellets":4,"Juzu Bracelet":4,"Cracked Core":0}]},"card_choices":[{"not_picked":["Coolheaded","Gash"],"picked":"Reinforced Body","floor":1}],"player_experience":2560328,"relics_obtained":[],"event_choices":[{"damage_healed":0,"gold_gain":150,"player_choice":"AGREE","damage_taken":0,"max_hp_gain":0,"max_hp_loss":0,"event_name":"Liars Game","floor":2,"gold_loss":0,"cards_obtained":["Doubt"]},{"damage_healed":0,"gold_gain":0,"cards_transformed":["Strike_B"],"player_choice":"Change","damage_taken":0,"max_hp_gain":0,"max_hp_loss":0,"event_name":"Living Wall","floor":4,"gold_loss":0,"cards_obtained":["Coolheaded"]},{"damage_healed":0,"gold_gain":0,"cards_transformed":["Strike_B"],"player_choice":"Transformed","damage_taken":0,"max_hp_gain":0,"max_hp_loss":0,"event_name":"Transmorgrifier","floor":5,"gold_loss":0,"cards_obtained":["Fusion"]}],"is_beta":false,"boss_relics":[],"items_purged_floors":[3],"is_endless":false,"potions_floor_spawned":[1],"killed_by":"Gremlin Nob","ascension_level":20}}