{"host":"q0qnzbgdx8oqogg9","time":1610488109,"event":{"mods":["BaseMod","Minty Spire (QoL Compilation)","Slay-I","StSLib"],"gold_per_floor":[119,129,129,143,167,167,205,205,205,230,266,286,309,349,349,473,473,489,510,510,524,537,537,344,344,344,383,383,24,63,87,87,216,216,229,253,278,278,293,293,324,324,349,349,362,397,145,186,186,186],"floor_reached":51,"language":"ENG","playtime":1995,"items_purged":["Strike_R","Perfected Strike+1"],"score":1209,"play_id":"f43496e0-2f2e-4bde-b33e-a42a7bf222a0","local_time":"20210112164829","is_ascension_mode":true,"campfire_choices":[{"data":"Bash","floor":6,"key":"SMITH"},{"data":"Flame Barrier","floor":15,"key":"SMITH"},{"data":"Flame Barrier","floor":23,"key":"SMITH"},{"data":"Flame Barrier","floor":25,"key":"SMITH"},{"data":"Shockwave","floor":28,"key":"SMITH"},{"data":"Bludgeon","floor":32,"key":"SMITH"},{"floor":40,"key":"REST"},{"floor":42,"key":"REST"},{"data":"Demon Form","floor":44,"key":"SMITH"},{"floor":49,"key":"REST"}],"circlet_count":0,"master_deck":["Defend_R","Defend_R","Defend_R","Defend_R","Bash+1","Heavy Blade","Power Through","Flame Barrier+1","Flame Barrier+1","Flame Barrier+1","Uppercut","Clothesline","Juggernaut","Dropkick+1","Double Tap+1","Shockwave+1","The Bomb+1","Bludgeon+1","Armaments+1","Demon Form+1","Body Slam+1","Shrug It Off+1","Body Slam+1","Flame Barrier+1","Battle Trance+1","Carnage+1","Immolate","Flame Barrier+1"],"relics":["Snecko Eye","Golden Idol","Potion Belt","Pear","StoneCalendar","HornCleat","Nloth\u0027s Gift","Membership Card","Toxic Egg 2","StrikeDummy","Paper Frog","Prayer Wheel","InkBottle","Empty Cage","Omamori","Strawberry","Pocketwatch","DollysMirror","Gremlin Horn","The Courier"],"acts_visited":["Exordium","TheCity","TheBeyond"],"potions_floor_usage":[7,27,31,33,39,46,48,50,50],"damage_taken":[{"damage":7,"enemies":"Jaw Worm","floor":1,"turns":3},{"damage":0,"enemies":"2 Louse","floor":2,"turns":2},{"damage":1,"enemies":"Cultist","floor":4,"turns":4},{"damage":0,"enemies":"Looter","floor":5,"turns":1},{"damage":13,"enemies":"3 Sentries","floor":7,"turns":10},{"damage":3,"enemies":"Lots of Slimes","floor":10,"turns":3},{"damage":8,"enemies":"Gremlin Nob","floor":11,"turns":3},{"damage":0,"enemies":"Red Slaver","floor":12,"turns":1},{"damage":0,"enemies":"Blue Slaver","floor":13,"turns":3},{"damage":14,"enemies":"Lagavulin","floor":14,"turns":7},{"damage":0,"enemies":"The Guardian","floor":16,"turns":7},{"damage":0,"enemies":"3 Byrds","floor":18,"turns":2},{"damage":0,"enemies":"Shell Parasite","floor":19,"turns":3},{"damage":0,"enemies":"Snake Plant","floor":21,"turns":2},{"damage":0,"enemies":"3 Cultists","floor":22,"turns":5},{"damage":0,"enemies":"Gremlin Leader","floor":27,"turns":5},{"damage":0,"enemies":"Slavers","floor":30,"turns":4},{"damage":14,"enemies":"Centurion and Healer","floor":31,"turns":4},{"damage":50,"enemies":"Champ","floor":33,"turns":7},{"damage":6,"enemies":"3 Shapes","floor":35,"turns":4},{"damage":11,"enemies":"Orb Walker","floor":37,"turns":2},{"damage":6,"enemies":"Jaw Worm Horde","floor":39,"turns":3},{"damage":25,"enemies":"Nemesis","floor":41,"turns":5},{"damage":0,"enemies":"4 Shapes","floor":45,"turns":4},{"damage":14,"enemies":"Reptomancer","floor":46,"turns":7},{"damage":52,"enemies":"Giant Head","floor":48,"turns":9},{"damage":20,"enemies":"Time Eater","floor":50,"turns":7}],"seed_played":"-6550408999050547374","potions_obtained":[{"floor":4,"key":"LiquidMemories"},{"floor":7,"key":"DistilledChaos"},{"floor":12,"key":"Strength Potion"},{"floor":13,"key":"Ancient Potion"},{"floor":14,"key":"FearPotion"},{"floor":19,"key":"PowerPotion"},{"floor":27,"key":"LiquidBronze"},{"floor":30,"key":"Fire Potion"},{"floor":31,"key":"SkillPotion"},{"floor":35,"key":"HeartOfIron"},{"floor":41,"key":"Explosive Potion"},{"floor":48,"key":"FairyPotion"}],"is_trial":false,"path_per_floor":["M","M","?","M","M","R","E","?","T","M","E","M","M","E","R","B",null,"M","M","?","M","M","R","$","R","T","E","R","$","E","M","R","B",null,"M","T","M","?","M","R","E","R","T","R","M","E","$","E","R","B",null],"character_chosen":"IRONCLAD","items_purchased":["Membership Card","Paper Frog","Prayer Wheel","The Bomb+1","DollysMirror","Gremlin Horn"],"campfire_rested":3,"item_purchase_floors":[24,29,29,29,47,47],"current_hp_per_floor":[65,65,65,64,64,64,51,51,61,58,50,50,50,36,36,36,72,72,72,72,72,72,72,72,72,72,72,72,72,72,58,58,8,65,59,59,48,48,42,67,42,67,74,74,74,60,60,8,35,15],"gold":186,"neow_bonus":"BOSS_RELIC","is_daily":false,"chose_seed":false,"campfire_upgraded":7,"win_rate":0.0,"timestamp":1610488109,"path_taken":["M","M","?","M","M","R","E","?","T","M","E","?","M","E","R","BOSS","M","M","?","M","?","R","$","R","T","E","R","$","E","M","R","BOSS","M","?","?","?","M","R","E","R","T","R","M","E","$","E","R","BOSS"],"items_purchased_type":["Relic","Relic","Relic","Card","Relic","Relic"],"build_version":"2020-12-22","purchased_purges":2,"victory":true,"max_hp_per_floor":[80,80,74,74,74,74,74,74,84,84,84,84,84,84,84,84,84,84,84,84,84,84,84,84,84,84,84,84,84,84,84,84,84,84,84,84,84,84,84,84,84,84,91,91,91,91,91,91,91,91],"card_choices":[{"not_picked":["Sentinel","Disarm"],"picked":"Wild Strike","floor":1},{"not_picked":["Havoc","Iron Wave"],"picked":"Heavy Blade","floor":2},{"not_picked":["True Grit","Sword Boomerang"],"picked":"Power Through","floor":4},{"not_picked":["Disarm","Havoc"],"picked":"Flame Barrier","floor":5},{"not_picked":["Hemokinesis","Combust"],"picked":"Flame Barrier","floor":7},{"not_picked":["Bloodletting","Twin Strike"],"picked":"Flame Barrier","floor":10},{"not_picked":["Sword Boomerang","Offering"],"picked":"Uppercut","floor":11},{"not_picked":["Twin Strike","Whirlwind"],"picked":"Clothesline","floor":12},{"not_picked":["Warcry","Flex","Pommel Strike"],"picked":"SKIP","floor":13},{"not_picked":["Wild Strike","Sentinel","Body Slam"],"picked":"SKIP","floor":14},{"not_picked":["Corruption","Offering"],"picked":"Juggernaut","floor":16},{"not_picked":["Pommel Strike+1","Intimidate+1","Twin Strike"],"picked":"SKIP","floor":18},{"not_picked":["Iron Wave","True Grit","Evolve"],"picked":"SKIP","floor":19},{"not_picked":["Dual Wield","Ghostly Armor"],"picked":"Shockwave","floor":21},{"not_picked":["Iron Wave","Fire Breathing+1","Anger"],"picked":"SKIP","floor":22},{"not_picked":["Corruption","Anger","Clash"],"picked":"SKIP","floor":27},{"not_picked":["Dropkick","Impervious+1"],"picked":"Bludgeon","floor":30},{"not_picked":["Clothesline","Wild Strike+1"],"picked":"Armaments+1","floor":31},{"not_picked":["Sword Boomerang","Warcry+1","Havoc+1"],"picked":"SKIP","floor":31},{"not_picked":["Corruption","Offering+1"],"picked":"Demon Form","floor":33},{"not_picked":["Intimidate+1","Iron Wave+1"],"picked":"Body Slam+1","floor":35},{"not_picked":["Headbutt","Flex+1"],"picked":"Shrug It Off+1","floor":35},{"not_picked":["True Grit+1","Burning Pact+1"],"picked":"Body Slam+1","floor":37},{"not_picked":["Wild Strike+1","Heavy Blade+1"],"picked":"Flame Barrier+1","floor":37},{"not_picked":["Metallicize","Uppercut+1","Pummel"],"picked":"SKIP","floor":39},{"not_picked":["Pommel Strike+1","Sentinel+1","Twin Strike+1"],"picked":"SKIP","floor":39},{"not_picked":["Hemokinesis","Whirlwind+1"],"picked":"Battle Trance+1","floor":41},{"not_picked":["Searing Blow+1","Headbutt"],"picked":"Carnage+1","floor":45},{"not_picked":["Burning Pact+1","Fiend Fire","Sword Boomerang+1"],"picked":"SKIP","floor":45},{"not_picked":["Flex+1","Bludgeon"],"picked":"Immolate","floor":46},{"not_picked":["Flex+1","Clothesline","Evolve+1"],"picked":"SKIP","floor":48}],"player_experience":209397,"relics_obtained":[{"floor":7,"key":"Potion Belt"},{"floor":9,"key":"Pear"},{"floor":11,"key":"StoneCalendar"},{"floor":14,"key":"HornCleat"},{"floor":26,"key":"Toxic Egg 2"},{"floor":27,"key":"StrikeDummy"},{"floor":30,"key":"InkBottle"},{"floor":41,"key":"Omamori"},{"floor":43,"key":"Strawberry"},{"floor":46,"key":"Pocketwatch"},{"floor":48,"key":"The Courier"}],"event_choices":[{"damage_healed":0,"gold_gain":0,"player_choice":"Lose Max HP","damage_taken":0,"relics_obtained":["Golden Idol"],"max_hp_gain":0,"max_hp_loss":6,"event_name":"Golden Idol","floor":3,"gold_loss":0},{"damage_healed":0,"gold_gain":0,"player_choice":"0 cards matched","damage_taken":0,"max_hp_gain":0,"max_hp_loss":0,"event_name":"Match and Keep!","floor":8,"gold_loss":0,"cards_obtained":[]},{"damage_healed":0,"gold_gain":0,"player_choice":"Traded Relic","damage_taken":0,"relics_obtained":["Nloth\u0027s Gift"],"max_hp_gain":0,"max_hp_loss":0,"event_name":"N\u0027loth","floor":20,"relics_lost":["Astrolabe"],"gold_loss":0},{"damage_healed":0,"gold_gain":0,"player_choice":"Memory 1","damage_taken":0,"max_hp_gain":0,"max_hp_loss":0,"event_name":"SensoryStone","floor":38,"gold_loss":0}],"is_beta":false,"boss_relics":[{"not_picked":["Pandora\u0027s Box","Busted Crown"],"picked":"Astrolabe"},{"not_picked":["Runic Dome","Coffee Dripper"],"picked":"Empty Cage"}],"items_purged_floors":[24,47],"is_endless":false,"potions_floor_spawned":[4,7,12,13,14,19,27,30,31,35,41,48],"ascension_level":6}}