{"host":"kdt6w7ix8lwe69i9","time":1610459579,"event":{"mods":["100% Spire Juice","Bartender","BaseMod","ChefMod","Downfall","Evolution","Fiend Mod","Jorbs\u0027s Wanderer Trilogy","Minty Spire (QoL Compilation)","Reimu（博丽灵梦）","Robot Space Explorer","Shade Mod","StSLib","The Caster","The Cursed","The Disciple","The Dragon Tamer","The Druid","The Fake Hero","The Forsaken","The Gatherer","The Marked","TheBandit","TheSwordswoman"],"gold_per_floor":[113,113,127,25,42,42,42],"floor_reached":6,"playtime":454,"items_purged":[],"score":38,"play_id":"d43867d5-ef58-47a3-af4a-ad5578807bfc","local_time":"20210112085259","is_ascension_mode":false,"campfire_choices":[],"circlet_count":0,"master_deck":["Moonworks:Strike","Moonworks:Strike","Moonworks:Strike","Moonworks:Strike","Moonworks:Defend","Moonworks:Defend","Moonworks:Defend","Moonworks:Defend","Moonworks:Ambush","Moonworks:LongDistanceShot","Moonworks:JonathanRush","Moonworks:SweetBattle","Moonworks:CloudOfSeagulls","Moonworks:EvilSpyWorkPreparation"],"relics":["Moonworks:BrokenBomb","Moonworks:Homemark","EVO:Axolotl","Smiling Mask","Mummified Hand"],"acts_visited":["Exordium"],"potions_floor_usage":[6],"damage_taken":[{"damage":1,"enemies":"Cultist","floor":1,"turns":3},{"damage":5,"enemies":"Small Slimes","floor":3,"turns":3},{"damage":11,"enemies":"Jaw Worm","floor":4,"turns":4},{"damage":30,"enemies":"Large Slime","floor":5,"turns":6},{"damage":22,"enemies":"3 Sentries","floor":6,"turns":4}],"seed_played":"140746305539138674","potions_obtained":[{"floor":3,"key":"GrandPatriotsElixir:ReiMu"}],"is_trial":false,"path_per_floor":["M","T","M","M","M","E"],"character_chosen":"THE_STARBREAKER","items_purchased":[],"campfire_rested":0,"item_purchase_floors":[],"current_hp_per_floor":[59,59,54,45,19,0,0],"gold":42,"neow_bonus":"RANDOM_COMMON_RELIC","is_daily":false,"chose_seed":false,"campfire_upgraded":0,"win_rate":0.0,"timestamp":1610459579,"path_taken":["M","?","?","M","M","E"],"items_purchased_type":[],"build_version":"2020-12-22","purchased_purges":0,"victory":false,"max_hp_per_floor":[60,60,60,60,60,60,60],"card_choices":[{"not_picked":["Moonworks:Assault","Moonworks:BigMagnum"],"picked":"Moonworks:JonathanRush","floor":1},{"not_picked":["Moonworks:Assault","Moonworks:MiracleWalker"],"picked":"Moonworks:SweetBattle","floor":3},{"not_picked":["Moonworks:NicePresent","Moonworks:FinalSurgery"],"picked":"Moonworks:CloudOfSeagulls","floor":4},{"not_picked":["Moonworks:MixPhenomenon","Moonworks:Dinner"],"picked":"Moonworks:EvilSpyWorkPreparation","floor":5}],"player_experience":1763982,"relics_obtained":[{"floor":2,"key":"Mummified Hand"}],"event_choices":[],"is_beta":false,"boss_relics":[],"items_purged_floors":[],"is_endless":false,"potions_floor_spawned":[3],"killed_by":"3 Sentries","ascension_level":0}}