{"host":"rt13i2rgikg7vymh","time":1610490532,"event":{"mods":["Act Like it!","Alarm Clock","Aspiration","BaseMod","Better Altar","Better Match","Better Sensory Stone","Better Skull","Better Third Choice","BetterRewards","Colored Powertips","Conjunction","Conspire","Displayed Cursed Tome","Dota2Spire","FruityMod","GifTheSpireLib","Halation","Infinite Spire","Mimic Mod","Minty Spire (QoL Compilation)","Pale of the Ancients","Permanent Neow","Quick Restart","Replay The Spire","Reworked Bosses","Spicy Shops","StSLib","Stuff the Spire","The Animator","Wandering Minibosses"],"gold_per_floor":[369,394,405,10,33,69,97,97,134,156,156,0,0,27,27,137,137,168,168,185,206,233,270,270,270,320,61,65,65],"floor_reached":28,"language":"ENG","playtime":4763,"items_purged":["Looming Evil","animator:Strike"],"score":292,"play_id":"e27b8252-4a81-4220-9e83-0c642ded71e5","local_time":"20210112172852","is_ascension_mode":false,"campfire_choices":[{"data":"animator:Shion","floor":8,"key":"SMITH"},{"floor":13,"key":"REST"},{"data":"animator:Megumin","floor":15,"key":"SMITH"},{"floor":24,"key":"REST"}],"circlet_count":0,"master_deck":["animator:Strike_Konosuba","animator:Defend_Konosuba","animator:Strike","animator:Strike","animator:Defend","animator:Defend","animator:Defend","animator:Kazuma","animator:Aqua","animator:Shinoa","animator:EmiyaShirou","animator:Shion+1","animator:Saitama","animator:Chris","animator:SakuraMatou","animator:Verdia","animator:Shiro+1","Enlightenment","animator:Megumin+6","animator:Shizu","animator:Aqua","animator:YunYun"],"relics":["animator:LivingPicture","animator:TheMissingPiece","Lee\u0027s Waffle","halation:Diary","ReplayFunnel","ReplayTheSpireMod:Lightbulb","animator:HolyGrailRelic","Sozu","Bag of Marbles","Dota2Spire:ShivaGuard","halation:PinkSoulGem","ReplayTheSpireMod:TigerMarble","Shuriken"],"acts_visited":["Exordium","TheCity"],"potions_floor_usage":[16,16,22,23],"damage_taken":[{"damage":12,"enemies":"Cultist","floor":1,"turns":6},{"damage":3,"enemies":"Small Slimes","floor":2,"turns":7},{"damage":0,"enemies":"2 Louse","floor":3,"turns":4},{"damage":17,"enemies":"Looter","floor":5,"turns":4},{"damage":11,"enemies":"3 Sentries","floor":6,"turns":12},{"damage":12,"enemies":"3 Louse","floor":7,"turns":5},{"damage":9,"enemies":"Blue Slaver","floor":9,"turns":11},{"damage":14,"enemies":"Blue Slaver","floor":10,"turns":7},{"damage":0,"enemies":"Large Slime","floor":14,"turns":5},{"damage":19,"enemies":"The Guardian","floor":16,"turns":11},{"damage":37,"enemies":"3 Byrds","floor":18,"turns":8},{"damage":0,"enemies":"conspire:FuzzyDice","floor":20,"turns":1},{"damage":20,"enemies":"conspire:HollyBat","floor":21,"turns":7},{"damage":27,"enemies":"Snake Plant","floor":22,"turns":6},{"damage":21,"enemies":"conspire:SneckoGhost","floor":23,"turns":7},{"damage":39,"enemies":"animator:HornedBat","floor":28,"turns":5}],"seed_played":"8531469104600249267","potions_obtained":[{"floor":1,"key":"SkillPotion"},{"floor":7,"key":"ColorlessPotion"},{"floor":10,"key":"Energy Potion"},{"floor":16,"key":"PowerPotion"}],"is_trial":false,"path_per_floor":["M","M","M","$","M","E","M","R","MIM","M","?","?","R","M","R","B",null,"M","AVR","M","M","M","E","R","?","T","$","E"],"character_chosen":"THE_ANIMATOR","items_purchased":["animator:Saitama","Lee\u0027s Waffle","halation:Diary","Shuriken"],"campfire_rested":2,"item_purchase_floors":[4,4,4,27],"current_hp_per_floor":[54,53,53,73,56,48,39,39,33,21,21,27,51,53,53,36,89,56,56,58,44,24,7,37,37,37,37,0,0],"gold":65,"neow_bonus":"TWO_FIFTY_GOLD","is_daily":false,"chose_seed":false,"campfire_upgraded":2,"win_rate":0.0,"timestamp":1610490532,"path_taken":["M","M","M","$","M","E","?","R","MIM","M","?","?","R","M","R","BOSS","M","AVR","M","M","M","E","R","?","T","$","E"],"items_purchased_type":["Card","Relic","Relic","Relic"],"build_version":"2020-12-22","purchased_purges":2,"victory":false,"max_hp_per_floor":[66,66,66,73,73,73,74,74,75,75,75,81,81,81,81,81,89,91,91,93,95,98,100,100,100,100,100,97,97],"card_choices":[{"not_picked":["animator:YuiTsuruno","animator:Rider"],"picked":"animator:Shinoa","floor":1},{"not_picked":["animator:DolaCouronne","animator:Tet"],"picked":"animator:EmiyaShirou","floor":2},{"not_picked":["animator:Tatsumaki","animator:DolaCouronne"],"picked":"animator:Shion","floor":3},{"not_picked":["animator:Vanir","animator:Verdia"],"picked":"animator:Chris","floor":5},{"not_picked":["animator:Hakurou","animator:YuiTsuruno","animator:Geryuganshoop"],"picked":"SKIP","floor":6},{"not_picked":["animator:IzunaHatsuse","animator:Shion"],"picked":"animator:SakuraMatou","floor":7},{"not_picked":["animator:HiiragiShinya","animator:FielNirvalen"],"picked":"animator:Verdia","floor":9},{"not_picked":["animator:Mitsurugi","animator:Berserker"],"picked":"animator:Shiro","floor":10},{"not_picked":["animator:Chris","animator:Mitsurugi"],"picked":"animator:Megumin","floor":14},{"not_picked":["animator:Guren","animator:HomuraAkemi"],"picked":"animator:Shizu","floor":16},{"not_picked":["animator:Shuna","animator:SuzuneAmano"],"picked":"animator:Aqua","floor":18},{"not_picked":["animator:Kazuma+1","animator:Jibril","animator:Illya+1"],"picked":"SKIP","floor":20},{"not_picked":["animator:Benimaru","animator:Vesta","animator:ShinjiMatou"],"picked":"SKIP","floor":21},{"not_picked":["animator:Darkness","animator:Mitsurugi"],"picked":"animator:YunYun","floor":22},{"not_picked":["animator:DolaSchwi","animator:MamiTomoe+1","animator:Archer"],"picked":"SKIP","floor":23}],"player_experience":196298,"relics_obtained":[{"floor":6,"key":"ReplayFunnel"},{"floor":9,"key":"ReplayTheSpireMod:Lightbulb"},{"floor":23,"key":"Dota2Spire:ShivaGuard"},{"floor":26,"key":"ReplayTheSpireMod:TigerMarble"}],"event_choices":[{"damage_healed":0,"gold_gain":0,"player_choice":"RENOUNCE","damage_taken":156,"max_hp_gain":0,"max_hp_loss":0,"event_name":"betterThird:BetterSerpent","floor":12,"gold_loss":156,"cards_obtained":["Enlightenment"]}],"is_beta":false,"boss_relics":[{"not_picked":["conspire:SlowCooker","aspiration:WatcherSkillbook"],"picked":"animator:HolyGrailRelic"}],"items_purged_floors":[4,19],"is_endless":false,"potions_floor_spawned":[1,7,10,16,20,21],"killed_by":"animator:HornedBat","ascension_level":0}}