{"host":"wmm4q2torfc8rajz","time":1610440645,"event":{"mods":["2.2 Compatiblity","Abigail Mod","AchievementEnabler","Act Like it!","Arknights The Spire","BaseMod","Chen","Friendly Minions","HololiveMod","KinomotoSakuraMod(????)","Kiyohime????","Koishi","LagranYue(???·?)","Marisa????????","Minty Spire (QoL Compilation)","Prisma Mod","Rare Cards Sparkle","Reimu??????","Remilia??????","Replay The Spire","Spicy Shops","StSLib","Synergy Search","The Alterego","The Animator","The Servant 0.9.4","TheSwordswoman","Waifu the Spire","WarShipGirlsR/????R mod","noobMod","??????REMEMod"],"gold_per_floor":[78,78,103,125,125,178,195,195,195,195,213,253,253,34,34,137,137,159,185,185,201,191,231,231,284,284,284,284,284,284,23,23,183,183,195,233,233,233,233,305,305,369,392,420,447,497,497,521,521,539,539,539,244,303,351],"floor_reached":56,"playtime":3244,"items_purged":["Magnetism"],"score":1899,"play_id":"7724390a-d314-4942-b7bf-3c4ba4ed99ed","local_time":"20210112093725","is_ascension_mode":false,"campfire_choices":[{"data":"Hololive_SummonFox","floor":10,"key":"SMITH"},{"data":"Hololive_CallYukihanaLamy","floor":13,"key":"SMITH"},{"data":"Hololive_CallYukihanaLamy","floor":15,"key":"SMITH"},{"data":"Hololive_DDD","floor":24,"key":"SMITH"},{"data":"Hololive_IdolExercise","floor":29,"key":"SMITH"},{"floor":32,"key":"RECALL"},{"data":"Hololive_IdolExercise","floor":41,"key":"SMITH"}],"circlet_count":0,"master_deck":["Hololive_Strike+1","Hololive_Strike+1","Hololive_Defend+1","Hololive_Defend+1","Hololive_CandyCastle+1","Hololive_CallUruhaRushia+1","Hololive_CallMinatoAqua+1","Hololive_CallShirakamiFubuki+1","Hololive_CallInugamiKorone+1","Hololive_CallSakuraMiko+1","Hololive_CallYukihanaLamy+1","Hololive_SummonFox+1","Hololive_FlyingPonyTail+1","Hololive_LuckPotion+1","Hololive_FlyingPonyTail+1","Hololive_CallYukihanaLamy+1","Hololive_FlyingPonyTail+1","Hololive_CallKiryuuCoco+1","Hololive_DDD+1","Hololive_FlyingPonyTail+1","Hololive_IdolExercise+1","Hololive_CallOkamiMio+1","Hololive_DDD+1","Hololive_IdolExercise+1","Hololive_CallAkaiHaato+1","Hololive_CallAmaneKanata+1","Hololive_HighAtkLowDef+1","Hololive_LuckPotion+1","Hololive_Psychosis+1","Hololive_CallRoboco+1","Hololive_CallOmaruPolka+1"],"relics":["Hololive_TheStar","ice","REME_ComplimentaryCards","LagranYue:RandomDrawCardRelic","Replay:Baseball","White Beast Statue","Mercury Hourglass","CrazyTorch:ReiMu","Hololive_LightStick","SlaversCollar","Juzu Bracelet","Frozen Egg 2","Meat on the Bone","Quantum Egg","HornCleat","Coffee Dripper","Potion Belt","Omamori","Replay:Multitool","Mark of the Bloom","TungstenRod","Lee\u0027s Waffle","REME_HandOfSuture"],"acts_visited":["Exordium","TheCity","TheBeyond","TheEnding"],"potions_floor_usage":[55,55,55,55],"damage_taken":[{"damage":0,"enemies":"Small Slimes","floor":1,"turns":3},{"damage":0,"enemies":"Jaw Worm","floor":3,"turns":3},{"damage":0,"enemies":"2 Louse","floor":4,"turns":2},{"damage":0,"enemies":"Lagavulin","floor":6,"turns":5},{"damage":0,"enemies":"Red Slaver","floor":7,"turns":2},{"damage":0,"enemies":"Blue Slaver","floor":11,"turns":3},{"damage":0,"enemies":"3 Sentries","floor":12,"turns":4},{"damage":0,"enemies":"Hexaghost","floor":16,"turns":5},{"damage":0,"enemies":"Chosen","floor":18,"turns":3},{"damage":0,"enemies":"3 Byrds","floor":21,"turns":3},{"damage":0,"enemies":"Slavers","floor":23,"turns":4},{"damage":0,"enemies":"Gremlin Leader","floor":25,"turns":5},{"damage":0,"enemies":"Pondfish","floor":33,"turns":10},{"damage":0,"enemies":"3 Darklings","floor":35,"turns":4},{"damage":0,"enemies":"3 Shapes","floor":36,"turns":4},{"damage":0,"enemies":"Giant Head","floor":40,"turns":5},{"damage":0,"enemies":"Transient","floor":42,"turns":5},{"damage":0,"enemies":"Nemesis","floor":44,"turns":3},{"damage":0,"enemies":"3 Darklings","floor":45,"turns":3},{"damage":0,"enemies":"2 Orb Walkers","floor":46,"turns":3},{"damage":0,"enemies":"Jaw Worm Horde","floor":48,"turns":3},{"damage":0,"enemies":"Time Eater","floor":50,"turns":6},{"damage":0,"enemies":"Shield and Spear","floor":54,"turns":3},{"damage":0,"enemies":"The Heart","floor":55,"turns":8}],"seed_played":"7802887485631633142","potions_obtained":[{"floor":1,"key":"Reflective Coating"},{"floor":6,"key":"Swift Potion"},{"floor":7,"key":"FearPotion"},{"floor":18,"key":"LifebloodPotion"},{"floor":33,"key":"EssenceOfSteel"},{"floor":36,"key":"Doom Potion"},{"floor":40,"key":"Swift Potion"},{"floor":42,"key":"AttackPotion"},{"floor":45,"key":"LiquidMemories"}],"is_trial":false,"path_per_floor":["M","?","M","M","?","E","M","?","T","R","M","E","R","$","R","B",null,"M","T","?","M","?","E","R","E","T","?","?","R","?","$","R","B",null,"M","M","?","?","?","E","R","M","T","E","M","?","?","M","R","B",null,"R","$","E","B",null],"character_chosen":"Hololive_HololiveCharacter","items_purchased":["Hololive_LightStick","HornCleat","TungstenRod","Hololive_CallRoboco+1","Lee\u0027s Waffle"],"campfire_rested":0,"item_purchase_floors":[14,31,53,53,53],"current_hp_per_floor":[35,35,35,35,35,35,35,35,35,35,35,35,35,35,35,35,35,35,35,35,35,35,35,35,35,35,35,35,35,35,35,35,35,35,35,35,35,35,35,35,35,35,35,35,35,35,33,33,33,33,33,33,33,33,33],"gold":351,"neow_bonus":"RANDOM_COMMON_RELIC","is_daily":false,"chose_seed":false,"campfire_upgraded":6,"win_rate":0.0,"timestamp":1610440645,"path_taken":["M","?","M","M","?","E","M","?","T","R","?","E","R","$","R","BOSS","M","?","?","M","?","E","R","E","T","?","?","R","?","$","R","BOSS","M","M","?","?","?","E","R","M","T","E","M","?","?","M","R","BOSS","R","$","E","BOSS"],"items_purchased_type":["Relic","Relic","Relic","Card","Relic"],"build_version":"2020-12-22","purchased_purges":1,"victory":true,"max_hp_per_floor":[35,35,35,35,35,35,35,35,35,35,35,35,35,35,35,35,35,35,35,35,35,35,35,35,35,35,35,35,35,35,35,35,35,35,35,35,35,35,35,35,35,35,35,35,35,35,33,33,33,33,33,33,40,40,40],"card_choices":[{"not_picked":["Hololive_CallOzoraSubaru","Hololive_Watashimo","Hololive_CallInugamiKorone"],"picked":"Hololive_CallSakuraMiko","floor":1},{"not_picked":["Hololive_CallInugamiKorone","Hololive_Teleport","Hololive_HuntDinosaur","Hololive_Rebound"],"picked":"SKIP","floor":3},{"not_picked":["Hololive_Breathe","Hololive_CallHoushouMarine","Hololive_StrengthChampion"],"picked":"Hololive_CallYogiri","floor":4},{"not_picked":["Hololive_CallFriendA","Hololive_ManjiGathering","Hololive_Trident"],"picked":"Hololive_CallYukihanaLamy","floor":6},{"not_picked":["Hololive_Rebound","Hololive_Trident","Hololive_ASMR"],"picked":"Hololive_FlyingPonyTail","floor":7},{"not_picked":["Hololive_FlyingPonyTail","Hololive_Sequa","Hololive_OvertimeWork"],"picked":"Hololive_CallKiryuuCoco","floor":11},{"not_picked":["Hololive_HuntDinosaur","Hololive_Sequa","Hololive_LuckPotion","Hololive_CocoNews"],"picked":"SKIP","floor":12},{"not_picked":["Hololive_ScarfAndHalo","Hololive_WolfAndLamb","Hololive_MaximGun"],"picked":"Hololive_DDD","floor":16},{"not_picked":["Hololive_Sequa","Hololive_ManjiGathering","Hololive_StrengthChampion"],"picked":"Hololive_FlyingPonyTail+1","floor":18},{"not_picked":["Hololive_Trident","Hololive_CallShiranuiFlare","Hololive_HuntDinosaur","Hololive_CallMinatoAqua"],"picked":"SKIP","floor":21},{"not_picked":["Hololive_CallYozoraMel+1","Hololive_CallYogiri+1","Hololive_LuckPotion"],"picked":"Hololive_IdolExercise","floor":23},{"not_picked":["Hololive_Rebound+1","Hololive_RevenueBasedLive","Hololive_LuckPotion","Hololive_FlyingPonyTail"],"picked":"SKIP","floor":25},{"not_picked":["Hololive_Recruit","Hololive_DDD","Hololive_FlareMind"],"picked":"Hololive_IdolExercise","floor":33},{"not_picked":["Hololive_Sequa","Hololive_StrengthChampion+1","Hololive_CallTsunomakiWatame+1"],"picked":"Hololive_CallAkaiHaato+1","floor":35},{"not_picked":["Hololive_Trident","Hololive_OvertimeWork+1","Hololive_CallShiranuiFlare+1","Hololive_Rebound"],"picked":"SKIP","floor":36},{"not_picked":["Hololive_Psychosis+1","Hololive_OvertimeWork","Hololive_Drill"],"picked":"Hololive_CallAmaneKanata+1","floor":40},{"not_picked":["Hololive_Breathe","Hololive_Psychosis","Hololive_CallYukihanaLamy+1"],"picked":"Hololive_HighAtkLowDef","floor":42},{"not_picked":["Hololive_CocoNews+1","Hololive_Rebound","Hololive_OvertimeWork"],"picked":"Hololive_LuckPotion+1","floor":44},{"not_picked":["Hololive_Trident","Hololive_Drill+1","Hololive_Breathe+1"],"picked":"Hololive_Psychosis+1","floor":45},{"not_picked":["Hololive_LuckPotion","Hololive_CallSakuraMiko+1","Hololive_FlareMind","Hololive_HuntDinosaur"],"picked":"SKIP","floor":48},{"not_picked":["Hololive_Psychosis+1","Hololive_Sequa+1","Hololive_CocoNews"],"picked":"Hololive_CallOmaruPolka+1","floor":54}],"player_experience":369475,"relics_obtained":[{"floor":6,"key":"White Beast Statue"},{"floor":9,"key":"Mercury Hourglass"},{"floor":12,"key":"CrazyTorch:ReiMu"},{"floor":19,"key":"Juzu Bracelet"},{"floor":23,"key":"Frozen Egg 2"},{"floor":25,"key":"Meat on the Bone"},{"floor":26,"key":"Quantum Egg"},{"floor":40,"key":"Potion Belt"},{"floor":44,"key":"Omamori"},{"floor":46,"key":"Replay:Multitool"},{"floor":54,"key":"REME_HandOfSuture"}],"event_choices":[{"cards_removed":["Decay"],"damage_healed":0,"gold_gain":0,"player_choice":"Purged","damage_taken":0,"max_hp_gain":0,"max_hp_loss":0,"event_name":"Purifier","floor":8,"gold_loss":0},{"damage_healed":0,"gold_gain":0,"player_choice":"Read","damage_taken":0,"max_hp_gain":0,"max_hp_loss":0,"event_name":"The Library","floor":27,"gold_loss":0,"cards_obtained":["Hololive_CallOkamiMio"]},{"damage_healed":0,"gold_gain":0,"player_choice":"Copied","damage_taken":0,"max_hp_gain":0,"max_hp_loss":0,"event_name":"Duplicator","floor":28,"gold_loss":0,"cards_obtained":["Hololive_DDD"]},{"damage_healed":0,"gold_gain":0,"player_choice":"Simplicity","damage_taken":0,"max_hp_gain":0,"max_hp_loss":0,"event_name":"Back to Basics","floor":30,"gold_loss":0,"cards_upgraded":["Hololive_Strike","Hololive_Strike","Hololive_Defend","Hololive_Defend"]},{"cards_removed":["Hololive_CallYogiri"],"damage_healed":0,"gold_gain":0,"player_choice":"Removed Power","damage_taken":0,"max_hp_gain":0,"max_hp_loss":0,"event_name":"Falling","floor":37,"gold_loss":0},{"damage_healed":0,"gold_gain":0,"player_choice":"Ignored","damage_taken":0,"max_hp_gain":0,"max_hp_loss":0,"event_name":"NoteForYourself","floor":38,"gold_loss":0},{"damage_healed":0,"gold_gain":0,"player_choice":"Fight","damage_taken":0,"max_hp_gain":0,"max_hp_loss":0,"event_name":"Mysterious Sphere","floor":46,"gold_loss":0},{"damage_healed":0,"gold_gain":0,"player_choice":"Max HP","damage_taken":0,"max_hp_gain":0,"max_hp_loss":2,"event_name":"Winding Halls","floor":47,"gold_loss":0},{"damage_healed":0,"gold_gain":0,"player_choice":"Upgrade","damage_taken":0,"relics_obtained":["Mark of the Bloom"],"max_hp_gain":0,"max_hp_loss":0,"event_name":"MindBloom","floor":49,"gold_loss":0,"cards_upgraded":["Hololive_CandyCastle","Hololive_CallUruhaRushia","Hololive_CallMinatoAqua","Hololive_CallShirakamiFubuki","Hololive_CallInugamiKorone","Hololive_CallSakuraMiko","Hololive_FlyingPonyTail","Hololive_LuckPotion","Hololive_FlyingPonyTail","Hololive_FlyingPonyTail","Hololive_CallKiryuuCoco","Hololive_HighAtkLowDef"]}],"is_beta":false,"boss_relics":[{"not_picked":["Black Star","Astrolabe"],"picked":"SlaversCollar"},{"not_picked":["Ring of Chaos","SacredBark"],"picked":"Coffee Dripper"}],"items_purged_floors":[14],"is_endless":false,"potions_floor_spawned":[1,6,7,11,12,16,18,21,23,25,33,35,36,40,42,44,45,46,48,54],"ascension_level":0}}