{"host":"kmq7aw60w430zvtx","time":1610446005,"event":{"mods":["BaseMod","Downfall","GifTheSpireLib","Hermit","Hubris","Minty Spire (QoL Compilation)","Replay The Spire","StSLib","The Construct","The Cursed","The Hierophant","The Jungle","The Necromancer","The Runesmith"],"gold_per_floor":[99,118,135,152,167,201,201,201,219,237,264,280,290,310,327,424,424,199,215,415,428,428,453,453,463,480,515,515,527,542,174,185,283,283,283,303,350,362,362,379,379,379,379,393,413,413,413,413,413,413],"floor_reached":48,"playtime":3797,"items_purged":["Guardian:Strike_Guardian"],"score":622,"play_id":"5900301e-e3ae-4d67-ba2c-39a9ae45de0a","local_time":"20210112110645","is_ascension_mode":true,"campfire_choices":[{"floor":1.0,"key":"RECALL"},{"data":"Guardian:SpikerProtocol","floor":18.0,"key":"SMITH"},{"data":"Guardian:ArmoredProtocol","floor":28.0,"key":"SMITH"},{"data":"Guardian:Harden","floor":35.0,"key":"SMITH"},{"data":"Guardian:ConstructionForm","floor":42.0,"key":"SMITH"},{"floor":47,"key":"REST"}],"circlet_count":0,"master_deck":["Guardian:Strike_Guardian+1","Guardian:Strike_Guardian+1","Guardian:Strike_Guardian+1","Guardian:Defend_Guardian+1","Guardian:Defend_Guardian+1","Guardian:Defend_Guardian+1","Guardian:CurlUp+1","Guardian:TwinSlam+1","Guardian:ChargeUp+1","Guardian:Harden+1","Guardian:ArmoredProtocol+1","Guardian:SpikerProtocol+1","Guardian:DecasProtection+1","Guardian:ArmoredProtocol+1","Guardian:PiercingHide+1","Guardian:TemporalShield+1","Guardian:ShieldSpikes+1","Guardian:ConstructionForm+1","Guardian:EvasiveProtocol+1","Guardian:SentryBeam+1","RitualDagger+1","Guardian:ShieldCharger+1","Guardian:RollAttack+1","Guardian:CrystalBeam+1","Guardian:TemporalStrike+1","Guardian:ShieldCharger+1","expansioncontent:DonusPower+1","Guardian:BaubleBeam+1","Guardian:BronzeOrb+1","Guardian:Gem_Red","Parasite","Guardian:Recover+1","Guardian:Recover+1"],"relics":["Guardian:ModeShifter","StrikeDummy","Akabeko","Runic Dome","Kunai","White Beast Statue","HornCleat","Sling","construct:WeddingRing","TungstenRod","Onion Ring"],"acts_visited":["Exordium","TheCity","TheBeyond"],"potions_floor_usage":[],"damage_taken":[{"damage":0.0,"enemies":"2 Louse","floor":2.0,"turns":2.0},{"damage":5.0,"enemies":"Cultist","floor":3.0,"turns":4.0},{"damage":6.0,"enemies":"Jaw Worm","floor":4.0,"turns":4.0},{"damage":5.0,"enemies":"Lots of Slimes","floor":5.0,"turns":6.0},{"damage":23.0,"enemies":"Lagavulin","floor":6.0,"turns":10.0},{"damage":0.0,"enemies":"Large Slime","floor":9.0,"turns":6.0},{"damage":12.0,"enemies":"Blue Slaver","floor":10.0,"turns":4.0},{"damage":15.0,"enemies":"Gremlin Nob","floor":11.0,"turns":3.0},{"damage":0.0,"enemies":"3 Louse","floor":12.0,"turns":3.0},{"damage":1.0,"enemies":"Exordium Thugs","floor":13.0,"turns":4.0},{"damage":0.0,"enemies":"2 Fungi Beasts","floor":14.0,"turns":3.0},{"damage":8.0,"enemies":"Large Slime","floor":15.0,"turns":7.0},{"damage":9.0,"enemies":"downfall:Silent","floor":16.0,"turns":13.0},{"damage":0.0,"enemies":"Spheric Guardian","floor":19.0,"turns":5.0},{"damage":0.0,"enemies":"Centurion and Healer","floor":21.0,"turns":14.0},{"damage":0.0,"enemies":"Book of Stabbing","floor":23.0,"turns":5.0},{"damage":1.0,"enemies":"Cultist and Chosen","floor":25.0,"turns":8.0},{"damage":0.0,"enemies":"Chosen and Byrds","floor":26.0,"turns":5.0},{"damage":2.0,"enemies":"Slavers","floor":27.0,"turns":7.0},{"damage":14.0,"enemies":"Snake Plant","floor":29.0,"turns":2.0},{"damage":3.0,"enemies":"3 Cultists","floor":30.0,"turns":5.0},{"damage":0.0,"enemies":"downfall:FleeingMerchant","floor":31.0,"turns":4.0},{"damage":6.0,"enemies":"Chosen and Byrds","floor":32.0,"turns":9.0},{"damage":0.0,"enemies":"downfall:Watcher","floor":33.0,"turns":8.0},{"damage":0.0,"enemies":"3 Shapes","floor":36.0,"turns":5.0},{"damage":30.0,"enemies":"2 Orb Walkers","floor":37.0,"turns":7.0},{"damage":0.0,"enemies":"3 Darklings","floor":38.0,"turns":5.0},{"damage":1.0,"enemies":"Spire Growth","floor":40.0,"turns":7.0},{"damage":0.0,"enemies":"Writhing Mass","floor":44.0,"turns":9.0},{"damage":0,"enemies":"Sphere and 2 Shapes","floor":45,"turns":5},{"damage":100,"enemies":"Giant Head","floor":48,"turns":13}],"seed_played":"-8816640243013297787","potions_obtained":[{"floor":3.0,"key":"Energy Potion"},{"floor":6.0,"key":"AttackPotion"},{"floor":9.0,"key":"Dexterity Potion"},{"floor":13.0,"key":"SkillPotion"},{"floor":15.0,"key":"Guardian:DefensiveModePotion"},{"floor":16.0,"key":"SpeedPotion"},{"floor":21.0,"key":"LiquidMemories"},{"floor":23.0,"key":"Guardian:DefensiveModePotion"},{"floor":25.0,"key":"PowerPotion"},{"floor":27.0,"key":"sneckomod:MuddlingPotion"},{"floor":29.0,"key":"Swift Potion"},{"floor":30.0,"key":"Fire Potion"},{"floor":32.0,"key":"LifebloodPotion"},{"floor":36.0,"key":"PowerPotion"},{"floor":37.0,"key":"SpeedPotion"},{"floor":38.0,"key":"SkillPotion"},{"floor":40.0,"key":"EssenceOfSteel"}],"is_trial":false,"path_per_floor":["R","M","M","M","M","E","T","?","M","M","E","M","M","M","M","B",null,"R","M","?","M","?","E","T","M","M","E","R","M","M","$","M","B",null,"R","M","?","M","?","M","T","R","?","M","M","?","R","E"],"character_chosen":"GUARDIAN","items_purchased":["Guardian:ShieldCharger","expansioncontent:DonusPower","Sling"],"campfire_rested":1,"item_purchase_floors":[31,31,31],"current_hp_per_floor":[80,80,75,69,64,41,41,90,90,78,63,63,62,62,54,45,90,100,100,100,100,94,94,94,93,93,91,91,77,74,74,68,68,100,100,100,70,70,70,69,69,69,69,69,69,69,99,0,0,0],"gold":413,"neow_bonus":"ONE_RANDOM_RARE_CARD","is_daily":false,"chose_seed":false,"campfire_upgraded":4,"win_rate":0.0,"timestamp":1610446005,"path_taken":["R","M","M","M","M","E","T","?","?","M","E","?","M","M","M","BOSS","R","M","?","?","?","E","T","M","M","E","R","M","M","$","M","BOSS","R","M","?","M","?","?","T","R","?","M","M","?","R","E"],"items_purchased_type":["Card","Card","Relic"],"build_version":"2020-12-22","purchased_purges":1,"victory":false,"max_hp_per_floor":[80,80,80,80,80,80,80,90,90,90,90,90,90,90,90,90,90,100,100,100,100,100,100,100,100,100,100,100,100,100,100,100,100,100,100,100,100,100,100,100,100,100,100,100,100,100,100,100,100,100],"card_choices":[{"not_picked":["Guardian:ChargeUp","Guardian:PrismaticBeam"],"picked":"Guardian:Gem_Lightblue","floor":2.0},{"not_picked":["Guardian:ChargeCore","Guardian:VentSteam"],"picked":"Guardian:Gem_Red","floor":3.0},{"not_picked":["Guardian:Incinerate","Guardian:Gem_Lightblue"],"picked":"Guardian:ChargeUp","floor":4.0},{"not_picked":["Guardian:TemporalStrike","Guardian:Incinerate"],"picked":"Guardian:Harden","floor":5.0},{"not_picked":["Guardian:WalkerClaw","Guardian:Reroute"],"picked":"Guardian:ArmoredProtocol","floor":6.0},{"not_picked":["Guardian:Planning","Guardian:ChargeCore"],"picked":"Guardian:SpikerProtocol","floor":9.0},{"not_picked":["Guardian:Repulse","Guardian:Recover"],"picked":"Guardian:Gem_Purple","floor":10.0},{"not_picked":["Guardian:HyperBeam_Guardian","Guardian:ShieldSpikes"],"picked":"Guardian:DecasProtection","floor":11.0},{"not_picked":["Guardian:CrystalBeam","Guardian:Planning"],"picked":"Guardian:ArmoredProtocol","floor":12.0},{"not_picked":["Guardian:Emergency","Guardian:Suspension"],"picked":"Guardian:PiercingHide","floor":13.0},{"not_picked":["Guardian:Gem_Purple","Guardian:WalkerClaw"],"picked":"Guardian:TemporalShield","floor":14.0},{"not_picked":["Guardian:TemporalShield","Guardian:TemporalStrike"],"picked":"Guardian:ShieldSpikes","floor":15.0},{"not_picked":["Guardian:ExploitGems","Guardian:FierceBash"],"picked":"Guardian:ConstructionForm","floor":16.0},{"not_picked":["Guardian:TimeCapacitor","Guardian:Gem_Lightblue"],"picked":"Guardian:EvasiveProtocol","floor":19.0},{"not_picked":["Guardian:WalkerClaw","Guardian:PolyBeam"],"picked":"Guardian:SentryBeam","floor":21.0},{"not_picked":["Guardian:Gem_Cyan","Guardian:Gem_Crimson"],"picked":"Guardian:ShieldCharger","floor":23.0},{"not_picked":["Guardian:ShieldSpikes","Guardian:GuardianWhirl+1"],"picked":"Guardian:Gem_White","floor":25.0},{"not_picked":["Guardian:WalkerClaw","Guardian:VentSteam"],"picked":"Guardian:RollAttack","floor":26.0},{"not_picked":["Guardian:PrimingBeam+1","Guardian:FastForward"],"picked":"Guardian:CrystalBeam+1","floor":27.0},{"not_picked":["Guardian:Incinerate","Guardian:Gem_Red"],"picked":"Guardian:Gem_Cyan","floor":29.0},{"not_picked":["Guardian:WalkerClaw+1","Guardian:Gem_Green"],"picked":"Guardian:TemporalStrike","floor":30.0},{"not_picked":["Guardian:PrimingBeam","Guardian:PolyBeam"],"picked":"Guardian:Gem_Cyan","floor":31.0},{"not_picked":["Guardian:Recover","Guardian:Gem_Green"],"picked":"Guardian:BaubleBeam","floor":32.0},{"not_picked":["Guardian:Preprogram","Guardian:Incinerate"],"picked":"Guardian:Gem_Blue","floor":36.0},{"not_picked":["Guardian:Gem_Crimson","Guardian:PrismaticBeam"],"picked":"Guardian:Gem_Green","floor":37.0},{"not_picked":["Guardian:PrimingBeam","Guardian:Incinerate"],"picked":"Guardian:BronzeOrb","floor":38.0},{"not_picked":["Guardian:Gem_Blue","Guardian:Gem_Lightblue"],"picked":"Guardian:Gem_Red","floor":40.0},{"not_picked":["Guardian:Gem_Red","Guardian:CrystalBeam"],"picked":"Guardian:Recover","floor":44},{"not_picked":["Guardian:PrimingBeam+1","Guardian:PiercingHide"],"picked":"Guardian:Recover","floor":45}],"player_experience":282633,"relics_obtained":[{"floor":6.0,"key":"StrikeDummy"},{"floor":11.0,"key":"Akabeko"},{"floor":23.0,"key":"Kunai"},{"floor":24.0,"key":"White Beast Statue"},{"floor":27.0,"key":"HornCleat"},{"floor":37.0,"key":"TungstenRod"},{"floor":41.0,"key":"Onion Ring"}],"event_choices":[{"cards_removed":["Guardian:FastForward"],"damage_healed":39.0,"max_hp_gain":10.0,"max_hp_loss":0.0,"gold_gain":0.0,"event_name":"Bonfire Elementals","player_choice":"Offered Rare","floor":8.0,"gold_loss":0.0,"damage_taken":0.0},{"damage_healed":0.0,"max_hp_gain":0.0,"max_hp_loss":0.0,"gold_gain":0.0,"event_name":"Mysterious Sphere","player_choice":"Fight","floor":37.0,"gold_loss":0.0,"damage_taken":0.0},{"cards_removed":["Guardian:Defend_Guardian"],"damage_healed":0.0,"max_hp_gain":0.0,"max_hp_loss":0.0,"gold_gain":0.0,"event_name":"Falling","player_choice":"Removed Skill","floor":43.0,"gold_loss":0.0,"damage_taken":0.0}],"is_beta":false,"boss_relics":[{"not_picked":["Runesmith:UraniumAnvil","ReplayTheSpireMod:DimensionalGlitch"],"picked":"Runic Dome"},{"not_picked":["hubris:HollowSoul","hubris:BlackHole"],"picked":"construct:WeddingRing"}],"items_purged_floors":[31],"is_endless":false,"potions_floor_spawned":[3,6,9,10,13,15,16,21,23,25,26,27,29,30,31,32,33,36,37,38,40,44,45],"killed_by":"Giant Head","ascension_level":1}}