{"host":"l84l8xigz5v5foa2","time":1610457271,"event":{"mods":["2.2 Compatiblity","AchievementEnabler","BaseMod","Better Note","Better Vampires","Card Filter","Colored Map","DeckTracker","Downfall","Gremlin Skip","Highlight Path","Keyboard Shortcuts","Minty Spire (QoL Compilation)","Permanent Neow","Quick Restart","Relic Filter","Relic Stats","StSLib","SuperFastMode","Transform Curses","Unknown Chances"],"gold_per_floor":[99,111,125,125,176,189,244,271,284,303,303,303,303,330,340,414,414,414,427,440,270,270,270,345,345,345,357,374,374,391,415,426,500,500,500,519,252,266,266,286,286,136,165,90,119,115,115,150,160,160,160,188,38,38,38],"floor_reached":56,"playtime":5870,"items_purged":["Guardian:Defend_Guardian","Guardian:Strike_Guardian","Guardian:Strike_Guardian","Guardian:Strike_Guardian"],"score":3219,"play_id":"b61441ae-a9a1-4cb5-a0bc-56e08b81b91a","local_time":"20210112221431","is_ascension_mode":true,"campfire_choices":[{"data":"Guardian:TwinSlam","floor":1.0,"key":"SMITH"},{"data":"Guardian:FuturePlans","floor":11.0,"key":"SMITH"},{"data":"Guardian:Orbwalk","floor":13.0,"key":"SMITH"},{"data":"Guardian:GemFinder","floor":18.0,"key":"SMITH"},{"data":"Guardian:EvasiveProtocol","floor":23.0,"key":"SMITH"},{"data":"Guardian:VentSteam","floor":26.0,"key":"SMITH"},{"floor":35.0,"key":"RECALL"},{"data":"expansioncontent:CaCaw","floor":42,"key":"SMITH"},{"data":"Guardian:MultiBeam","floor":44,"key":"SMITH"},{"data":"Guardian:FuturePlans","floor":54,"key":"SMITH"}],"circlet_count":0,"master_deck":["AscendersBane","Guardian:Defend_Guardian","Guardian:Defend_Guardian+1","Guardian:CurlUp+1","Guardian:TwinSlam+1","Guardian:Recover","Guardian:FuturePlans+1","Guardian:Orbwalk+1","Guardian:PrismaticBeam","Guardian:Reroute","Guardian:GemFinder+1","Guardian:VentSteam+1","Guardian:Recover","Guardian:EvasiveProtocol+1","Guardian:DecasProtection+1","Guardian:CompilePackage+1","Guardian:TemporalStrike+1","Guardian:CompilePackage+1","Guardian:Suspension+1","Guardian:MultiBeam+1","expansioncontent:CaCaw+1","expansioncontent:Collect","Guardian:MultiBeam+1","Guardian:PrismaticBarrier+1","Guardian:FastForward+1","Guardian:Recover+1","Guardian:FuturePlans+1"],"relics":["Guardian:ModeShifterPlus","Oddly Smooth Stone","Toy Ornithopter","Pen Nib","War Paint","Tiny Chest","Toxic Egg 2","Juzu Bracelet","Philosopher\u0027s Stone","downfall:HeartBlessingRed","downfall:HeartBlessingBlue","Gambling Chip","downfall:HeartBlessingGreen","Lantern","Orrery","Regal Pillow","Thread and Needle"],"acts_visited":["TheCity","TheBeyond","TheEnding"],"potions_floor_usage":[48],"damage_taken":[{"damage":2.0,"enemies":"Small Slimes","floor":2.0,"turns":4.0},{"damage":0.0,"enemies":"Jaw Worm","floor":3.0,"turns":4.0},{"damage":0.0,"enemies":"2 Louse","floor":6.0,"turns":3.0},{"damage":26.0,"enemies":"3 Sentries","floor":8.0,"turns":7.0},{"damage":14.0,"enemies":"Exordium Wildlife","floor":9.0,"turns":6.0},{"damage":5.0,"enemies":"2 Fungi Beasts","floor":10.0,"turns":5.0},{"damage":27.0,"enemies":"Gremlin Nob","floor":14.0,"turns":4.0},{"damage":5.0,"enemies":"Red Slaver","floor":15.0,"turns":4.0},{"damage":3.0,"enemies":"downfall:Watcher","floor":16.0,"turns":8.0},{"damage":4.0,"enemies":"Shell Parasite","floor":19.0,"turns":5.0},{"damage":0.0,"enemies":"Spheric Guardian","floor":20.0,"turns":5.0},{"damage":0.0,"enemies":"downfall:FleeingMerchant","floor":21.0,"turns":4.0},{"damage":0.0,"enemies":"Centurion and Healer","floor":27.0,"turns":5.0},{"damage":6.0,"enemies":"Shelled Parasite and Fungi","floor":28.0,"turns":5.0},{"damage":0.0,"enemies":"3 Cultists","floor":30.0,"turns":5.0},{"damage":0.0,"enemies":"Centurion and Healer","floor":32.0,"turns":4.0},{"damage":0.0,"enemies":"downfall:Silent","floor":33.0,"turns":6.0},{"damage":0.0,"enemies":"Orb Walker","floor":36.0,"turns":4.0},{"damage":0.0,"enemies":"downfall:FleeingMerchant","floor":37.0,"turns":4.0},{"damage":2.0,"enemies":"3 Shapes","floor":38.0,"turns":8.0},{"damage":0,"enemies":"Writhing Mass","floor":40,"turns":7},{"damage":4,"enemies":"Giant Head","floor":43,"turns":5},{"damage":0,"enemies":"Nemesis","floor":45,"turns":5},{"damage":0,"enemies":"downfall:FleeingMerchant","floor":46,"turns":3},{"damage":0,"enemies":"Reptomancer","floor":48,"turns":4},{"damage":0,"enemies":"Transient","floor":49,"turns":6},{"damage":0,"enemies":"downfall:Defect","floor":50,"turns":8},{"damage":0,"enemies":"downfall:CharBossMerchant","floor":52,"turns":6},{"damage":0,"enemies":"downfall:NeowBoss","floor":55,"turns":14}],"seed_played":"4174604896918641971","potions_obtained":[{"floor":2.0,"key":"AttackPotion"},{"floor":3.0,"key":"Strength Potion"},{"floor":10.0,"key":"BlessingOfTheForge"},{"floor":14.0,"key":"sneckomod:MuddlingPotion"},{"floor":16.0,"key":"AttackPotion"},{"floor":20.0,"key":"Energy Potion"},{"floor":27.0,"key":"Dexterity Potion"},{"floor":28.0,"key":"SmokeBomb"},{"floor":38.0,"key":"Ancient Potion"},{"floor":43,"key":"Swift Potion"},{"floor":48,"key":"Guardian:DefensiveModePotion"},{"floor":49,"key":"Regen Potion"}],"is_trial":false,"path_per_floor":["R","M","M","?","T","M","T","E","M","M","R","?","R","E","M","B",null,"R","M","M","$","?","R","T","?","R","M","M","?","M","T","M","B",null,"R","M","$","M","?","M","T","R","E","R","E","$","?","E","M","B",null,"E","$","R","B",null],"character_chosen":"GUARDIAN","items_purchased":["Guardian:Gem_Yellow","Guardian:Gem_Synthetic","Guardian:Gem_Green","Orrery"],"campfire_rested":0,"item_purchase_floors":[21,37,46,46],"current_hp_per_floor":[65,63,63,63,63,63,63,46,32,27,27,32,32,5,10,7,60,60,56,56,56,56,56,56,56,56,61,60,60,60,60,60,65,74,74,74,74,72,62,62,62,72,68,68,68,68,68,73,73,73,84,84,84,84,84],"gold":38,"neow_bonus":"RANDOM_COMMON_RELIC","is_daily":false,"chose_seed":false,"campfire_upgraded":9,"win_rate":0.0,"timestamp":1610457271,"path_taken":["R","M","M","?","?","M","T","E","M","M","R","?","R","E","M","BOSS","R","M","M","$","?","R","T","?","R","M","M","?","M","?","M","BOSS","R","M","$","M","?","M","T","R","E","R","E","$","?","E","M","BOSS","E","$","R","BOSS"],"items_purchased_type":["Card","Card","Card","Relic"],"build_version":"2020-12-22","purchased_purges":4,"victory":true,"max_hp_per_floor":[72,72,72,72,72,72,72,72,72,72,72,77,77,77,77,77,77,77,77,77,77,77,77,77,77,77,77,77,77,77,77,77,77,77,77,77,77,77,77,77,77,87,87,87,87,87,87,87,87,87,87,87,87,87,87],"relic_stats":{"Regal Pillow":0,"counters":[29,158],"Gambling Chip":[7],"Tiny Chest":1,"Pen Nib":[28],"Juzu Bracelet":0,"War Paint":["Guardian:CurlUp","Guardian:Defend_Guardian"],"obtain_stats":[{"Lantern":45,"Regal Pillow":48,"Guardian:ModeShifterPlus":17,"downfall:HeartBlessingRed":42,"Guardian:ModeShifter":0,"Oddly Smooth Stone":0,"downfall:HeartBlessingGreen":44,"Thread and Needle":52,"Pen Nib":7,"Juzu Bracelet":31,"War Paint":8,"downfall:HeartBlessingBlue":42,"Gambling Chip":43,"Orrery":46,"Tiny Chest":14,"Philosopher\u0027s Stone":34,"Toxic Egg 2":24,"Toy Ornithopter":5},{"Lantern":23,"Regal Pillow":25,"Guardian:ModeShifterPlus":9,"downfall:HeartBlessingRed":21,"Guardian:ModeShifter":0,"Oddly Smooth Stone":0,"downfall:HeartBlessingGreen":22,"Thread and Needle":28,"Pen Nib":3,"Juzu Bracelet":15,"War Paint":4,"downfall:HeartBlessingBlue":21,"Gambling Chip":22,"Orrery":24,"Tiny Chest":7,"Philosopher\u0027s Stone":17,"Toxic Egg 2":12,"Toy Ornithopter":2},{"Lantern":117,"Regal Pillow":124,"Guardian:ModeShifterPlus":45,"downfall:HeartBlessingRed":107,"Guardian:ModeShifter":0,"Oddly Smooth Stone":0,"downfall:HeartBlessingGreen":112,"Thread and Needle":144,"Pen Nib":11,"Juzu Bracelet":74,"War Paint":18,"downfall:HeartBlessingBlue":107,"Gambling Chip":112,"Orrery":120,"Tiny Chest":33,"Philosopher\u0027s Stone":84,"Toxic Egg 2":59,"Toy Ornithopter":8}],"Toy Ornithopter":39},"card_choices":[{"not_picked":["Guardian:TimeBomb","Guardian:Clone"],"picked":"Guardian:Recover","floor":2.0},{"not_picked":["Guardian:Repulse","Guardian:ShieldSpikes"],"picked":"Guardian:Gem_Purple","floor":3.0},{"not_picked":["Guardian:TemporalShield","Guardian:SpikerProtocol"],"picked":"Guardian:FuturePlans","floor":6.0},{"not_picked":["Guardian:TemporalStrike","Guardian:Recover"],"picked":"Guardian:Orbwalk","floor":8.0},{"not_picked":["Guardian:Gem_Cyan","Guardian:DonusPower"],"picked":"Guardian:PrismaticBeam","floor":9.0},{"not_picked":["Guardian:PolyBeam","Guardian:Reroute"],"picked":"Guardian:Gem_White","floor":10.0},{"not_picked":["Guardian:Gem_Red","Guardian:Incinerate"],"picked":"Guardian:Reroute","floor":14.0},{"not_picked":["Guardian:TemporalStrike","Guardian:PrismaticBarrier"],"picked":"Guardian:Gem_Blue","floor":15.0},{"not_picked":["Guardian:RevengeProtocol","Guardian:GatlingBeam"],"picked":"Guardian:GemFinder","floor":16.0},{"not_picked":["Guardian:Gem_Lightblue","Guardian:Gem_Green"],"picked":"Guardian:Gem_Cyan","floor":19.0},{"not_picked":["Guardian:Gem_Yellow","Guardian:TemporalStrike"],"picked":"Guardian:VentSteam","floor":19.0},{"not_picked":["Guardian:Incinerate","Guardian:Orbwalk"],"picked":"Guardian:Recover","floor":20.0},{"not_picked":["Guardian:PrimingBeam","Guardian:Planning"],"picked":"Guardian:EvasiveProtocol","floor":21.0},{"not_picked":["Guardian:Gem_Lightblue","Guardian:Gem_Green"],"picked":"Guardian:Gem_Cyan","floor":27.0},{"not_picked":["Guardian:FloatingOrbs","Guardian:PrismaticBarrier+1"],"picked":"Guardian:DecasProtection+1","floor":27.0},{"not_picked":["Guardian:Gem_Red","Guardian:BronzeOrb"],"picked":"Guardian:CompilePackage+1","floor":28.0},{"not_picked":["Guardian:Gem_Green","Guardian:Gem_Red"],"picked":"Guardian:Gem_Cyan","floor":28.0},{"not_picked":["Guardian:ChargeUp+1","Guardian:ChargeCore","Guardian:PrimingBeam"],"picked":"SKIP","floor":30.0},{"not_picked":["Guardian:PiercingHide+1","Guardian:RefractedBeam"],"picked":"Guardian:TemporalStrike+1","floor":32.0},{"not_picked":["Guardian:Gem_Orange","Guardian:RevengeProtocol"],"picked":"Guardian:CompilePackage+1","floor":33.0},{"not_picked":["Guardian:Gem_Green","Guardian:Gem_Red"],"picked":"Guardian:Gem_Cyan","floor":33.0},{"not_picked":["Guardian:Gem_Green","Guardian:Gem_Lightblue"],"picked":"Guardian:Gem_Cyan","floor":36.0},{"not_picked":["Guardian:CrystalBeam+1","Guardian:PiercingHide+1","Guardian:Orbwalk"],"picked":"SKIP","floor":36.0},{"not_picked":["Guardian:WalkerClaw","Guardian:Gem_Red"],"picked":"Guardian:Suspension+1","floor":37.0},{"not_picked":["Guardian:Gem_Red","Guardian:Gem_Cyan"],"picked":"Guardian:Gem_Green","floor":38.0},{"not_picked":["Guardian:DecasProtection+1","Guardian:ShieldCharger+1"],"picked":"Guardian:MultiBeam+1","floor":38.0},{"not_picked":["expansioncontent:BronzeBeam","expansioncontent:DarkVoid"],"picked":"expansioncontent:CaCaw","floor":39.0},{"not_picked":["expansioncontent:FaceSlap","expansioncontent:Sear"],"picked":"expansioncontent:Collect","floor":39.0},{"not_picked":["Guardian:Gem_Red","Guardian:PrimingBeam+1","Guardian:Gem_Cyan"],"picked":"SKIP","floor":40},{"not_picked":["Guardian:Gem_Lightblue","Guardian:Gem_Red"],"picked":"Guardian:Gem_Cyan","floor":43},{"not_picked":["Guardian:Recover+1","Guardian:CrystalBeam"],"picked":"Guardian:MultiBeam","floor":43},{"not_picked":["Guardian:TemporalShield+1","Guardian:Gem_White"],"picked":"Guardian:PrismaticBarrier+1","floor":45},{"not_picked":["Guardian:Gem_Lightblue","Guardian:Gem_Green"],"picked":"Guardian:Gem_Cyan","floor":45},{"not_picked":["Guardian:VentSteam+1","Guardian:Recover+1","Guardian:ShieldCharger+1"],"picked":"SKIP","floor":46},{"not_picked":["Guardian:Orbwalk","Guardian:PrismaticBeam+1"],"picked":"Guardian:FastForward+1","floor":46},{"not_picked":["Guardian:Gem_Fragmented","Guardian:PrimingBeam"],"picked":"Guardian:Recover+1","floor":46},{"not_picked":["Guardian:SentryBeam","Guardian:ShieldCharger+1","Guardian:TemporalStrike"],"picked":"SKIP","floor":48},{"not_picked":["Guardian:PrimingBeam+1","Guardian:ShieldCharger+1","Guardian:PiercingHide+1"],"picked":"SKIP","floor":49},{"not_picked":["Guardian:Recover+1","Guardian:Suspension+1"],"picked":"Guardian:FuturePlans","floor":52}],"player_experience":3121686,"relics_obtained":[{"floor":5.0,"key":"Toy Ornithopter"},{"floor":7.0,"key":"Pen Nib"},{"floor":8.0,"key":"War Paint"},{"floor":14.0,"key":"Tiny Chest"},{"floor":24.0,"key":"Toxic Egg 2"},{"floor":31.0,"key":"Juzu Bracelet"},{"floor":43,"key":"Gambling Chip"},{"floor":45,"key":"Lantern"},{"floor":48,"key":"Regal Pillow"},{"floor":52,"key":"Thread and Needle"}],"event_choices":[{"damage_healed":0.0,"max_hp_gain":5.0,"max_hp_loss":0.0,"gold_gain":0.0,"event_name":"Big Fish","player_choice":"Donut","floor":12.0,"gold_loss":0.0,"damage_taken":0.0},{"damage_healed":0.0,"max_hp_gain":0.0,"max_hp_loss":0.0,"gold_gain":0.0,"event_name":"Vampires","player_choice":"Ignored","floor":25.0,"gold_loss":0.0,"damage_taken":0.0}],"is_beta":false,"boss_relics":[{"not_picked":["downfall:Hecktoplasm","Busted Crown"],"picked":"Guardian:ModeShifterPlus"},{"not_picked":["Astrolabe","Empty Cage"],"picked":"Philosopher\u0027s Stone"}],"items_purged_floors":[21,37,46,53],"is_endless":false,"potions_floor_spawned":[2,3,10,14,16,20,27,28,38,43,45,48,49,52],"ascension_level":20}}