{"host":"1a3cjta80tad0aqj","time":1610426155,"event":{"mods":["2.2 Compatiblity","AchievementEnabler","BaseMod","Colored Map","DeckTracker","KOR Keyword Fix","Keyboard Shortcuts","Minty Spire (QoL Compilation)","Permanent Neow","Quick Restart","Random Character Button","StSLib","SuperFastMode","everything is the same but u backflip on backflip"],"gold_per_floor":[111,121,71,22,41,41,76,76,99,111,123,153,165,203,215,322,334,363,375,487,509,538,550,562,562],"floor_reached":24,"playtime":869,"items_purged":[],"score":206,"play_id":"0d8c6f65-e789-49fa-9a14-6e19174e52fc","local_time":"20210112133555","is_ascension_mode":false,"campfire_choices":[{"data":"Twin Strike","floor":6.0,"key":"SMITH"},{"data":"Cleave","floor":8.0,"key":"SMITH"},{"data":"Bash","floor":10.0,"key":"SMITH"},{"floor":15.0,"key":"REST"},{"floor":23.0,"key":"REST"}],"circlet_count":0,"master_deck":["Strike_R","Strike_R","Strike_R+1","Strike_R","Strike_R","Defend_R","Defend_R","Defend_R","Bash+1","Pommel Strike+1","Twin Strike+1","Headbutt","Cleave+1","Thunderclap","Wild Strike","Headbutt","Flex+1"],"relics":["Black Blood","Omamori","MawBank","Kunai","Whetstone"],"acts_visited":["Exordium","TheCity"],"potions_floor_usage":[24,24],"damage_taken":[{"damage":10.0,"enemies":"Jaw Worm","floor":1.0,"turns":4.0},{"damage":1.0,"enemies":"Cultist","floor":2.0,"turns":4.0},{"damage":9.0,"enemies":"2 Louse","floor":5.0,"turns":2.0},{"damage":16.0,"enemies":"Gremlin Nob","floor":7.0,"turns":4.0},{"damage":10.0,"enemies":"Large Slime","floor":12.0,"turns":5.0},{"damage":0.0,"enemies":"Gremlin Gang","floor":13.0,"turns":1.0},{"damage":44.0,"enemies":"Lagavulin","floor":14.0,"turns":7.0},{"damage":44.0,"enemies":"Hexaghost","floor":16.0,"turns":9.0},{"damage":0.0,"enemies":"Chosen","floor":18.0,"turns":4.0},{"damage":12.0,"enemies":"3 Byrds","floor":21.0,"turns":5.0},{"damage":48.0,"enemies":"Snecko","floor":22.0,"turns":6.0},{"damage":70,"enemies":"Gremlin Leader","floor":24,"turns":4}],"seed_played":"-2638499766294841143","potions_obtained":[{"floor":0.0,"key":"HeartOfIron"},{"floor":0.0,"key":"GamblersBrew"},{"floor":0.0,"key":"SmokeBomb"},{"floor":12.0,"key":"FearPotion"},{"floor":16.0,"key":"BlessingOfTheForge"},{"floor":18.0,"key":"FearPotion"},{"floor":22.0,"key":"BlessingOfTheForge"}],"is_trial":false,"path_per_floor":["M","M","?","$","M","R","E","R","T","R","?","M","M","E","R","B",null,"M","$","?","M","M","R","E"],"character_chosen":"IRONCLAD","items_purchased":["Twin Strike"],"campfire_rested":2,"item_purchase_floors":[4],"current_hp_per_floor":[76,80,80,80,77,77,67,67,67,67,67,63,69,31,55,17,80,80,80,80,80,44,68,0,0],"gold":562,"neow_bonus":"THREE_SMALL_POTIONS","is_daily":false,"chose_seed":false,"campfire_upgraded":3,"win_rate":0.0,"timestamp":1610426155,"path_taken":["M","M","?","$","M","R","E","R","T","R","?","M","M","E","R","BOSS","M","$","?","M","?","R","E"],"items_purchased_type":["Card"],"build_version":"2020-12-22","purchased_purges":0,"victory":false,"max_hp_per_floor":[80,80,80,80,80,80,80,80,80,80,80,80,80,80,80,80,80,80,80,80,80,80,80,80,80],"card_choices":[{"not_picked":["Metallicize","Searing Blow","Dark Embrace"],"picked":"SKIP","floor":1.0},{"not_picked":["Flame Barrier","Bloodletting"],"picked":"Pommel Strike","floor":2.0},{"not_picked":["Battle Trance","Flex"],"picked":"Headbutt","floor":5.0},{"not_picked":["Searing Blow","Thunderclap"],"picked":"Cleave","floor":7.0},{"not_picked":["Dark Embrace","Evolve"],"picked":"Thunderclap","floor":12.0},{"not_picked":["Metallicize","Bloodletting","Second Wind"],"picked":"SKIP","floor":14.0},{"not_picked":["Sword Boomerang","Clothesline"],"picked":"Wild Strike","floor":18.0},{"not_picked":["Dark Embrace+1","Whirlwind"],"picked":"Headbutt","floor":21.0},{"not_picked":["Feel No Pain","Sever Soul"],"picked":"Flex+1","floor":22.0}],"player_experience":310732,"relics_obtained":[{"floor":7.0,"key":"Omamori"},{"floor":9.0,"key":"MawBank"},{"floor":14.0,"key":"Whetstone"}],"event_choices":[{"cards_removed":["Defend_R"],"damage_healed":0.0,"max_hp_gain":0.0,"max_hp_loss":0.0,"gold_gain":0.0,"event_name":"The Cleric","player_choice":"Card Removal","floor":3.0,"gold_loss":50.0,"damage_taken":0.0},{"damage_healed":0.0,"max_hp_gain":0.0,"max_hp_loss":0.0,"gold_gain":0.0,"event_name":"Big Fish","player_choice":"Box","floor":11.0,"gold_loss":0.0,"damage_taken":0.0,"relics_obtained":["Kunai"],"cards_obtained":["Regret"]},{"damage_healed":0.0,"max_hp_gain":0.0,"max_hp_loss":0.0,"gold_gain":100.0,"event_name":"Golden Shrine","player_choice":"Pray","floor":20.0,"gold_loss":0.0,"damage_taken":0.0}],"is_beta":false,"boss_relics":[{"not_picked":["SacredBark","Tiny House"],"picked":"Black Blood"}],"items_purged_floors":[],"is_endless":false,"potions_floor_spawned":[1,5,12,16,18,22],"killed_by":"Gremlin Leader","ascension_level":0}}