{"host":"khm4we1ijduz33xh","time":1610409673,"event":{"mods":["AchievementEnabler","BaseMod","Colored Map","Minty Spire (QoL Compilation)","Rare Cards Sparkle","StSLib","SuperFastMode"],"gold_per_floor":[112,112,77,77,77,115,127,152,164,176,176],"floor_reached":10,"playtime":326,"items_purged":[],"score":70,"play_id":"6ab8db3c-9533-4fe4-ba31-c3a00f3b0a32","local_time":"20210112090113","is_ascension_mode":true,"campfire_choices":[{"data":"Chrysalis","floor":7,"key":"SMITH"}],"circlet_count":0,"master_deck":["Strike_R+1","Strike_R","Strike_R","Strike_R+1","Strike_R","Defend_R","Defend_R","Defend_R","Defend_R","Bash+1","Decay","Chrysalis+1","Armaments+1","Rupture","Flame Barrier","Clothesline"],"relics":["Burning Blood","MawBank","Whetstone","Vajra"],"acts_visited":["Exordium"],"potions_floor_usage":[],"damage_taken":[{"damage":16.0,"enemies":"Jaw Worm","floor":1.0,"turns":7.0},{"damage":19,"enemies":"Gremlin Nob","floor":6,"turns":4},{"damage":1,"enemies":"Cultist","floor":8,"turns":5},{"damage":57,"enemies":"3 Sentries","floor":10,"turns":8}],"seed_played":"-7983058542071857838","potions_obtained":[],"is_trial":false,"path_per_floor":["M","?","$","?","T","E","R","M","T","E"],"character_chosen":"IRONCLAD","items_purchased":["Rupture"],"campfire_rested":0,"item_purchase_floors":[3],"current_hp_per_floor":[70,54,54,59,59,46,46,51,51,0,0],"gold":176,"neow_bonus":"RANDOM_COLORLESS_2","is_daily":false,"chose_seed":false,"campfire_upgraded":1,"win_rate":0.0,"timestamp":1610409673,"path_taken":["M","?","$","?","?","E","R","M","T","E"],"items_purchased_type":["Card"],"build_version":"2020-12-22","purchased_purges":0,"victory":false,"max_hp_per_floor":[80,80,80,85,85,85,85,85,85,85,85],"card_choices":[{"not_picked":["The Bomb","Violence"],"picked":"Chrysalis","floor":0.0},{"not_picked":["Sword Boomerang","Clash"],"picked":"Armaments","floor":1.0},{"not_picked":["Searing Blow","Reckless Charge"],"picked":"Flame Barrier","floor":6},{"not_picked":["Battle Trance","Heavy Blade"],"picked":"Clothesline","floor":8}],"player_experience":204158,"relics_obtained":[{"floor":5.0,"key":"MawBank"},{"floor":6,"key":"Whetstone"},{"floor":9,"key":"Vajra"}],"event_choices":[{"damage_healed":0.0,"max_hp_gain":0.0,"max_hp_loss":0.0,"gold_gain":0.0,"event_name":"Shining Light","player_choice":"Entered Light","floor":2.0,"gold_loss":0.0,"damage_taken":16.0,"cards_upgraded":["Armaments","Bash"]},{"damage_healed":0.0,"max_hp_gain":5.0,"max_hp_loss":0.0,"gold_gain":0.0,"event_name":"Big Fish","player_choice":"Donut","floor":4.0,"gold_loss":0.0,"damage_taken":0.0}],"is_beta":false,"boss_relics":[],"items_purged_floors":[],"is_endless":false,"potions_floor_spawned":[],"killed_by":"3 Sentries","ascension_level":2}}