{"host":"i5mpj6c318yblse4","time":1610443022,"event":{"mods":["AchievementEnabler","BaseMod","Colored Map","Minty Spire (QoL Compilation)","Shop Mod","StSLib","SuperFastMode"],"gold_per_floor":[118,68,68,68,68,103,180,180,229,264,276,290,308,334,334,432,482,496,25,25,40,40,40,73,73,100,100,132,142,142,161,161,260,260,274,274,274,288,304,339,339,339,339,45,45,45],"floor_reached":45,"playtime":1099,"items_purged":["Strike_G"],"score":599,"play_id":"f28b82e8-5ba3-4231-8a1e-0a9c7621eac8","local_time":"20210112181702","is_ascension_mode":true,"campfire_choices":[{"floor":8,"key":"REST"},{"data":"Catalyst","floor":15,"key":"SMITH"},{"data":"Bouncing Flask","floor":23,"key":"SMITH"},{"data":"Ghostly","floor":27,"key":"SMITH"},{"data":"Ghostly","floor":32,"key":"SMITH"},{"data":"Night Terror","floor":41,"key":"SMITH"}],"circlet_count":0,"master_deck":["Strike_G+1","Strike_G+1","Defend_G+1","Defend_G+1","Defend_G+1","Defend_G+1","Survivor","Neutralize+1","Bouncing Flask+1","Backstab","Noxious Fumes","Catalyst+1","Wraith Form v2","Noxious Fumes","Ghostly","Ghostly","Ghostly","Ghostly+1","Ghostly+1","Night Terror+1","Escape Plan+1","Shame"],"relics":["Ring of the Snake","Ninja Scroll","Vajra","Pear","Nunchaku","Darkstone Periapt","Mummified Hand","Tiny House","Pantograph","TheAbacus","Bag of Preparation","Pen Nib","Kunai","Mercury Hourglass","Cursed Key","Anchor","FossilizedHelix","The Specimen"],"acts_visited":["Exordium","TheCity","TheBeyond"],"potions_floor_usage":[10,16,18,24,28],"damage_taken":[{"damage":0,"enemies":"Jaw Worm","floor":1,"turns":5},{"damage":34,"enemies":"3 Sentries","floor":6,"turns":8},{"damage":13,"enemies":"Lagavulin","floor":10,"turns":4},{"damage":0,"enemies":"2 Louse","floor":11,"turns":1},{"damage":0,"enemies":"Small Slimes","floor":12,"turns":1},{"damage":2,"enemies":"Looter","floor":13,"turns":2},{"damage":0,"enemies":"Gremlin Nob","floor":14,"turns":2},{"damage":11,"enemies":"Slime Boss","floor":16,"turns":8},{"damage":17,"enemies":"3 Byrds","floor":18,"turns":5},{"damage":0,"enemies":"Chosen","floor":21,"turns":3},{"damage":19,"enemies":"Slavers","floor":24,"turns":7},{"damage":2,"enemies":"Book of Stabbing","floor":28,"turns":6},{"damage":7,"enemies":"3 Cultists","floor":29,"turns":6},{"damage":0,"enemies":"Chosen and Byrds","floor":31,"turns":3},{"damage":3,"enemies":"Collector","floor":33,"turns":8},{"damage":0,"enemies":"3 Shapes","floor":35,"turns":4},{"damage":0,"enemies":"Orb Walker","floor":38,"turns":4},{"damage":3,"enemies":"Sphere and 2 Shapes","floor":39,"turns":7},{"damage":2,"enemies":"Giant Head","floor":40,"turns":4},{"damage":0,"enemies":"2 Orb Walkers","floor":45,"turns":2}],"seed_played":"6213066679424327001","potions_obtained":[{"floor":6,"key":"DuplicationPotion"},{"floor":10,"key":"DuplicationPotion"},{"floor":12,"key":"ColorlessPotion"},{"floor":13,"key":"AttackPotion"},{"floor":17,"key":"Weak Potion"},{"floor":24,"key":"FearPotion"},{"floor":29,"key":"CunningPotion"},{"floor":31,"key":"Block Potion"}],"is_trial":false,"path_per_floor":["M","?","?","?","?","E","T","R","T","E","M","M","M","E","R","B",null,"M","$","?","M","$","R","E","?","T","R","E","M","T","M","R","B",null,"M","?","T","M","M","E","R","?","T","$","?"],"character_chosen":"THE_SILENT","items_purchased":["Pantograph","TheAbacus","The Specimen"],"campfire_rested":1,"item_purchase_floors":[19,19,44],"current_hp_per_floor":[63,63,50,32,53,19,29,50,50,37,37,37,35,35,35,24,78,61,61,61,61,61,61,42,39,39,39,37,30,30,30,30,36,39,39,39,39,39,36,34,34,34,40,40,40,40],"gold":45,"neow_bonus":"REMOVE_TWO","is_daily":false,"chose_seed":false,"campfire_upgraded":5,"win_rate":0.0,"timestamp":1610443022,"path_taken":["M","?","?","?","?","E","?","R","T","E","M","M","M","E","R","BOSS","M","$","?","M","$","R","E","?","T","R","E","M","?","M","R","BOSS","M","?","?","?","?","E","R","?","T","$","?"],"items_purchased_type":["Relic","Relic","Relic"],"build_version":"2020-12-22","purchased_purges":1,"victory":false,"max_hp_per_floor":[63,63,63,63,63,63,73,73,73,73,73,73,73,73,73,73,78,78,78,78,78,78,78,78,39,39,39,39,39,39,39,39,39,39,39,39,39,39,39,39,39,39,45,45,45,45],"card_choices":[{"not_picked":["Deadly Poison","Dodge and Roll"],"picked":"Bouncing Flask","floor":1},{"not_picked":["Expertise","Bane"],"picked":"Backstab","floor":6},{"not_picked":["PiercingWail","Slice"],"picked":"Noxious Fumes","floor":10},{"not_picked":["Prepared","Dodge and Roll","Poisoned Stab"],"picked":"SKIP","floor":11},{"not_picked":["PiercingWail","Deflect"],"picked":"Catalyst","floor":12},{"not_picked":["Deadly Poison","Terror","PiercingWail"],"picked":"SKIP","floor":13},{"not_picked":["Skewer","Bane","Dagger Throw"],"picked":"SKIP","floor":14},{"not_picked":["Grand Finale","A Thousand Cuts"],"picked":"Wraith Form v2","floor":16},{"not_picked":["Flying Knee","Deadly Poison+1","Dagger Throw"],"picked":"SKIP","floor":18},{"not_picked":["Dagger Spray+1","Leg Sweep"],"picked":"Noxious Fumes","floor":21},{"not_picked":["Deadly Poison","Poisoned Stab","Quick Slash"],"picked":"SKIP","floor":24},{"not_picked":["Quick Slash+1","Backflip","Bane"],"picked":"SKIP","floor":28},{"not_picked":["Endless Agony+1","Flying Knee","Outmaneuver"],"picked":"SKIP","floor":29},{"not_picked":["Dagger Throw","Cloak And Dagger+1","Flying Knee"],"picked":"SKIP","floor":31},{"not_picked":["Phantasmal Killer","Malaise"],"picked":"Night Terror","floor":33},{"not_picked":["Blade Dance+1","Distraction","Outmaneuver"],"picked":"SKIP","floor":35},{"not_picked":["Outmaneuver+1","Bane+1","Backstab"],"picked":"SKIP","floor":38},{"not_picked":["Flying Knee","Reflex+1"],"picked":"Escape Plan+1","floor":39},{"not_picked":["Distraction","Tactician","Dagger Spray"],"picked":"SKIP","floor":40}],"player_experience":361407,"relics_obtained":[{"floor":6,"key":"Vajra"},{"floor":7,"key":"Pear"},{"floor":9,"key":"Nunchaku"},{"floor":10,"key":"Darkstone Periapt"},{"floor":14,"key":"Mummified Hand"},{"floor":24,"key":"Bag of Preparation"},{"floor":26,"key":"Pen Nib"},{"floor":28,"key":"Kunai"},{"floor":30,"key":"Mercury Hourglass"},{"floor":40,"key":"Anchor"},{"floor":43,"key":"FossilizedHelix"}],"event_choices":[{"cards_removed":["Strike_G"],"damage_healed":0,"gold_gain":0,"player_choice":"Card Removal","damage_taken":0,"max_hp_gain":0,"max_hp_loss":0,"event_name":"The Cleric","floor":2,"gold_loss":50},{"damage_healed":0,"gold_gain":0,"player_choice":"Entered Light","damage_taken":13,"max_hp_gain":0,"max_hp_loss":0,"event_name":"Shining Light","floor":3,"gold_loss":0,"cards_upgraded":["Defend_G","Strike_G"]},{"damage_healed":0,"gold_gain":0,"player_choice":"Success","damage_taken":18,"relics_obtained":["Ninja Scroll"],"max_hp_gain":0,"max_hp_loss":0,"event_name":"Scrap Ooze","floor":4,"gold_loss":0},{"damage_healed":21,"gold_gain":0,"player_choice":"Banana","damage_taken":0,"max_hp_gain":0,"max_hp_loss":0,"event_name":"Big Fish","floor":5,"gold_loss":0},{"damage_healed":0,"gold_gain":0,"player_choice":"Simplicity","damage_taken":0,"max_hp_gain":0,"max_hp_loss":0,"event_name":"Back to Basics","floor":20,"gold_loss":0,"cards_upgraded":["Strike_G","Defend_G","Defend_G","Defend_G"]},{"damage_healed":0,"gold_gain":0,"player_choice":"Became a Ghost","damage_taken":0,"max_hp_gain":0,"max_hp_loss":39,"event_name":"Ghosts","floor":25,"gold_loss":0,"cards_obtained":["Ghostly","Ghostly","Ghostly","Ghostly","Ghostly"]},{"damage_healed":0,"gold_gain":0,"player_choice":"Ignored","damage_taken":0,"max_hp_gain":0,"max_hp_loss":0,"event_name":"Tomb of Lord Red Mask","floor":36,"gold_loss":0},{"damage_healed":0,"gold_gain":0,"player_choice":"Memory 1","damage_taken":0,"max_hp_gain":0,"max_hp_loss":0,"event_name":"SensoryStone","floor":42,"gold_loss":0},{"damage_healed":0,"gold_gain":0,"player_choice":"Fight","damage_taken":0,"max_hp_gain":0,"max_hp_loss":0,"event_name":"Mysterious Sphere","floor":45,"gold_loss":0}],"is_beta":false,"boss_relics":[{"not_picked":["Philosopher\u0027s Stone","Astrolabe"],"picked":"Tiny House"},{"not_picked":["SacredBark","Sozu"],"picked":"Cursed Key"}],"items_purged_floors":[19],"is_endless":false,"potions_floor_spawned":[6,10,12,13,24,29,31,39,40],"killed_by":"2 Orb Walkers","ascension_level":1}}