{"host":"a3oe3gstxz77c7qu","time":1610475582,"event":{"mods":["2.2 Compatiblity","Act Like it!","Astrologer","BaseMod","Bestiary","Better Altar","Better Match","Better Note","Better Skull","Better Third Choice","Block Reminder","Curses Come First","Custom Start","Dark Map","Downfall","Friendly Minions","GifTheSpireLib","Hermit","Jorbs\u0027s Wanderer Trilogy","Lobotomy","LobotomyExtend","Marisa????????","Minty Spire (QoL Compilation)","Permanent Neow","Quick Restart","Relic Stats","Replay The Spire","StSLib","The Bug Knight","The Cursed","The Disciple","Uncapped","Unknown Chances","Wandering Minibosses"],"gold_per_floor":[110,130,141,141,157,157,82,82,133,133,33,44,63,90,90,192,192,202,202,221,69,87,116,128,128,128,141,16,42,42,57,57,161,161,180,194,194,44,44,77,77,114,114,114,139,139,62,62,62,67,67],"floor_reached":52,"playtime":2522,"items_purged":["hermit:Defend_Hermit","hermit:Covet","Writhe"],"score":1178,"play_id":"ae9746ac-c24b-40f8-a7e5-4c9a316a2024","local_time":"20210112181941","is_ascension_mode":true,"campfire_choices":[{"data":"hermit:Showdown","floor":6.0,"key":"SMITH"},{"data":"hermit:Defend_Hermit","floor":15.0,"key":"SMITH"},{"data":"hermit:GhostlyPresence","floor":25.0,"key":"SMITH"},{"data":"hermit:Snipe","floor":32.0,"key":"SMITH"},{"data":"hermit:Brawl","floor":41.0,"key":"SMITH"},{"data":"hermit:WideOpen","floor":44,"key":"SMITH"},{"data":"hermit:Strike_Hermit","floor":46,"key":"SMITH"},{"data":"hermit:Strike_Hermit","floor":49,"key":"SMITH"}],"circlet_count":0,"master_deck":["hermit:Strike_Hermit+1","hermit:Strike_Hermit","hermit:Strike_Hermit","hermit:Strike_Hermit+1","hermit:Defend_Hermit","hermit:Defend_Hermit+1","hermit:Horror","hermit:Snipe+1","hermit:Showdown+1","hermit:WideOpen+1","hermit:GhostlyPresence+1","hermit:GhostlyPresence+1","hermit:Scavenge","hermit:Purgatory","hermit:Brawl+1"],"relics":["Runic Pyramid","LetterFromLob","Boot","ShedSkin_r","Replay:Baseball","White Beast Statue","HollowMod:QueensCombRelic","Cursed Key","Toy Ornithopter","Unceasing Top","Divine Protection","Chameleon Ring","TheAbacus","hermit:Horseshoe","Bottled Flame"],"acts_visited":["Exordium","TheCity","TheBeyond"],"potions_floor_usage":[45,45,50,50,50],"damage_taken":[{"damage":0.0,"enemies":"Cultist","floor":1.0,"turns":4.0},{"damage":0.0,"enemies":"2 Louse","floor":2.0,"turns":2.0},{"damage":0.0,"enemies":"Small Slimes","floor":3.0,"turns":2.0},{"damage":16.0,"enemies":"Exordium Thugs","floor":5.0,"turns":4.0},{"damage":0.0,"enemies":"Exordium Wildlife","floor":12.0,"turns":2.0},{"damage":10.0,"enemies":"Lots of Slimes","floor":13.0,"turns":2.0},{"damage":12.0,"enemies":"3 Sentries","floor":14.0,"turns":6.0},{"damage":5.0,"enemies":"Fading Forest","floor":16.0,"turns":11.0},{"damage":8.0,"enemies":"3 Byrds","floor":18.0,"turns":4.0},{"damage":8.0,"enemies":"Spheric Guardian","floor":20.0,"turns":6.0},{"damage":0.0,"enemies":"Cultist and Chosen","floor":22.0,"turns":5.0},{"damage":6.0,"enemies":"HollowMod:Nosk","floor":23.0,"turns":7.0},{"damage":13.0,"enemies":"Shelled Parasite and Fungi","floor":24.0,"turns":3.0},{"damage":0.0,"enemies":"Snecko","floor":27.0,"turns":4.0},{"damage":19.0,"enemies":"Gremlin Leader","floor":29.0,"turns":8.0},{"damage":0.0,"enemies":"3 Cultists","floor":31.0,"turns":5.0},{"damage":0.0,"enemies":"Pondfish","floor":33.0,"turns":12.0},{"damage":0.0,"enemies":"Orb Walker","floor":35.0,"turns":3.0},{"damage":7.0,"enemies":"3 Shapes","floor":36.0,"turns":6.0},{"damage":0.0,"enemies":"Reptomancer","floor":40.0,"turns":5.0},{"damage":20.0,"enemies":"R_Hoarder","floor":42.0,"turns":11.0},{"damage":22,"enemies":"Writhing Mass","floor":45,"turns":6},{"damage":33,"enemies":"Awakened One","floor":50,"turns":10}],"seed_played":"6640157469968931086","potions_obtained":[{"floor":1.0,"key":"SkillPotion"},{"floor":2.0,"key":"Ancient Potion"},{"floor":12.0,"key":"Ancient Potion"},{"floor":13.0,"key":"BlessingOfTheForge"},{"floor":14.0,"key":"Dexterity Potion"},{"floor":16.0,"key":"Strength Potion"},{"floor":22.0,"key":"Fire Potion"},{"floor":23.0,"key":"Fruit Juice"},{"floor":24.0,"key":"ColorlessPotion"},{"floor":27.0,"key":"Adrenaline Potion"},{"floor":29.0,"key":"Slimebound:ThreeZeroPotion"},{"floor":30.0,"key":"FearPotion"},{"floor":30.0,"key":"ColorlessPotion"},{"floor":31.0,"key":"Explosive Potion"},{"floor":33.0,"key":"Block Potion"},{"floor":35.0,"key":"Strength Potion"},{"floor":40.0,"key":"champ:CounterPotion"},{"floor":42.0,"key":"Weak Potion"},{"floor":45,"key":"Venom Potion"}],"is_trial":false,"path_per_floor":["M","M","M","?","M","R","$","E","T","?","$","M","M","E","R","B",null,"M","?","M","$","M","E","M","R","T","M","$","E","?","M","R","B",null,"M","M","?","$","?","E","R","E","T","R","M","R","$","?","R","B",null,null],"character_chosen":"HERMIT","items_purchased":["Toy Ornithopter","TheAbacus","DuplicationPotion"],"campfire_rested":0,"item_purchase_floors":[21,38,47],"current_hp_per_floor":[75,75,75,63,47,47,47,54,54,54,54,54,44,32,32,45,50,42,42,42,42,50,44,45,45,45,55,55,41,41,55,55,55,55,55,48,48,48,48,55,55,35,35,35,35,35,35,43,43,27,27],"gold":67,"neow_bonus":"BOSS_RELIC","is_daily":false,"chose_seed":false,"campfire_upgraded":8,"win_rate":0.0,"timestamp":1610475581,"path_taken":["M","?","M","?","M","R","$","E","T","?","$","M","?","E","R","BOSS","M","?","M","$","M","E","M","R","T","?","$","E","?","M","R","BOSS","M","M","?","?","?","E","R","E","T","R","?","R","$","?","R","BOSS"],"items_purchased_type":["Relic","Relic","Potion"],"build_version":"2020-12-22","purchased_purges":3,"victory":true,"max_hp_per_floor":[75,75,75,75,75,75,75,75,75,75,75,75,75,50,50,50,50,50,50,50,50,50,50,55,55,55,55,55,55,55,55,55,55,55,55,55,55,55,55,55,55,55,55,55,55,55,55,55,55,55,55],"relic_stats":{"TheAbacus":[60],"counters":[23,128],"Boot":[21],"Cursed Key":1,"obtain_stats":[{"HollowMod:QueensCombRelic":14,"Divine Protection":28,"Boot":4,"Cursed Key":17,"White Beast Statue":10,"Replay:Wanted Poster":34,"Replay:Baseball":9,"Bottled Flame":42,"Chameleon Ring":29,"TheAbacus":38,"LetterFromLob":1,"hermit:Horseshoe":40,"hermit:Momento":0,"ShedSkin_r":8,"Toy Ornithopter":21,"Unceasing Top":23,"Runic Pyramid":0},{"HollowMod:QueensCombRelic":7,"Divine Protection":14,"Boot":3,"Cursed Key":8,"White Beast Statue":4,"Replay:Wanted Poster":17,"Replay:Baseball":4,"Bottled Flame":21,"Chameleon Ring":15,"TheAbacus":19,"LetterFromLob":1,"hermit:Horseshoe":20,"hermit:Momento":0,"ShedSkin_r":4,"Toy Ornithopter":10,"Unceasing Top":12,"Runic Pyramid":0},{"HollowMod:QueensCombRelic":22,"Divine Protection":62,"Boot":8,"Cursed Key":33,"White Beast Statue":12,"Replay:Wanted Poster":87,"Replay:Baseball":12,"Bottled Flame":112,"Chameleon Ring":70,"TheAbacus":96,"LetterFromLob":4,"hermit:Horseshoe":101,"hermit:Momento":0,"ShedSkin_r":12,"Toy Ornithopter":43,"Unceasing Top":55,"Runic Pyramid":0}],"Toy Ornithopter":37,"Unceasing Top":[10]},"card_choices":[{"not_picked":["hermit:TakeAim","hermit:Snipe"],"picked":"hermit:Horror","floor":1.0},{"not_picked":["hermit:Manifest","hermit:Feint"],"picked":"hermit:Snipe","floor":2.0},{"not_picked":["hermit:Desperado","hermit:Roulette"],"picked":"hermit:Showdown","floor":3.0},{"not_picked":["hermit:Magnum","hermit:Manifest"],"picked":"hermit:WideOpen","floor":5.0},{"not_picked":["hermit:SprayPray","hermit:FullyLoaded"],"picked":"hermit:GhostlyPresence","floor":12.0},{"not_picked":["hermit:Glare","hermit:Roulette","hermit:Desperado"],"picked":"SKIP","floor":13.0},{"not_picked":["hermit:LowProfile","hermit:Feint","hermit:ItchyTrigger"],"picked":"SKIP","floor":14.0},{"not_picked":["hermit:Coalescence+1","hermit:TrackingShot+1"],"picked":"hermit:GhostlyPresence+1","floor":18.0},{"not_picked":["hermit:Virtue+1","hermit:Cheat+1","hermit:BodyArmor"],"picked":"SKIP","floor":20.0},{"not_picked":["hermit:Brawl+1","hermit:CalledShot+1","hermit:BodyArmor"],"picked":"SKIP","floor":22.0},{"not_picked":["hermit:CalledShot","hermit:TrackingShot+1","hermit:Glare"],"picked":"SKIP","floor":23.0},{"not_picked":["hermit:BodyArmor","hermit:Purgatory"],"picked":"hermit:Scavenge","floor":24.0},{"not_picked":["hermit:EyeOfTheStorm","hermit:Glare","hermit:Manifest+1"],"picked":"SKIP","floor":27.0},{"not_picked":["hermit:ItchyTrigger","hermit:Dive","hermit:Glare+1"],"picked":"SKIP","floor":29.0},{"not_picked":["hermit:ItchyTrigger","hermit:CursedWeapon","hermit:SprayPray"],"picked":"SKIP","floor":31.0},{"not_picked":["hermit:ItchyTrigger","hermit:CursedWeapon","hermit:SprayPray"],"picked":"SKIP","floor":31.0},{"not_picked":["hermit:HeroicBravado","hermit:Adapt"],"picked":"hermit:Purgatory","floor":33.0},{"not_picked":["hermit:Showdown+1","hermit:Feint","hermit:Glare"],"picked":"SKIP","floor":35.0},{"not_picked":["hermit:LoneWolf+1","hermit:BigShot+1","hermit:HoleUp+1"],"picked":"SKIP","floor":36.0},{"not_picked":["hermit:BodyArmor","hermit:Dive+1","hermit:TrackingShot+1"],"picked":"SKIP","floor":40.0},{"not_picked":["hermit:Headshot+1","hermit:Maintenance","hermit:Malice+1"],"picked":"SKIP","floor":42.0},{"not_picked":["hermit:BodyArmor+1","hermit:SprayPray+1","hermit:Vantage"],"picked":"SKIP","floor":45}],"player_experience":988858,"relics_obtained":[{"floor":1.0,"key":"LetterFromLob"},{"floor":9.0,"key":"Replay:Baseball"},{"floor":14.0,"key":"HollowMod:QueensCombRelic"},{"floor":23.0,"key":"Unceasing Top"},{"floor":29.0,"key":"Chameleon Ring"},{"floor":40.0,"key":"hermit:Horseshoe"},{"floor":42.0,"key":"Bottled Flame"}],"event_choices":[{"damage_healed":0.0,"max_hp_gain":0.0,"max_hp_loss":0.0,"gold_gain":0.0,"event_name":"betterThird:BetterScrap","player_choice":"Relic ","floor":4.0,"gold_loss":0.0,"damage_taken":12.0,"cards_obtained":["Crippling Poison"]},{"damage_healed":0.0,"max_hp_gain":0.0,"max_hp_loss":0.0,"gold_gain":0.0,"event_name":"WeMeetAgain","player_choice":"Gave Potion","floor":10.0,"gold_loss":0.0,"damage_taken":0.0,"relics_obtained":["White Beast Statue"]},{"damage_healed":0.0,"max_hp_gain":0.0,"max_hp_loss":0.0,"gold_gain":0.0,"cards_transformed":["hermit:Snapshot"],"event_name":"Transmorgrifier","player_choice":"Transformed","floor":19.0,"gold_loss":0.0,"damage_taken":0.0,"cards_obtained":["hermit:Feint"]},{"damage_healed":0.0,"max_hp_gain":0.0,"max_hp_loss":0.0,"gold_gain":0.0,"event_name":"Lab","player_choice":"Got Potions","floor":30.0,"gold_loss":0.0,"damage_taken":0.0},{"damage_healed":0.0,"max_hp_gain":0.0,"max_hp_loss":0.0,"gold_gain":0.0,"cards_transformed":["hermit:Feint"],"event_name":"Transmorgrifier","player_choice":"Transformed","floor":37.0,"gold_loss":0.0,"damage_taken":0.0,"cards_obtained":["hermit:Brawl"]}],"is_beta":false,"boss_relics":[{"not_picked":["Honey Jar","Snecko Eye"],"picked":"Cursed Key"},{"not_picked":["Abe\u0027s Treasure","Sozu"],"picked":"Replay:Wanted Poster"}],"items_purged_floors":[7,11,28],"is_endless":false,"potions_floor_spawned":[1,2,12,13,14,16,18,20,22,23,24,27,29,31,33,35,36,40,42,45],"ascension_level":2}}