{"host":"fnk117zi8wf5078t","time":1610430367,"event":{"mods":["AchievementEnabler","BaseMod","Colored Map","Minty Spire (QoL Compilation)","Rare Cards Sparkle","SuperFastMode","everything is the same but u backflip on backflip"],"gold_per_floor":[109,109,32,82,99,99,114,132,132,146,146,161,311,328,328,328,328],"floor_reached":16,"playtime":558,"items_purged":[],"score":213,"play_id":"a7d3f852-014b-4028-a0e3-fb9224217271","local_time":"20210112144607","is_ascension_mode":true,"campfire_choices":[{"data":"Feed","floor":6,"key":"SMITH"},{"floor":11,"key":"REST"},{"floor":15,"key":"REST"}],"circlet_count":0,"master_deck":["AscendersBane","Strike_R","Strike_R","Strike_R+1","Strike_R","Strike_R","Defend_R","Defend_R","Defend_R","Defend_R","Bash","Feed+1","Evolve+1","Reckless Charge","Shrug It Off","Infernal Blade","Pummel","Wild Strike","Wild Strike","Doubt","Power Through"],"relics":["Burning Blood","Question Card"],"acts_visited":["Exordium"],"potions_floor_usage":[10,16,16],"damage_taken":[{"damage":6.0,"enemies":"Cultist","floor":1.0,"turns":3.0},{"damage":9,"enemies":"Jaw Worm","floor":5,"turns":3},{"damage":0,"enemies":"2 Louse","floor":7,"turns":7},{"damage":13,"enemies":"Blue Slaver","floor":8,"turns":3},{"damage":10,"enemies":"3 Louse","floor":10,"turns":4},{"damage":21,"enemies":"Exordium Wildlife","floor":12,"turns":5},{"damage":27,"enemies":"Large Slime","floor":14,"turns":6},{"damage":75,"enemies":"Slime Boss","floor":16,"turns":10}],"seed_played":"-1744685390940283399","potions_obtained":[{"floor":5,"key":"Strength Potion"},{"floor":8,"key":"ColorlessPotion"},{"floor":14,"key":"Weak Potion"}],"is_trial":false,"path_per_floor":["M","?","$","?","M","R","M","M","T","M","R","M","?","M","R","B"],"character_chosen":"IRONCLAD","items_purchased":["Reckless Charge"],"campfire_rested":2,"item_purchase_floors":[3],"current_hp_per_floor":[71,48,48,41,38,38,48,41,41,41,66,55,55,38,66,0,0],"gold":328,"neow_bonus":"ONE_RANDOM_RARE_CARD","is_daily":false,"chose_seed":false,"campfire_upgraded":1,"win_rate":0.0,"timestamp":1610430367,"path_taken":["M","?","$","?","?","R","M","M","T","M","R","M","?","M","R","BOSS"],"items_purchased_type":["Card"],"build_version":"2020-12-22","purchased_purges":0,"victory":false,"max_hp_per_floor":[78,78,78,78,78,78,82,82,82,86,86,90,90,94,94,98,98],"card_choices":[{"not_picked":["Warcry","Wild Strike"],"picked":"Evolve","floor":1.0},{"not_picked":["Anger","Heavy Blade"],"picked":"Shrug It Off","floor":5},{"not_picked":["Thunderclap","Dark Embrace"],"picked":"Infernal Blade","floor":7},{"not_picked":["Infernal Blade","Seeing Red"],"picked":"Pummel","floor":8},{"not_picked":["Body Slam","Rampage","Entrench"],"picked":"Wild Strike","floor":10},{"not_picked":["Anger","Body Slam","Twin Strike"],"picked":"Wild Strike","floor":12},{"not_picked":["Brutality","Inflame","Havoc"],"picked":"Power Through","floor":14}],"player_experience":383567,"relics_obtained":[{"floor":9,"key":"Question Card"}],"event_choices":[{"damage_healed":0.0,"max_hp_gain":0.0,"max_hp_loss":0.0,"gold_gain":0.0,"event_name":"Shining Light","player_choice":"Entered Light","floor":2.0,"gold_loss":0.0,"damage_taken":23.0,"cards_upgraded":["Strike_R","Evolve"]},{"damage_healed":0,"gold_gain":50,"player_choice":"Touch","damage_taken":7,"max_hp_gain":0,"max_hp_loss":0,"event_name":"FaceTrader","floor":4,"gold_loss":0},{"damage_healed":0,"gold_gain":150,"player_choice":"AGREE","damage_taken":0,"max_hp_gain":0,"max_hp_loss":0,"event_name":"Liars Game","floor":13,"gold_loss":0,"cards_obtained":["Doubt"]}],"is_beta":false,"boss_relics":[],"items_purged_floors":[],"is_endless":false,"potions_floor_spawned":[5,8,14],"killed_by":"Slime Boss","ascension_level":20}}