{"host":"o5or1zybx7au40zl","time":1610477791,"event":{"mods":["Act Like it!","Aspiration","BaseMod","Better Third Choice","Conspire","Dota2Spire","GungeonMod","Halation","Hubris","Minty Spire (QoL Compilation)","Replay The Spire","StSLib","The Jungle","Yuri Mod","vexMod"],"gold_per_floor":[117,131,131,186,186,214,226,250,275,291,321,332,332,332],"floor_reached":13,"playtime":254,"items_purged":[],"score":120,"play_id":"ac38cff1-ab71-4b69-90db-4fd86b13e80a","local_time":"20210112195631","is_ascension_mode":false,"campfire_choices":[],"circlet_count":0,"master_deck":["Storm","Strike_B","Strike_B","Strike_B","Strike_B","Defend_B","Defend_B","Defend_B","Defend_B","Zap","Dualcast","Gash","ReplayTheSpireMod:Calculation Training","Defragment","BasicCrystalCard","FIFO Queue","Rainbow","Self Repair"],"relics":["Cracked Core","NeowsBlessing","DemoMod:ChaffGrenade","vexMod:FocusSash","Vajra","halation:Gekota"],"acts_visited":["Exordium"],"potions_floor_usage":[11,12,13],"damage_taken":[{"damage":0,"enemies":"Small Slimes","floor":1,"turns":1},{"damage":0,"enemies":"2 Louse","floor":2,"turns":1},{"damage":0,"enemies":"3 Sentries","floor":6,"turns":2},{"damage":15,"enemies":"Jaw Worm","floor":7,"turns":4},{"damage":7,"enemies":"Gremlin Gang","floor":10,"turns":5},{"damage":35,"enemies":"Gremlin Nob","floor":11,"turns":4},{"damage":10,"enemies":"Exordium Thugs","floor":12,"turns":5},{"damage":9,"enemies":"3 Sentries","floor":13,"turns":1}],"seed_played":"-4774307669867600510","potions_obtained":[{"floor":4,"key":"Flashbang"},{"floor":6,"key":"Energy Potion"},{"floor":7,"key":"Explosive Potion"},{"floor":11,"key":"Adrenaline Potion"},{"floor":12,"key":"SpeedPotion"}],"is_trial":false,"path_per_floor":["M","M","?","?","?","E","M","T","T","M","E","M","E"],"character_chosen":"DEFECT","items_purchased":[],"campfire_rested":0,"item_purchase_floors":[],"current_hp_per_floor":[75,75,75,75,68,68,53,53,53,46,11,1,0,0],"gold":332,"neow_bonus":"THREE_ENEMY_KILL","is_daily":false,"chose_seed":false,"campfire_upgraded":0,"win_rate":0.0,"timestamp":1610477791,"path_taken":["M","M","?","?","?","E","M","?","T","?","E","M","E"],"items_purchased_type":[],"build_version":"2020-12-22","purchased_purges":0,"victory":false,"max_hp_per_floor":[75,75,75,75,75,75,75,75,75,75,75,75,75,75],"card_choices":[{"not_picked":["Go for the Eyes","Stack"],"picked":"Gash","floor":1},{"not_picked":["Fusion","Conserve Battery"],"picked":"ReplayTheSpireMod:Calculation Training","floor":2},{"not_picked":["Redo","Loop"],"picked":"Defragment","floor":4},{"not_picked":["Sweeping Beam","Reinforced Body"],"picked":"BasicCrystalCard","floor":6},{"not_picked":["ReplayTheSpireMod:Reroute Power","Rebound"],"picked":"FIFO Queue","floor":7},{"not_picked":["Stack","ReplayTheSpireMod:System Scan","Redo"],"picked":"SKIP","floor":10},{"not_picked":["Biased Cognition","Cold Snap"],"picked":"Rainbow","floor":11},{"not_picked":["Compile Driver","Barrage"],"picked":"Self Repair","floor":12}],"player_experience":956672,"relics_obtained":[{"floor":4,"key":"DemoMod:ChaffGrenade"},{"floor":6,"key":"vexMod:FocusSash"},{"floor":9,"key":"Vajra"},{"floor":11,"key":"halation:Gekota"}],"event_choices":[{"cards_removed":["ReplayTheSpireMod:Splinters"],"damage_healed":0,"gold_gain":0,"player_choice":"Card Removal","damage_taken":7,"max_hp_gain":0,"max_hp_loss":0,"event_name":"Golden Wing","floor":5,"gold_loss":0}],"is_beta":false,"boss_relics":[],"items_purged_floors":[],"is_endless":false,"potions_floor_spawned":[6,7,11,12],"killed_by":"3 Sentries","ascension_level":0}}