{"host":"hzae5erqwbuuc0p5","time":1610465797,"event":{"mods":["AchievementEnabler","BaseMod","Card Forge","Colored Powertips","Custom Start","Friendly Minions","Minty Spire (QoL Compilation)","Quick Restart","StSLib","UnlockEverythingMod","Waifu the Spire","WarShipGirlsR/’ΩΩ¢…Ÿ≈ÆR mod"],"gold_per_floor":[117,127,127,145,158,158,186,186,186,210,31,31,43,68,68,171,171,189,9,21,21,39,64,76,118,202,231,258,270,282,9,9,104,104,122,137,187,187,204,204,230,230,230,246,272,0,16,16,16,16],"floor_reached":51,"playtime":2965,"items_purged":["rmod:strick"],"score":780,"play_id":"2dc465cb-a16c-4dbf-8a7b-fe1fee9b09b9","local_time":"20210112233637","is_ascension_mode":false,"campfire_choices":[{"data":"rmod:firesupport","floor":6,"key":"SMITH"},{"data":"rmod:maingunfire","floor":8,"key":"SMITH"},{"floor":15,"key":"REST"},{"floor":24,"key":"REST"},{"floor":30,"key":"REST"},{"data":"rmod:mineteam","floor":32,"key":"SMITH"},{"floor":40,"key":"REST"},{"floor":42,"key":"REST"},{"floor":49,"key":"REST"}],"circlet_count":0,"master_deck":["rmod:guardianhero+1","rmod:victimresponsibility+1","rmod:supportescort+1","rmod:combined+1","rmod:launchingtorpedo+1","rmod:acesubmarine+1","rmod:abidefaith+1","CurseOfTheBell","rmod:supportescort+1","rmod:generalist+1","rmod:tearstotiara+1","rmod:generalist+1","rmod:tearstotiara+1","rmod:ammunitionsupply+1","rmod:intelligenceanalysis+1","rmod:tearstotiara+1","Dramatic Entrance+1","rmod:mineteam+1","rmod:expeditionaryescort+1","rmod:expedition+3","rmod:steelsupply+1","rmod:tearstotiara+1","rmod:saltedfish+1","rmod:tearstotiara+1","rmod:desperatesituation+1","rmod:guardianhero+1","rmod:advancebysurprise+1","rmod:advancebysurprise+1"],"relics":["rmod:firstchargereward","Hammer of Thor","Seething Fire","Anvil of the Gods","Potion Belt","Toy Ornithopter","Lantern","Molten Egg 2","Strawberry","Calling Bell","Blood Vial","Kunai","Lizard Tail","MawBank","Darkstone Periapt","Singing Bowl","Philosopher\u0027s Stone","Peace Pipe","Letter Opener","Bronze Scales","Red Mask"],"acts_visited":["Exordium","TheCity","TheBeyond"],"potions_floor_usage":[7,14,16,23,23,25,33,33,50,50,50],"damage_taken":[{"damage":0,"enemies":"Small Slimes","floor":1,"turns":2},{"damage":4,"enemies":"Jaw Worm","floor":2,"turns":4},{"damage":0,"enemies":"Cultist","floor":4,"turns":4},{"damage":0,"enemies":"2 Fungi Beasts","floor":5,"turns":4},{"damage":34,"enemies":"Gremlin Nob","floor":7,"turns":5},{"damage":16,"enemies":"Exordium Thugs","floor":13,"turns":5},{"damage":14,"enemies":"3 Sentries","floor":14,"turns":10},{"damage":54,"enemies":"Slime Boss","floor":16,"turns":18},{"damage":12,"enemies":"Shell Parasite","floor":18,"turns":5},{"damage":12,"enemies":"Spheric Guardian","floor":20,"turns":5},{"damage":16,"enemies":"3 Cultists","floor":22,"turns":6},{"damage":32,"enemies":"Gremlin Leader","floor":23,"turns":6},{"damage":26,"enemies":"Book of Stabbing","floor":25,"turns":6},{"damage":0,"enemies":"Snecko","floor":27,"turns":3},{"damage":7,"enemies":"Centurion and Healer","floor":28,"turns":4},{"damage":18,"enemies":"Champ","floor":33,"turns":9},{"damage":9,"enemies":"Orb Walker","floor":35,"turns":3},{"damage":34,"enemies":"3 Darklings","floor":36,"turns":4},{"damage":12,"enemies":"Mind Bloom Boss Battle","floor":37,"turns":3},{"damage":16,"enemies":"Writhing Mass","floor":39,"turns":5},{"damage":35,"enemies":"Nemesis","floor":41,"turns":5},{"damage":8,"enemies":"Sphere and 2 Shapes","floor":44,"turns":3},{"damage":18,"enemies":"Giant Head","floor":45,"turns":7},{"damage":18,"enemies":"Maw","floor":47,"turns":5},{"damage":43,"enemies":"Donu and Deca","floor":50,"turns":7}],"seed_played":"-3961365450708144103","potions_obtained":[{"floor":1,"key":"LiquidMemories"},{"floor":2,"key":"BlessingOfTheForge"},{"floor":7,"key":"Fire Potion"},{"floor":13,"key":"Swift Potion"},{"floor":18,"key":"Swift Potion"},{"floor":22,"key":"Energy Potion"},{"floor":23,"key":"ColorlessPotion"},{"floor":35,"key":"GamblersBrew"},{"floor":39,"key":"EssenceOfSteel"},{"floor":41,"key":"ColorlessPotion"}],"is_trial":false,"path_per_floor":["M","M","?","M","M","R","E","R","T","T","$","?","M","E","R","B",null,"M","$","M","$","M","E","R","E","T","M","M","?","R","$","R","B",null,"M","M","?","?","M","R","E","R","T","M","E","?","M","?","R","B",null],"character_chosen":"PRAEFECT","items_purchased":["rmod:goodsister","rmod:fletcherpendant","rmod:generalist+1","rmod:supriseattacks","rmod:tearstotiara+1","Dramatic Entrance+1","rmod:mineteam","Fire Potion","ColorlessPotion"],"campfire_rested":6,"item_purchase_floors":[11,11,19,19,31,31,31,31,31],"current_hp_per_floor":[75,71,76,76,76,76,42,42,42,42,42,42,26,24,50,1,87,75,75,65,65,51,31,57,38,38,40,35,64,87,87,87,74,87,80,48,38,38,30,58,25,53,53,47,31,31,15,15,42,16],"gold":16,"neow_bonus":"REMOVE_CARD","is_daily":false,"chose_seed":false,"campfire_upgraded":3,"win_rate":0.0,"timestamp":1610465797,"path_taken":["M","M","?","M","M","R","E","R","T","?","$","?","M","E","R","BOSS","M","$","M","$","M","E","R","E","T","M","?","?","R","?","R","BOSS","M","M","?","?","M","R","E","R","T","?","E","?","M","?","R","BOSS"],"items_purchased_type":["Card","Card","Card","Card","Card","Card","Card","Potion","Potion"],"build_version":"2020-12-22","purchased_purges":1,"victory":true,"max_hp_per_floor":[75,75,80,80,80,80,80,80,80,80,80,80,80,87,87,87,87,87,87,87,87,87,87,87,87,87,87,87,87,87,87,87,87,87,89,89,89,89,95,95,95,95,95,95,92,92,92,92,92,92],"card_choices":[{"not_picked":["rmod:mineteam","rmod:slowdown"],"picked":"rmod:guardianhero","floor":1},{"not_picked":["rmod:rockthrower","rmod:steelsupply"],"picked":"rmod:firesupport","floor":2},{"not_picked":["rmod:selfconfidence","rmod:smokecover"],"picked":"rmod:victimresponsibility","floor":4},{"not_picked":["rmod:intelligenceanalysis","rmod:punchline"],"picked":"rmod:supportescort","floor":5},{"not_picked":["rmod:luckystar","rmod:unsinkable"],"picked":"rmod:combined","floor":7},{"not_picked":["rmod:luckystar+1","rmod:victimresponsibility"],"picked":"rmod:launchingtorpedo+1","floor":13},{"not_picked":["rmod:u235","rmod:luckystar+1"],"picked":"rmod:acesubmarine+1","floor":14},{"not_picked":["rmod:expeditionaryescort","rmod:highspeedmaneuver"],"picked":"rmod:abidefaith","floor":16},{"not_picked":["rmod:aviationdawn","rmod:diamondstrike+1"],"picked":"rmod:supportescort","floor":18},{"not_picked":["rmod:robin","rmod:circuitoustactics"],"picked":"rmod:tearstotiara+1","floor":20},{"not_picked":["rmod:advancebysurprise+1","rmod:wife"],"picked":"rmod:generalist+1","floor":22},{"not_picked":["rmod:diamondstrike+1","rmod:circuitoustactics"],"picked":"rmod:tearstotiara+1","floor":23},{"not_picked":["rmod:unsinkable","rmod:expeditionaryescort"],"picked":"rmod:fletcherpendant+1","floor":25},{"not_picked":["rmod:gendarmerie","rmod:luckystar+1"],"picked":"rmod:ammunitionsupply","floor":27},{"not_picked":["rmod:chargemoney","rmod:lonelyqueen+1"],"picked":"rmod:intelligenceanalysis+1","floor":28},{"not_picked":["rmod:u235","rmod:auspiciousomen"],"picked":"rmod:expeditionaryescort","floor":33},{"not_picked":["rmod:robin","rmod:luckystar+1","rmod:ammunitionsupply"],"picked":"Singing Bowl","floor":35},{"not_picked":["rmod:diamondstrike+1","rmod:unsinkable"],"picked":"rmod:steelsupply","floor":36},{"not_picked":["rmod:diamondstrike+1","rmod:supportescort"],"picked":"rmod:tearstotiara+1","floor":37},{"not_picked":[],"picked":"rmod:saltedfish","floor":38},{"not_picked":["rmod:gendarmerie+1","rmod:firesupport+1"],"picked":"rmod:tearstotiara+1","floor":39},{"not_picked":["rmod:aviationdawn+1","rmod:luckystar+1"],"picked":"rmod:desperatesituation","floor":41},{"not_picked":["rmod:goodsister","rmod:victimresponsibility"],"picked":"rmod:guardianhero+1","floor":44},{"not_picked":["rmod:steelsupply","rmod:diamondstrike+1"],"picked":"rmod:advancebysurprise+1","floor":45},{"not_picked":["rmod:combined+1","rmod:shuttlebombing+1"],"picked":"rmod:advancebysurprise+1","floor":47}],"player_experience":12077,"relics_obtained":[{"floor":7,"key":"Potion Belt"},{"floor":9,"key":"Toy Ornithopter"},{"floor":10,"key":"Lantern"},{"floor":14,"key":"Strawberry"},{"floor":17,"key":"Blood Vial"},{"floor":17,"key":"Kunai"},{"floor":17,"key":"Lizard Tail"},{"floor":23,"key":"MawBank"},{"floor":25,"key":"Darkstone Periapt"},{"floor":26,"key":"Singing Bowl"},{"floor":37,"key":"Peace Pipe"},{"floor":41,"key":"Letter Opener"},{"floor":45,"key":"Bronze Scales"}],"event_choices":[{"damage_healed":0,"gold_gain":0,"player_choice":"Donut","damage_taken":0,"max_hp_gain":5,"max_hp_loss":0,"event_name":"Big Fish","floor":3,"gold_loss":0},{"damage_healed":0,"gold_gain":0,"player_choice":"Gave Potion","damage_taken":0,"relics_obtained":["Molten Egg 2"],"max_hp_gain":0,"max_hp_loss":0,"event_name":"WeMeetAgain","floor":12,"gold_loss":0},{"damage_healed":29,"gold_gain":0,"player_choice":"Heal","damage_taken":0,"max_hp_gain":0,"max_hp_loss":0,"event_name":"The Library","floor":29,"gold_loss":0},{"damage_healed":0,"gold_gain":0,"player_choice":"Fight","damage_taken":0,"max_hp_gain":0,"max_hp_loss":0,"event_name":"MindBloom","floor":37,"gold_loss":0},{"damage_healed":0,"gold_gain":0,"player_choice":"Paid","damage_taken":0,"relics_obtained":["Red Mask"],"max_hp_gain":0,"max_hp_loss":0,"event_name":"Tomb of Lord Red Mask","floor":46,"gold_loss":272},{"cards_removed":["rmod:maingunfire"],"damage_healed":0,"gold_gain":0,"player_choice":"Purged","damage_taken":0,"max_hp_gain":0,"max_hp_loss":0,"event_name":"Purifier","floor":48,"gold_loss":0}],"is_beta":false,"boss_relics":[{"not_picked":["Runic Pyramid","Cursed Key"],"picked":"Calling Bell"},{"not_picked":["Astrolabe","Empty Cage"],"picked":"Philosopher\u0027s Stone"}],"items_purged_floors":[11],"is_endless":false,"potions_floor_spawned":[1,2,7,13,18,22,23,35,39,41],"ascension_level":0}}