{"host":"5icjlaq41ghjcr7h","time":1610446799,"event":{"mods":["AchievementEnabler","BaseMod","Colored Map","Minty Spire (QoL Compilation)","SuperFastMode","everything is the same but u backflip on backflip"],"gold_per_floor":[109,127,127,138,148,178,198,198,198,212,59,59,59,85,85,190,190,206,206,225,45,56,56,56,82,82,97,97,97,97],"floor_reached":29,"playtime":1009,"items_purged":["Strike_B","Strike_B"],"score":281,"play_id":"0e9c0312-403d-4ae4-baf9-e5d6a51800f6","local_time":"20210112191959","is_ascension_mode":true,"campfire_choices":[{"floor":8,"key":"REST"},{"data":"Storm","floor":13,"key":"SMITH"},{"floor":15,"key":"REST"},{"data":"Buffer","floor":23,"key":"SMITH"},{"floor":28,"key":"RECALL"}],"circlet_count":0,"master_deck":["Strike_B+1","Strike_B+1","Defend_B","Defend_B","Defend_B","Defend_B","Zap","Dualcast","Go for the Eyes","Turbo","Beam Cell","Doom and Gloom","Self Repair","Steam","Storm+1","Capacitor+1","Force Field","Buffer+1","Force Field+1","Genetic Algorithm","BootSequence"],"relics":["Cracked Core","NeowsBlessing","Happy Flower","Blood Vial","Mummified Hand","Nuclear Battery","Pen Nib","Torii"],"acts_visited":["Exordium","TheCity"],"potions_floor_usage":[6,10,14,16,20,25],"damage_taken":[{"damage":0,"enemies":"Small Slimes","floor":1,"turns":1},{"damage":0,"enemies":"Cultist","floor":2,"turns":1},{"damage":0,"enemies":"Jaw Worm","floor":4,"turns":1},{"damage":6,"enemies":"Looter","floor":5,"turns":3},{"damage":27,"enemies":"3 Sentries","floor":6,"turns":6},{"damage":5,"enemies":"Red Slaver","floor":7,"turns":3},{"damage":3,"enemies":"Exordium Wildlife","floor":10,"turns":2},{"damage":42,"enemies":"Gremlin Nob","floor":14,"turns":5},{"damage":20,"enemies":"Slime Boss","floor":16,"turns":9},{"damage":31,"enemies":"3 Byrds","floor":18,"turns":5},{"damage":0,"enemies":"Chosen","floor":20,"turns":5},{"damage":29,"enemies":"Centurion and Healer","floor":22,"turns":11},{"damage":24,"enemies":"Book of Stabbing","floor":25,"turns":7},{"damage":0,"enemies":"Sentry and Sphere","floor":27,"turns":5},{"damage":42,"enemies":"Slavers","floor":29,"turns":3}],"seed_played":"7572714268502345300","potions_obtained":[{"floor":4,"key":"Energy Potion"},{"floor":5,"key":"Weak Potion"},{"floor":6,"key":"Explosive Potion"},{"floor":10,"key":"AttackPotion"},{"floor":18,"key":"SkillPotion"},{"floor":20,"key":"Strength Potion"},{"floor":25,"key":"SteroidPotion"}],"is_trial":false,"path_per_floor":["M","M","?","M","M","E","M","R","T","M","$","?","R","E","R","B",null,"M","?","M","$","M","R","?","E","T","M","R","E"],"character_chosen":"DEFECT","items_purchased":["Capacitor","Genetic Algorithm"],"campfire_rested":2,"item_purchase_floors":[11,21],"current_hp_per_floor":[75,75,60,60,54,27,29,51,51,48,48,48,48,15,37,26,75,51,51,60,60,40,40,40,25,25,34,34,0,0],"gold":97,"neow_bonus":"THREE_ENEMY_KILL","is_daily":false,"chose_seed":false,"campfire_upgraded":2,"win_rate":0.0,"timestamp":1610446799,"path_taken":["M","M","?","M","M","E","M","R","T","M","$","?","R","E","R","BOSS","M","?","?","$","M","R","?","E","T","M","R","E"],"items_purchased_type":["Card","Card"],"build_version":"2020-12-22","purchased_purges":2,"victory":false,"max_hp_per_floor":[75,75,75,75,75,75,75,75,75,75,75,75,75,75,75,75,75,75,75,75,75,75,75,75,75,75,75,75,75,75],"card_choices":[{"not_picked":["Steam","Barrage"],"picked":"Go for the Eyes","floor":1},{"not_picked":["Leap","Barrage"],"picked":"Turbo","floor":2},{"not_picked":["Conserve Battery","Barrage"],"picked":"Beam Cell","floor":4},{"not_picked":["Rip and Tear","Amplify"],"picked":"Doom and Gloom","floor":5},{"not_picked":["Glacier","Hologram"],"picked":"Self Repair","floor":6},{"not_picked":["Cold Snap","Leap"],"picked":"Steam","floor":7},{"not_picked":["Hologram","Consume"],"picked":"Storm","floor":10},{"not_picked":["Go for the Eyes","Barrage"],"picked":"Force Field","floor":14},{"not_picked":["Machine Learning","Seek"],"picked":"Buffer","floor":16},{"not_picked":["Rebound","Stack"],"picked":"Force Field+1","floor":18},{"not_picked":["Leap","Consume","Coolheaded+1"],"picked":"SKIP","floor":20},{"not_picked":["Coolheaded","FTL"],"picked":"BootSequence","floor":22},{"not_picked":["Beam Cell","Coolheaded","Streamline+1"],"picked":"SKIP","floor":25},{"not_picked":["FTL","Coolheaded","Cold Snap"],"picked":"SKIP","floor":27}],"player_experience":116322,"relics_obtained":[{"floor":6,"key":"Happy Flower"},{"floor":12,"key":"Blood Vial"},{"floor":14,"key":"Mummified Hand"},{"floor":25,"key":"Pen Nib"},{"floor":26,"key":"Torii"}],"event_choices":[{"damage_healed":0,"gold_gain":0,"player_choice":"Entered Light","damage_taken":15,"max_hp_gain":0,"max_hp_loss":0,"event_name":"Shining Light","floor":3,"gold_loss":0,"cards_upgraded":["Strike_B","Strike_B"]},{"damage_healed":0,"gold_gain":0,"player_choice":"Relic","damage_taken":0,"max_hp_gain":0,"max_hp_loss":0,"event_name":"Wheel of Change","floor":12,"gold_loss":0},{"damage_healed":0,"gold_gain":0,"player_choice":"Upgraded","damage_taken":0,"max_hp_gain":0,"max_hp_loss":0,"event_name":"Upgrade Shrine","floor":19,"gold_loss":0,"cards_upgraded":["Capacitor"]}],"is_beta":false,"boss_relics":[{"not_picked":["Tiny House","Philosopher\u0027s Stone"],"picked":"Nuclear Battery"}],"items_purged_floors":[11,21],"is_endless":false,"potions_floor_spawned":[4,5,6,10,18,20,25],"killed_by":"Slavers","ascension_level":2}}