{"host":"vm8b3ptwl81uq21f","time":1610466935,"event":{"mods":["Aspiration","BaseMod","BetterRewards","Colored Map","Colored Powertips","Downfall","GifTheSpireLib","Googly Eyes","GungeonMod","Halation","Hubris","Infinite Spire","Minty Spire (QoL Compilation)","Quick Restart","Rare Cards Sparkle","Replay The Spire","Shop Mod","Spicy Shops","StSLib","Stuff the Spire","The IronCluck","[IsaacMod]????"],"gold_per_floor":[124,142,161,177,189,224,224,224,249,282,282,320,320,353,353,481,481,504,504,522,145,160,160,184,184,184,184,202,215,231,255,275,275,280,406,406,427,427,26,44,58,58,113,179,250,250,0,18,39,83,83,83],"floor_reached":53,"playtime":2856,"items_purged":["DemoMod:RustySidearm","DemoMod:CrossBow","DemoMod:Defend_Huntress","DemoMod:Defend_Huntress"],"score":1221,"play_id":"c94eb4c9-20f2-4e19-bc53-985d7b401166","local_time":"20210112105535","is_ascension_mode":true,"campfire_choices":[{"data":"DemoMod:ManualReload","floor":8.0,"key":"SMITH"},{"data":"DemoMod:ConditionalReflex","floor":11.0,"key":"SMITH"},{"data":"DemoMod:AWP","floor":13.0,"key":"SMITH"},{"data":"DemoMod:SniperShot","floor":15.0,"key":"SMITH"},{"data":"DemoMod:ConditionalReflex","floor":23,"key":"SMITH"},{"data":"DemoMod:TableSutra","floor":25,"key":"SMITH"},{"data":"DemoMod:Unmoved","floor":27,"key":"SMITH"},{"data":"DemoMod:HardPowerCard","floor":33,"key":"SMITH"},{"data":"DemoMod:Behold!","floor":42,"key":"SMITH"},{"data":"DemoMod:StrategicReserve","floor":46,"key":"SMITH"},{"data":"DemoMod:PracticeMakesPerfect","floor":51,"key":"SMITH"}],"circlet_count":0,"master_deck":["DemoMod:Roll","DemoMod:ManualReload+1","DemoMod:AWP+1","DemoMod:HardPowerCard+1","DemoMod:StrategicReserve+1","DemoMod:SniperShot+1","DemoMod:PracticeMakesPerfect+1","DemoMod:TableSutra+1","DemoMod:ConditionalReflex+1","DemoMod:Unmoved+1","DemoMod:Replace+1","DemoMod:ConditionalReflex+1","DemoMod:HardPowerCard+1","DemoMod:AWP+1","DemoMod:Behold!+1","DemoMod:FastSwitch+1","DemoMod:HardPowerCard+1","DemoMod:ShadowBullets+1","DemoMod:Behold!+1"],"relics":["DemoMod:Dog","HushsDoor","MaYiHuaBei","ReplayTheSpireMod:TigerMarble","hubris:64BitClover","Nunchaku","Golden Idol","Toy Ornithopter","HowToJump","expansioncontent:StudyCardRelic","BelialBook","Bottled Flame","Singing Bowl","DemoMod:RatBoots","DemoMod:ResourcefulSack","DemoMod:PartiallyEatenCheese","DemoMod:Test1","SlaversCollar","Bottled Lightning","MerchantsRug","DemoMod:SilverBullets","Calipers","DemoMod:GlassGuonStoneRelic","aspiration:HummingbirdHeart","StuffTheSpire:BottledEssence","infinitespire:Golems Mask","Vajra","halation:WeightlessCrab"],"acts_visited":["Exordium","TheCity","DemoMod:Maze","TheBeyond"],"potions_floor_usage":[35,35,35,52,52],"damage_taken":[{"damage":0.0,"enemies":"Jaw Worm","floor":1.0,"turns":2.0},{"damage":0.0,"enemies":"2 Louse","floor":2.0,"turns":3.0},{"damage":0.0,"enemies":"Cultist","floor":3.0,"turns":3.0},{"damage":0.0,"enemies":"Large Slime","floor":4.0,"turns":2.0},{"damage":3.0,"enemies":"2 Fungi Beasts","floor":5.0,"turns":5.0},{"damage":3.0,"enemies":"Lagavulin","floor":6.0,"turns":7.0},{"damage":5.0,"enemies":"Gremlin Nob","floor":10.0,"turns":3.0},{"damage":0.0,"enemies":"Replay:BlueRogue","floor":12.0,"turns":3.0},{"damage":0.0,"enemies":"Lagavulin","floor":14.0,"turns":2.0},{"damage":10.0,"enemies":"The Guardian","floor":16.0,"turns":6.0},{"damage":0,"enemies":"Spheric Guardian","floor":18,"turns":2},{"damage":6,"enemies":"2 Thieves","floor":20,"turns":3},{"damage":0,"enemies":"Shelled Parasite and Fungi","floor":22,"turns":2},{"damage":7,"enemies":"Snecko","floor":24,"turns":3},{"damage":2,"enemies":"DemoMod:2_Veteran_bullet_kins_and_red_shotgun_kin","floor":28,"turns":3},{"damage":0,"enemies":"DemoMod:Red_and_blue_shotgun_kin","floor":29,"turns":2},{"damage":14,"enemies":"DemoMod:Veteran_shot_gun_kin_and_blue_shotgun_kin_with_gunsinger","floor":30,"turns":4},{"damage":10,"enemies":"DemoMod:Veteran_shot_gun_kin_and_red_shotgun_kin_with_gunsinger","floor":31,"turns":1},{"damage":0,"enemies":"DemoMod:Veteran_shot_gun_kin_and_blue_shotgun_kin","floor":32,"turns":3},{"damage":0,"enemies":"DemoMod:ResourcefulRat","floor":35,"turns":7},{"damage":0,"enemies":"3 Shapes","floor":37,"turns":3},{"damage":0,"enemies":"Orb Walker","floor":40,"turns":1},{"damage":0,"enemies":"Jaw Worm Horde","floor":41,"turns":2},{"damage":0,"enemies":"R_Hoarder","floor":43,"turns":3},{"damage":0,"enemies":"2 Orb Walkers","floor":44,"turns":2},{"damage":3,"enemies":"4 Shapes","floor":48,"turns":2},{"damage":0,"enemies":"Spire Growth","floor":49,"turns":2},{"damage":0,"enemies":"Giant Head","floor":50,"turns":2},{"damage":0,"enemies":"Time Eater","floor":52,"turns":5}],"seed_played":"-1487510562787007683","potions_obtained":[{"floor":2.0,"key":"AttackPotion"},{"floor":5.0,"key":"Dexterity Potion"},{"floor":6.0,"key":"LiquidMemories"},{"floor":10.0,"key":"ColorlessPotion"},{"floor":16.0,"key":"Strength Potion"},{"floor":28,"key":"DemoMod:LeadSkinPotion"},{"floor":35,"key":"SpeedPotion"},{"floor":43,"key":"GamblersBrew"},{"floor":44,"key":"Regen Potion"}],"is_trial":false,"path_per_floor":["M","M","M","M","M","E","?","R","T","E","R","E","R","E","R","B",null,"M","?","M","$","M","R","M","R","T","R","M","M","M","M","M","R","B","B",null,"M","?","$","M","M","R","E","?","T","R","$","M","M","E","R","B",null],"character_chosen":"HUNTRESS","items_purchased":["ReplayTheSpireMod:TigerMarble","DemoMod:AWP","DemoMod:HardPowerCard","DemoMod:GnawedKey","DemoMod:StrategicReserve","hubris:64BitClover","Bottled Flame","Bottled Lightning","MerchantsRug","DemoMod:ShadowBullets+1","StuffTheSpire:BottledEssence","DemoMod:LeadSkinPotion","Dexterity Potion","infinitespire:Golems Mask"],"campfire_rested":0,"item_purchase_floors":[0,0,0,0,0,0,21,39,39,39,47,47,47,47],"current_hp_per_floor":[45,45,45,45,42,39,39,39,39,39,39,39,39,39,39,29,65,65,65,59,59,59,59,52,52,65,65,63,63,49,41,43,43,13,30,71,71,71,71,73,73,73,75,77,77,77,77,76,78,80,80,83],"gold":83,"neow_bonus":"","is_daily":false,"chose_seed":false,"campfire_upgraded":11,"win_rate":0.0,"timestamp":1610466935,"path_taken":["M","M","M","M","M","E","?","R","T","E","R","E","R","E","R","BOSS","M","?","M","$","M","R","M","R","T","R","M","M","M","M","M","R","BOSS","BOSS","M","?","$","M","M","R","E","?","T","R","$","M","M","E","R","BOSS"],"items_purchased_type":["Relic","Card","Card","Relic","Card","Relic","Relic","Relic","Relic","Card","Relic","Undefined","Potion","Relic"],"build_version":"2020-12-22","purchased_purges":4,"victory":true,"max_hp_per_floor":[70,70,70,70,70,70,65,65,65,65,65,65,65,65,65,65,65,65,65,65,65,65,65,65,65,65,65,65,65,65,67,69,69,69,71,71,71,71,71,73,73,73,75,77,77,77,77,79,81,83,83,83],"card_choices":[{"not_picked":["DemoMod:SAA","DemoMod:ShadowBullets"],"picked":"DemoMod:SniperShot","floor":1.0},{"not_picked":["DemoMod:Polaris","DemoMod:ZorGun"],"picked":"DemoMod:PracticeMakesPerfect","floor":2.0},{"not_picked":["DemoMod:StickyCrossBow","DemoMod:HighKaliber"],"picked":"DemoMod:TableSutra","floor":3.0},{"not_picked":["DemoMod:ShadowBullets","DemoMod:Rummage","DemoMod:RadGun"],"picked":"SKIP","floor":4.0},{"not_picked":["DemoMod:Casey","DemoMod:CursedBullets"],"picked":"DemoMod:ConditionalReflex","floor":5.0},{"not_picked":["DemoMod:ChanceBullets","DemoMod:LifeOrb","DemoMod:DoubleSwitch"],"picked":"SKIP","floor":6.0},{"not_picked":["DemoMod:Ejector","DemoMod:GunstockTap"],"picked":"DemoMod:Purify","floor":10.0},{"not_picked":["DemoMod:ProbeStrike","DemoMod:HighKaliber"],"picked":"DemoMod:Purify","floor":12.0},{"not_picked":["DemoMod:GunShield","DemoMod:Polaris"],"picked":"DemoMod:Unmoved","floor":14.0},{"not_picked":["DemoMod:SAA","DemoMod:HuntsMan","DemoMod:LifeOrb"],"picked":"SKIP","floor":18},{"not_picked":["DemoMod:Unmoved","DemoMod:ZorGun"],"picked":"DemoMod:Replace+1","floor":20},{"not_picked":["DemoMod:PotionOfGunFriendShip+1","DemoMod:TableSutra+1"],"picked":"DemoMod:ConditionalReflex","floor":22},{"not_picked":["DemoMod:GunstockTap","DemoMod:DirectionalPad"],"picked":"DemoMod:HardPowerCard+1","floor":24},{"not_picked":["DemoMod:PracticeMakesPerfect","DemoMod:HungryBullets+1"],"picked":"DemoMod:AWP+1","floor":28},{"not_picked":["DemoMod:StickyCrossBow","DemoMod:DirectionalPad"],"picked":"DemoMod:Purify","floor":29},{"not_picked":["DemoMod:GunShield+1","DemoMod:SAA+1","DemoMod:PotionOfGunFriendShip+1"],"picked":"SKIP","floor":30},{"not_picked":["DemoMod:GunstockTap+1","DemoMod:SAA+1","DemoMod:Casey+1"],"picked":"Singing Bowl","floor":31},{"not_picked":["DemoMod:Casey+1","DemoMod:ProbeStrike+1","DemoMod:ConditionalReflex"],"picked":"Singing Bowl","floor":32},{"not_picked":["DemoMod:Elimentaler"],"picked":"Singing Bowl","floor":35},{"not_picked":["DemoMod:Eureka","DemoMod:FightSabre"],"picked":"DemoMod:Behold!","floor":35},{"not_picked":["DemoMod:TeaPot+1","DemoMod:StrategicReserve+1"],"picked":"DemoMod:FastSwitch+1","floor":36},{"not_picked":["DemoMod:BoxingGlove+1","DemoMod:Unity+1"],"picked":"DemoMod:HardPowerCard+1","floor":37},{"not_picked":["DemoMod:TableSutra","DemoMod:AC15","DemoMod:GunstockTap+1"],"picked":"Singing Bowl","floor":40},{"not_picked":["DemoMod:PracticeMakesPerfect","DemoMod:Ejector"],"picked":"DemoMod:Behold!","floor":41},{"not_picked":["DemoMod:AWP+1","DemoMod:SAA+1","DemoMod:BoxingGlove+1"],"picked":"Singing Bowl","floor":43},{"not_picked":["DemoMod:BoxingGlove+1","DemoMod:ShadowBullets","DemoMod:AC15+1"],"picked":"Singing Bowl","floor":44},{"not_picked":["DemoMod:TeaPot","DemoMod:FinishedGun","DemoMod:HungryBullets+1"],"picked":"Singing Bowl","floor":48},{"not_picked":["DemoMod:BattleInHaste","DemoMod:CombinedRifle+1","DemoMod:FastSwitch"],"picked":"Singing Bowl","floor":49},{"not_picked":["DemoMod:Unity","DemoMod:ConditionalReflex","DemoMod:JK47"],"picked":"Singing Bowl","floor":50}],"player_experience":372108,"relics_obtained":[{"floor":6.0,"key":"Nunchaku"},{"floor":9.0,"key":"Toy Ornithopter"},{"floor":10.0,"key":"HowToJump"},{"floor":12.0,"key":"Boot"},{"floor":14.0,"key":"halation:PrussianBluePaint"},{"floor":18,"key":"BelialBook"},{"floor":31,"key":"Singing Bowl"},{"floor":36,"key":"DemoMod:RatBoots"},{"floor":36,"key":"DemoMod:ResourcefulSack"},{"floor":36,"key":"DemoMod:PartiallyEatenCheese"},{"floor":36,"key":"DemoMod:Test1"},{"floor":36,"key":"SlaversCollar"},{"floor":43,"key":"DemoMod:SilverBullets"},{"floor":44,"key":"Calipers"},{"floor":45,"key":"aspiration:HummingbirdHeart"},{"floor":49,"key":"Vajra"},{"floor":50,"key":"halation:WeightlessCrab"}],"event_choices":[{"damage_healed":0.0,"max_hp_gain":0.0,"max_hp_loss":5.0,"gold_gain":0.0,"event_name":"Golden Idol","player_choice":"Lose Max HP","floor":7.0,"gold_loss":0.0,"damage_taken":0.0,"relics_obtained":["Golden Idol"]},{"damage_healed":0,"gold_gain":0,"player_choice":"Fight","damage_taken":0,"max_hp_gain":0,"max_hp_loss":0,"event_name":"Mysterious Sphere","floor":44,"gold_loss":0}],"is_beta":false,"boss_relics":[{"not_picked":["Astrolabe","aspiration:RunicSpoon"],"picked":"expansioncontent:StudyCardRelic"},{"not_picked":[]},{"not_picked":[]}],"items_purged_floors":[0,0,21,39],"is_endless":false,"potions_floor_spawned":[2,5,6,10,14,16,20,24,28,30,32,35,43,44,48],"ascension_level":3}}