{"host":"i0avyit1s6jb1siw","time":1610466624,"event":{"mods":["BaseMod","DeckTracker","Dota2Spire","Highlight Path","Minty Spire (QoL Compilation)","Quick Restart","StSLib","SuperFastMode"],"gold_per_floor":[169,169,169,183,203,203,37,86,86,150,75,124,24,0,0,121,121,145,145,70,114,29,29,29,79,102,145,145,145,145,206,206,312,312,324,324,370,92,0,0,55,55,101,113,190,240,298,298,298,328,388,388,388,72,72,72],"floor_reached":55,"playtime":1473,"items_purged":["Strike_G","Strike_G"],"score":1861,"play_id":"ed383301-6393-4086-b85a-fd171bbddfa3","local_time":"20210112165023","is_ascension_mode":true,"campfire_choices":[{"data":"Blade Dance","floor":6,"key":"SMITH"},{"floor":15,"key":"REST"},{"floor":23,"key":"REST"},{"data":"Adrenaline","floor":29,"key":"SMITH"},{"data":"Cloak And Dagger","floor":32,"key":"SMITH"},{"data":"Blade Dance","floor":40,"key":"SMITH"},{"floor":42,"key":"RECALL"},{"floor":49,"key":"REST"},{"floor":53,"key":"REST"}],"circlet_count":0,"master_deck":["AscendersBane","Defend_G","Defend_G","Defend_G","Defend_G","Survivor","Neutralize","Blade Dance+1","Finisher","Noxious Fumes","Predator","A Thousand Cuts","Blade Dance+1","Adrenaline+1","Leg Sweep","Cloak And Dagger+1","Deflect+1","PiercingWail+1","Backflip+1","Accuracy+1","Terror+1","Accuracy","Infinite Blades+1","Dodge and Roll+1"],"relics":["Tiny House","Bloody Idol","Dota2Spire:HandOfMidas","Question Card","Ornamental Fan","WristBlade","Nilry\u0027s Codex","Juzu Bracelet","Dota2Spire:PowerTreads","Dota2Spire:BladeMail","Empty Cage","Kunai","Red Mask","Dota2Spire:ArmletOfMordiggian","MealTicket","Orrery"],"acts_visited":["Exordium","TheCity","TheBeyond","TheEnding"],"potions_floor_usage":[10,16,33,50,55],"damage_taken":[{"damage":6,"enemies":"Jaw Worm","floor":1,"turns":4},{"damage":7,"enemies":"Small Slimes","floor":4,"turns":3},{"damage":3,"enemies":"2 Louse","floor":5,"turns":3},{"damage":0,"enemies":"Looter","floor":8,"turns":1},{"damage":10,"enemies":"3 Sentries","floor":10,"turns":8},{"damage":23,"enemies":"Gremlin Gang","floor":12,"turns":6},{"damage":14,"enemies":"Slime Boss","floor":16,"turns":5},{"damage":6,"enemies":"Shell Parasite","floor":18,"turns":2},{"damage":7,"enemies":"Spheric Guardian","floor":21,"turns":3},{"damage":18,"enemies":"Cultist and Chosen","floor":25,"turns":7},{"damage":4,"enemies":"Snake Plant","floor":27,"turns":5},{"damage":14,"enemies":"Book of Stabbing","floor":31,"turns":6},{"damage":29,"enemies":"Champ","floor":33,"turns":11},{"damage":0,"enemies":"Orb Walker","floor":35,"turns":2},{"damage":8,"enemies":"3 Darklings","floor":37,"turns":5},{"damage":20,"enemies":"Reptomancer","floor":41,"turns":4},{"damage":9,"enemies":"Spire Growth","floor":44,"turns":3},{"damage":1,"enemies":"Sphere and 2 Shapes","floor":45,"turns":8},{"damage":20,"enemies":"Writhing Mass","floor":46,"turns":10},{"damage":46,"enemies":"Nemesis","floor":47,"turns":9},{"damage":22,"enemies":"Donu and Deca","floor":50,"turns":9},{"damage":16,"enemies":"Awakened One","floor":51,"turns":11},{"damage":79,"enemies":"Shield and Spear","floor":55,"turns":3}],"seed_played":"8343253672709744851","potions_obtained":[{"floor":0,"key":"DistilledChaos"},{"floor":1,"key":"Dota2Spire:Clarity"},{"floor":10,"key":"BlessingOfTheForge"},{"floor":21,"key":"DuplicationPotion"},{"floor":31,"key":"Energy Potion"},{"floor":35,"key":"Fire Potion"},{"floor":45,"key":"LiquidMemories"}],"is_trial":false,"path_per_floor":["M","?","?","M","M","R","$","M","T","E","$","M","$","?","R","B",null,"M","?","?","M","?","R","?","M","T","M","?","R","?","E","R","B",null,"M","?","M","$","?","R","E","R","T","M","M","M","E","?","R","B","B",null,"R","$","E"],"character_chosen":"THE_SILENT","items_purchased":["Dota2Spire:HandOfMidas","Kunai","Accuracy","Strength Potion","Orrery"],"campfire_rested":4,"item_purchase_floors":[7,38,54,54,54],"current_hp_per_floor":[58,58,58,51,48,48,48,48,48,38,38,15,15,15,34,20,53,47,26,26,19,19,38,38,30,35,41,41,41,41,37,37,18,53,58,58,60,60,60,60,50,50,55,51,64,54,18,18,37,20,14,52,64,64,0,0],"gold":72,"neow_bonus":"BOSS_RELIC","is_daily":false,"chose_seed":false,"campfire_upgraded":4,"win_rate":0.0,"timestamp":1610466623,"path_taken":["M","?","?","M","M","R","$","M","T","E","$","M","$","?","R","BOSS","M","?","?","M","?","R","?","M","T","M","?","R","?","E","R","BOSS","M","?","M","$","?","R","E","R","T","M","M","M","E","?","R","BOSS","BOSS","R","$","E"],"items_purchased_type":["Relic","Relic","Card","Potion","Relic"],"build_version":"2020-12-22","purchased_purges":2,"victory":false,"max_hp_per_floor":[71,71,64,64,64,64,64,64,64,64,64,64,64,64,64,64,64,64,64,64,64,64,64,64,64,64,64,64,64,64,64,64,64,64,64,64,64,64,64,64,64,64,64,64,64,64,64,64,64,64,64,64,64,64,64,64],"card_choices":[{"not_picked":["Calculated Gamble","Slice"],"picked":"Blade Dance","floor":0},{"not_picked":["Blade Dance","Noxious Fumes"],"picked":"Finisher","floor":1},{"not_picked":["Backflip","Tactician"],"picked":"Noxious Fumes","floor":4},{"not_picked":["Underhanded Strike","Sucker Punch","Prepared"],"picked":"SKIP","floor":5},{"not_picked":["Choke","Dodge and Roll","Predator"],"picked":"SKIP","floor":8},{"not_picked":["Choke","Dodge and Roll"],"picked":"Predator","floor":8},{"not_picked":["Setup","Dodge and Roll","Calculated Gamble"],"picked":"A Thousand Cuts","floor":10},{"not_picked":["Choke","Outmaneuver","Cloak And Dagger"],"picked":"Blade Dance","floor":12},{"not_picked":["Malaise","Envenom","Tools of the Trade"],"picked":"Adrenaline","floor":16},{"not_picked":["Expertise","Quick Slash","Deadly Poison"],"picked":"Leg Sweep","floor":18},{"not_picked":["Sucker Punch","Calculated Gamble","Dagger Throw"],"picked":"Cloak And Dagger","floor":21},{"not_picked":["Underhanded Strike+1","Sucker Punch","Poisoned Stab"],"picked":"Deflect+1","floor":25},{"not_picked":["Prepared","Underhanded Strike","Distraction","Tactician"],"picked":"SKIP","floor":27},{"not_picked":["Tactician","Calculated Gamble","Backstab"],"picked":"PiercingWail+1","floor":31},{"not_picked":["Flying Knee","Blur","Leg Sweep+1","Dagger Spray"],"picked":"SKIP","floor":35},{"not_picked":["Sucker Punch","Blur+1","Tactician","Leg Sweep+1"],"picked":"SKIP","floor":37},{"not_picked":["Leg Sweep","Backstab+1","Bouncing Flask","Deflect"],"picked":"SKIP","floor":41},{"not_picked":["Blur","Prepared+1","Riddle With Holes"],"picked":"Backflip+1","floor":44},{"not_picked":["PiercingWail","Dagger Throw","Acrobatics","Eviscerate"],"picked":"SKIP","floor":45},{"not_picked":["Deadly Poison","Infinite Blades","All Out Attack+1"],"picked":"Accuracy+1","floor":46},{"not_picked":["Dodge and Roll","Backflip","Skewer+1"],"picked":"Terror+1","floor":47},{"not_picked":["Sucker Punch","Storm of Steel","Deadly Poison+1"],"picked":"Infinite Blades+1","floor":54},{"not_picked":["PiercingWail","Finisher","Backflip"],"picked":"Dodge and Roll+1","floor":54}],"player_experience":2216251,"relics_obtained":[{"floor":9,"key":"Question Card"},{"floor":10,"key":"Ornamental Fan"},{"floor":19,"key":"Nilry\u0027s Codex"},{"floor":26,"key":"Dota2Spire:PowerTreads"},{"floor":31,"key":"Dota2Spire:BladeMail"},{"floor":41,"key":"Dota2Spire:ArmletOfMordiggian"},{"floor":47,"key":"MealTicket"}],"event_choices":[{"damage_healed":0,"gold_gain":0,"player_choice":"Ignored","damage_taken":0,"max_hp_gain":0,"max_hp_loss":0,"event_name":"Liars Game","floor":2,"gold_loss":0},{"damage_healed":0,"gold_gain":0,"player_choice":"Lose Max HP","damage_taken":0,"relics_obtained":["Golden Idol"],"max_hp_gain":0,"max_hp_loss":7,"event_name":"Golden Idol","floor":3,"gold_loss":0},{"damage_healed":0,"gold_gain":0,"player_choice":"Left Gold","damage_taken":0,"max_hp_gain":0,"max_hp_loss":0,"event_name":"World of Goop","floor":14,"gold_loss":24},{"damage_healed":0,"gold_gain":0,"player_choice":"Obtained Book","damage_taken":21,"max_hp_gain":0,"max_hp_loss":0,"event_name":"Cursed Tome","floor":19,"gold_loss":0},{"cards_removed":["Strike_G"],"damage_healed":0,"gold_gain":0,"player_choice":"Gave Gold","damage_taken":0,"max_hp_gain":0,"max_hp_loss":0,"event_name":"Beggar","floor":20,"gold_loss":75},{"damage_healed":0,"gold_gain":0,"player_choice":"Obtained Relic","damage_taken":0,"relics_obtained":["Juzu Bracelet"],"max_hp_gain":0,"max_hp_loss":0,"event_name":"Addict","floor":22,"gold_loss":85},{"damage_healed":0,"gold_gain":0,"player_choice":"Gave Idol","damage_taken":0,"relics_obtained":["Bloody Idol"],"max_hp_gain":0,"max_hp_loss":0,"event_name":"Forgotten Altar","floor":24,"relics_lost":["Golden Idol"],"gold_loss":0},{"damage_healed":0,"gold_gain":0,"player_choice":"Ignored","damage_taken":0,"max_hp_gain":0,"max_hp_loss":0,"event_name":"The Mausoleum","floor":28,"gold_loss":0},{"damage_healed":0,"gold_gain":0,"player_choice":"Ignored","damage_taken":0,"max_hp_gain":0,"max_hp_loss":0,"event_name":"Ghosts","floor":30,"gold_loss":0},{"cards_removed":["Strike_G"],"damage_healed":0,"gold_gain":0,"player_choice":"Removed Attack","damage_taken":0,"max_hp_gain":0,"max_hp_loss":0,"event_name":"Falling","floor":36,"gold_loss":0},{"damage_healed":0,"gold_gain":0,"player_choice":"Paid","damage_taken":0,"relics_obtained":["Red Mask"],"max_hp_gain":0,"max_hp_loss":0,"event_name":"Tomb of Lord Red Mask","floor":39,"gold_loss":92},{"damage_healed":0,"gold_gain":0,"player_choice":"Got Potions","damage_taken":0,"max_hp_gain":0,"max_hp_loss":0,"event_name":"Lab","floor":48,"gold_loss":0}],"is_beta":false,"boss_relics":[{"not_picked":["Runic Dome","Ectoplasm"],"picked":"WristBlade"},{"not_picked":["Pandora\u0027s Box","SlaversCollar"],"picked":"Empty Cage"}],"items_purged_floors":[11,13],"is_endless":false,"potions_floor_spawned":[1,10,21,27,31,35,44,45],"killed_by":"Shield and Spear","ascension_level":20}}