{"host":"oigynbtg272c19pw","time":1610461452,"event":{"mods":["BaseMod","Colored Map","Minty Spire (QoL Compilation)","Relic Stats","StSLib"],"gold_per_floor":[118,118,134,150,168,168,182,182,182,210,223,241,274,291,291,367,367,382,36,78,113,150,150,150],"floor_reached":23,"playtime":1307,"items_purged":["Strike_P"],"score":518,"play_id":"c5a17107-1ee4-4522-83fe-f7d3907a9a06","local_time":"20210112152412","is_ascension_mode":true,"campfire_choices":[{"data":"ThirdEye","floor":6.0,"key":"SMITH"},{"data":"SignatureMove","floor":8.0,"key":"SMITH"},{"data":"Adaptation","floor":15.0,"key":"SMITH"}],"circlet_count":0,"master_deck":["AscendersBane","Strike_P","Strike_P","Defend_P","Defend_P","Defend_P","Defend_P","Eruption","Vigilance","JustLucky","SignatureMove+1","FlurryOfBlows","ThirdEye+1","Tantrum","Devotion","Adaptation+1","Brilliance","InnerPeace","Wish","CutThroughFate","EmptyFist","SashWhip+1","Worship"],"relics":["PureWater","Pen Nib","Pocketwatch","Blue Candle","CloakClasp","Runic Pyramid","Shuriken"],"acts_visited":["Exordium","TheCity"],"potions_floor_usage":[21,23],"damage_taken":[{"damage":0.0,"enemies":"Jaw Worm","floor":1.0,"turns":3.0},{"damage":0.0,"enemies":"Cultist","floor":3.0,"turns":3.0},{"damage":1.0,"enemies":"2 Louse","floor":4.0,"turns":4.0},{"damage":0.0,"enemies":"Looter","floor":5.0,"turns":2.0},{"damage":14.0,"enemies":"3 Louse","floor":7.0,"turns":3.0},{"damage":0.0,"enemies":"Lagavulin","floor":10.0,"turns":2.0},{"damage":0.0,"enemies":"2 Fungi Beasts","floor":11.0,"turns":2.0},{"damage":0.0,"enemies":"Red Slaver","floor":12.0,"turns":3.0},{"damage":8.0,"enemies":"Gremlin Nob","floor":13.0,"turns":3.0},{"damage":0.0,"enemies":"Looter","floor":14.0,"turns":2.0},{"damage":9.0,"enemies":"The Guardian","floor":16.0,"turns":8.0},{"damage":0.0,"enemies":"Chosen","floor":18.0,"turns":3.0},{"damage":0.0,"enemies":"Spheric Guardian","floor":20.0,"turns":3.0},{"damage":6,"enemies":"Chosen and Byrds","floor":21,"turns":5},{"damage":14,"enemies":"Shelled Parasite and Fungi","floor":22,"turns":6},{"damage":66,"enemies":"Slavers","floor":23,"turns":4}],"seed_played":"-1502927845394202945","potions_obtained":[{"floor":3.0,"key":"Regen Potion"},{"floor":10.0,"key":"Fruit Juice"},{"floor":13.0,"key":"Ambrosia"},{"floor":14.0,"key":"Fire Potion"},{"floor":21,"key":"Energy Potion"}],"is_trial":false,"path_per_floor":["M","?","M","M","M","R","M","R","T","E","M","M","E","M","R","B",null,"M","$","M","M","M","E"],"character_chosen":"WATCHER","items_purchased":["Shuriken"],"campfire_rested":0,"item_purchase_floors":[19],"current_hp_per_floor":[61,61,61,60,60,60,46,46,46,51,51,51,43,43,43,34,63,63,63,63,57,43,0,0],"gold":150,"neow_bonus":"RANDOM_COMMON_RELIC","is_daily":false,"chose_seed":false,"campfire_upgraded":3,"win_rate":0.0,"timestamp":1610461452,"path_taken":["M","?","M","M","?","R","M","R","T","E","M","M","E","M","R","BOSS","M","$","M","M","M","E"],"items_purchased_type":["Relic"],"build_version":"2020-12-13","purchased_purges":1,"victory":false,"max_hp_per_floor":[68,68,68,68,68,68,68,68,68,73,73,73,73,73,73,73,73,73,73,73,73,73,73,73],"relic_stats":{"counters":[16,56],"Shuriken":[8],"Blue Candle":[0],"Pen Nib":[12],"CloakClasp":[116],"obtain_stats":[{"Shuriken":19,"Blue Candle":10,"Pen Nib":0,"CloakClasp":13,"PureWater":0,"Pocketwatch":9,"Runic Pyramid":17},{"Shuriken":12,"Blue Candle":6,"Pen Nib":0,"CloakClasp":9,"PureWater":0,"Pocketwatch":5,"Runic Pyramid":11},{"Shuriken":38,"Blue Candle":17,"Pen Nib":0,"CloakClasp":25,"PureWater":0,"Pocketwatch":15,"Runic Pyramid":35}],"Pocketwatch":[31]},"card_choices":[{"not_picked":["SashWhip","Protect"],"picked":"JustLucky","floor":1.0},{"not_picked":["BattleHymn","Nirvana"],"picked":"SignatureMove","floor":3.0},{"not_picked":["LikeWater","CrushJoints"],"picked":"FlurryOfBlows","floor":4.0},{"not_picked":["FlyingSleeves","Evaluate"],"picked":"ThirdEye","floor":5.0},{"not_picked":["Consecrate","PathToVictory"],"picked":"Tantrum","floor":7.0},{"not_picked":["Prostrate","ClearTheMind"],"picked":"Devotion","floor":10.0},{"not_picked":["BattleHymn","CrushJoints","Crescendo"],"picked":"SKIP","floor":11.0},{"not_picked":["FlurryOfBlows","MentalFortress"],"picked":"Adaptation","floor":12.0},{"not_picked":["Consecrate","Halt"],"picked":"Brilliance","floor":13.0},{"not_picked":["ReachHeaven","WindmillStrike"],"picked":"InnerPeace","floor":14.0},{"not_picked":["ConjureBlade","Establishment"],"picked":"Wish","floor":16.0},{"not_picked":["FlyingSleeves","EmptyBody"],"picked":"CutThroughFate","floor":18.0},{"not_picked":["ThirdEye","LikeWater"],"picked":"EmptyFist","floor":20.0},{"not_picked":["EmptyFist","SashWhip+1","Crescendo"],"picked":"SKIP","floor":21},{"not_picked":["EmptyFist","SashWhip+1","Crescendo"],"picked":"SKIP","floor":21},{"not_picked":["EmptyFist","Crescendo"],"picked":"SashWhip+1","floor":21},{"not_picked":["FollowUp","ClearTheMind"],"picked":"Worship","floor":22}],"player_experience":1369735,"relics_obtained":[{"floor":9.0,"key":"Pocketwatch"},{"floor":10.0,"key":"Blue Candle"},{"floor":13.0,"key":"CloakClasp"}],"event_choices":[{"cards_removed":["Strike_P"],"damage_healed":0.0,"max_hp_gain":0.0,"max_hp_loss":0.0,"gold_gain":0.0,"event_name":"Purifier","player_choice":"Purged","floor":2.0,"gold_loss":0.0,"damage_taken":0.0}],"is_beta":false,"boss_relics":[{"not_picked":["HolyWater","Runic Dome"],"picked":"Runic Pyramid"}],"items_purged_floors":[19],"is_endless":false,"potions_floor_spawned":[3,10,13,14,21],"killed_by":"Slavers","ascension_level":20}}