{"host":"dowi7cgbhepuzvpj","time":1610480906,"event":{"mods":["AchievementEnabler","BaseMod","Colored Map","Highlight Path","Keyboard Shortcuts","Minty Spire (QoL Compilation)","Permanent Neow","Quick Restart","StSLib","SuperFastMode"],"gold_per_floor":[116,2,15,15,25,25,36,36,36,50,61,29,29,42,42,118,118,133,54,54,69,69,69,5,16,43,55,55,88,88,101,101,176,176,194,194,63,83,111,111,130,130,179,45,45,19,19,33,33,33,33],"floor_reached":50,"playtime":1747,"items_purged":["Strike_G"],"score":1100,"play_id":"5d1623fe-f732-4b6b-bd99-4f5c91086c19","local_time":"20210113044826","is_ascension_mode":true,"campfire_choices":[{"data":"Neutralize","floor":6.0,"key":"SMITH"},{"data":"Cloak And Dagger","floor":8.0,"key":"SMITH"},{"data":"Accuracy","floor":15.0,"key":"SMITH"},{"floor":23.0,"key":"REST"},{"floor":28.0,"key":"REST"},{"floor":30,"key":"REST"},{"floor":32,"key":"REST"},{"floor":40,"key":"REST"},{"data":"Strike_G","floor":45,"key":"PURGE"},{"floor":47,"key":"REST"},{"data":"Defend_G","floor":49,"key":"PURGE"}],"circlet_count":0,"master_deck":["AscendersBane","Strike_G","Defend_G","Defend_G","Defend_G","Defend_G","Survivor","Neutralize+1","Malaise","Cloak And Dagger+1","Blade Dance","Blur","Accuracy+1","Leg Sweep","Heel Hook","Heel Hook","Backflip","Finisher+1","Well Laid Plans","After Image","Calculated Gamble+1","Flash of Steel+1","Expertise+1","Infinite Blades","PiercingWail","Blade Dance","A Thousand Cuts","A Thousand Cuts","CurseOfTheBell","Adrenaline","Footwork+1","Bullet Time","Well Laid Plans"],"relics":["Ring of the Snake","The Courier","Fusion Hammer","Singing Bowl","Regal Pillow","Lantern","Calling Bell","CeramicFish","Mercury Hourglass","Peace Pipe","Anchor","Whetstone"],"acts_visited":["Exordium","TheCity","TheBeyond"],"potions_floor_usage":[48,50,50],"damage_taken":[{"damage":0.0,"enemies":"Cultist","floor":1.0,"turns":5.0},{"damage":0.0,"enemies":"2 Louse","floor":3.0,"turns":3.0},{"damage":0.0,"enemies":"Jaw Worm","floor":5.0,"turns":3.0},{"damage":22.0,"enemies":"Exordium Thugs","floor":7.0,"turns":5.0},{"damage":1.0,"enemies":"Exordium Wildlife","floor":10.0,"turns":7.0},{"damage":0.0,"enemies":"2 Fungi Beasts","floor":11.0,"turns":3.0},{"damage":3.0,"enemies":"Exordium Thugs","floor":14.0,"turns":4.0},{"damage":0.0,"enemies":"Hexaghost","floor":16.0,"turns":7.0},{"damage":1.0,"enemies":"Shell Parasite","floor":18.0,"turns":5.0},{"damage":3.0,"enemies":"Chosen","floor":21.0,"turns":5.0},{"damage":9.0,"enemies":"Snake Plant","floor":25.0,"turns":6.0},{"damage":0.0,"enemies":"Centurion and Healer","floor":27.0,"turns":6.0},{"damage":0,"enemies":"Gremlin Leader","floor":29,"turns":5},{"damage":17,"enemies":"Shelled Parasite and Fungi","floor":31,"turns":4},{"damage":0,"enemies":"Automaton","floor":33,"turns":8},{"damage":72,"enemies":"3 Shapes","floor":35,"turns":5},{"damage":0,"enemies":"Orb Walker","floor":38,"turns":3},{"damage":8,"enemies":"Jaw Worm Horde","floor":39,"turns":5},{"damage":7,"enemies":"Maw","floor":41,"turns":7},{"damage":31,"enemies":"3 Darklings","floor":48,"turns":5},{"damage":58,"enemies":"Time Eater","floor":50,"turns":6}],"seed_played":"-3981487204403331303","potions_obtained":[{"floor":1.0,"key":"AttackPotion"},{"floor":7.0,"key":"PowerPotion"},{"floor":11.0,"key":"FearPotion"},{"floor":25.0,"key":"SpeedPotion"},{"floor":31,"key":"Ancient Potion"},{"floor":41,"key":"Regen Potion"},{"floor":48,"key":"DuplicationPotion"}],"is_trial":false,"path_per_floor":["M","$","M","?","M","R","M","R","T","M","M","$","?","M","R","B",null,"M","$","?","M","?","R","$","M","T","M","R","E","R","M","R","B",null,"M","?","$","M","M","R","M","?","T","$","R","$","R","M","R","B"],"character_chosen":"THE_SILENT","items_purchased":["Blur","Finisher","Flash of Steel","Infinite Blades","Adrenaline","Whetstone","Well Laid Plans"],"campfire_rested":6,"item_purchase_floors":[2,12,19,24,37,44,46],"current_hp_per_floor":[44,44,44,49,49,49,27,27,27,26,26,26,26,23,23,23,59,58,58,38,35,35,57,57,48,48,48,76,76,76,61,78,78,78,8,8,8,10,2,41,34,34,34,34,34,34,73,44,44,1,1],"gold":33,"neow_bonus":"TRANSFORM_TWO_CARDS","is_daily":false,"chose_seed":false,"campfire_upgraded":3,"win_rate":0.0,"timestamp":1610480906,"path_taken":["M","?","M","?","?","R","M","R","T","M","M","$","?","M","R","BOSS","M","$","?","M","?","R","?","M","T","?","R","E","R","M","R","BOSS","M","?","$","M","M","R","?","?","T","?","R","$","R","M","R","BOSS"],"items_purchased_type":["Card","Card","Card","Card","Card","Relic","Card"],"build_version":"2020-12-22","purchased_purges":1,"victory":false,"max_hp_per_floor":[66,66,66,71,71,71,71,71,71,71,71,71,71,71,71,71,71,71,71,76,76,76,76,76,76,76,76,76,76,76,78,78,78,78,80,80,80,82,82,82,82,82,82,82,82,82,82,84,84,84,84],"card_choices":[{"not_picked":["Tactician","Outmaneuver"],"picked":"Blade Dance","floor":1.0},{"not_picked":["Deflect","Outmaneuver"],"picked":"Accuracy","floor":3.0},{"not_picked":["Acrobatics","Prepared"],"picked":"Leg Sweep","floor":5.0},{"not_picked":["Predator","Dagger Throw"],"picked":"Heel Hook","floor":7.0},{"not_picked":["Deadly Poison","Bane"],"picked":"Heel Hook","floor":10.0},{"not_picked":["Deadly Poison","Dagger Spray"],"picked":"Backflip","floor":11.0},{"not_picked":["Choke","Expertise"],"picked":"Well Laid Plans","floor":14.0},{"not_picked":["Malaise","Tools of the Trade"],"picked":"After Image","floor":16.0},{"not_picked":["Deadly Poison","Bane"],"picked":"Calculated Gamble+1","floor":18.0},{"not_picked":["Masterful Stab","Eviscerate"],"picked":"Expertise+1","floor":21.0},{"not_picked":["Bouncing Flask","Skewer"],"picked":"PiercingWail","floor":25.0},{"not_picked":["Deadly Poison","Slice"],"picked":"Blade Dance","floor":27.0},{"not_picked":["Cloak And Dagger","Bane"],"picked":"A Thousand Cuts","floor":29},{"not_picked":["Eviscerate","Deflect","Flying Knee"],"picked":"Singing Bowl","floor":31},{"not_picked":["Glass Knife","Malaise"],"picked":"A Thousand Cuts","floor":33},{"not_picked":["Well Laid Plans+1","Poisoned Stab","Sucker Punch"],"picked":"Singing Bowl","floor":35},{"not_picked":["Outmaneuver","Flying Knee","Catalyst"],"picked":"Singing Bowl","floor":38},{"not_picked":["Bouncing Flask","Deflect"],"picked":"Footwork+1","floor":39},{"not_picked":["Skewer","Riddle With Holes"],"picked":"Bullet Time","floor":41},{"not_picked":["Slice","Dagger Throw","Calculated Gamble+1"],"picked":"Singing Bowl","floor":48}],"player_experience":805749,"relics_obtained":[{"floor":9.0,"key":"The Courier"},{"floor":26.0,"key":"Regal Pillow"},{"floor":29,"key":"Lantern"},{"floor":34,"key":"CeramicFish"},{"floor":34,"key":"Mercury Hourglass"},{"floor":34,"key":"Peace Pipe"},{"floor":43,"key":"Anchor"}],"event_choices":[{"damage_healed":0.0,"max_hp_gain":5.0,"max_hp_loss":0.0,"gold_gain":0.0,"event_name":"Big Fish","player_choice":"Donut","floor":4.0,"gold_loss":0.0,"damage_taken":0.0},{"damage_healed":0.0,"max_hp_gain":0.0,"max_hp_loss":0.0,"gold_gain":0.0,"event_name":"Golden Idol","player_choice":"Ignored","floor":13.0,"gold_loss":0.0,"damage_taken":0.0},{"damage_healed":0.0,"max_hp_gain":5.0,"max_hp_loss":0.0,"gold_gain":0.0,"event_name":"Forgotten Altar","player_choice":"Shed Blood","floor":20.0,"gold_loss":0.0,"damage_taken":25.0},{"damage_healed":0.0,"max_hp_gain":0.0,"max_hp_loss":0.0,"gold_gain":0.0,"event_name":"The Mausoleum","player_choice":"Opened","floor":22.0,"gold_loss":0.0,"damage_taken":0.0,"relics_obtained":["Singing Bowl"],"cards_obtained":["Writhe"]},{"cards_removed":["Writhe"],"damage_healed":0,"gold_gain":0,"player_choice":"Removed Curses","damage_taken":0,"max_hp_gain":0,"max_hp_loss":0,"event_name":"Fountain of Cleansing","floor":36,"gold_loss":0},{"damage_healed":0,"gold_gain":0,"player_choice":"Got Potions","damage_taken":0,"max_hp_gain":0,"max_hp_loss":0,"event_name":"Lab","floor":42,"gold_loss":0}],"is_beta":false,"boss_relics":[{"not_picked":["Runic Dome","Ectoplasm"],"picked":"Fusion Hammer"},{"not_picked":["Coffee Dripper","Philosopher\u0027s Stone"],"picked":"Calling Bell"}],"items_purged_floors":[2],"is_endless":false,"potions_floor_spawned":[1,7,11,25,31,41,48],"killed_by":"Time Eater","ascension_level":18}}