{"host":"ds1yr10zonoc6w4a","time":1610492399,"event":{"mods":["BaseMod","Better Match","Better Third Choice","BetterRewards","Energized Spire","Minty Spire (QoL Compilation)","StSLib","The Animator"],"gold_per_floor":[125,125,50,50,64,64,95,107,134,169,182,119,138,184,184,184,184],"floor_reached":16,"language":"ENG","playtime":1125,"items_purged":["animator:Strike","animator:Strike"],"score":283,"play_id":"1d10fcaf-8e68-4637-b82e-eefc32207f16","local_time":"20210112155959","is_ascension_mode":true,"campfire_choices":[{"data":"animator:YuiTsuruno","floor":6,"key":"SMITH"},{"floor":15,"key":"RECALL"}],"circlet_count":0,"master_deck":["AscendersBane","animator:Strike_MadokaMagica","animator:Defend_MadokaMagica","animator:Strike","animator:Defend","animator:Defend+1","animator:IrohaTamaki+1","animator:YuiTsuruno+1","animator:KyokoSakura","animator:Chung","animator:SayakaMiki","animator:Jibril","animator:Aisha","animator:Patchouli","animator:Zero","animator:Megumin+2","animator:RinTohsaka","animator:NagisaMomoe"],"relics":["animator:LivingPicture","animator:ColorlessFragment","animator:PurgingStone","NeowsBlessing","Ornamental Fan","Bag of Preparation","animator:BattleDrones","Prayer Wheel"],"acts_visited":["Exordium"],"potions_floor_usage":[10,13,16],"damage_taken":[{"damage":0,"enemies":"Small Slimes","floor":1,"turns":1},{"damage":0,"enemies":"2 Louse","floor":5,"turns":1},{"damage":0,"enemies":"Gremlin Nob","floor":7,"turns":1},{"damage":0,"enemies":"Cultist","floor":8,"turns":3},{"damage":8,"enemies":"3 Sentries","floor":10,"turns":11},{"damage":0,"enemies":"Red Slaver","floor":11,"turns":3},{"damage":11,"enemies":"Lots of Slimes","floor":13,"turns":3},{"damage":5,"enemies":"Lagavulin","floor":14,"turns":6},{"damage":28,"enemies":"Slime Boss","floor":16,"turns":3}],"seed_played":"-1291392759770848098","potions_obtained":[{"floor":1,"key":"animator:FalseLifePotion"},{"floor":11,"key":"Explosive Potion"},{"floor":13,"key":"Explosive Potion"}],"is_trial":false,"path_per_floor":["M","?","$","?","M","R","E","M","T","E","M","$","M","E","R","B"],"character_chosen":"THE_ANIMATOR","items_purchased":["animator:ColorlessFragment","animator:Patchouli","animator:Zero","animator:Megumin"],"campfire_rested":0,"item_purchase_floors":[12,12,12,12],"current_hp_per_floor":[54,36,36,36,36,36,36,37,37,29,29,29,18,13,13,0,0],"gold":184,"neow_bonus":"THREE_ENEMY_KILL","is_daily":false,"chose_seed":false,"campfire_upgraded":1,"win_rate":0.0,"timestamp":1610492399,"path_taken":["M","?","$","?","M","R","E","M","T","E","?","?","M","E","R","BOSS"],"items_purchased_type":["Relic","Card","Card","Card"],"build_version":"2020-12-22","purchased_purges":2,"victory":false,"max_hp_per_floor":[60,60,60,60,60,60,60,61,61,61,61,61,61,61,61,61,61],"card_choices":[{"not_picked":["animator:FielNirvalen","animator:ChlammyZell"],"picked":"animator:KyokoSakura","floor":1},{"not_picked":["animator:Verdia","animator:Assassin","animator:Cocytus"],"picked":"SKIP","floor":5},{"not_picked":["animator:Hitei","animator:SakuraMatou"],"picked":"animator:Chung","floor":7},{"not_picked":["animator:YuiTsuruno","animator:OrikoMikuni"],"picked":"animator:SayakaMiki","floor":8},{"not_picked":["animator:Raven","animator:Verdia"],"picked":"animator:Jibril","floor":10},{"not_picked":["animator:Kazuma","animator:SakuraMatou"],"picked":"animator:Aisha","floor":11},{"not_picked":["animator:Laby","animator:NagisaMomoe"],"picked":"animator:RinTohsaka","floor":13},{"not_picked":["animator:RinTohsaka","animator:Raven"],"picked":"animator:NagisaMomoe","floor":14}],"player_experience":739870,"relics_obtained":[{"floor":7,"key":"Ornamental Fan"},{"floor":9,"key":"Bag of Preparation"},{"floor":10,"key":"animator:BattleDrones"},{"floor":14,"key":"Prayer Wheel"}],"event_choices":[{"damage_healed":54,"gold_gain":0,"player_choice":"Upgrade","damage_taken":18,"max_hp_gain":0,"max_hp_loss":60,"event_name":"betterThird:BetterShining","floor":2,"gold_loss":0,"cards_upgraded":["animator:Defend","animator:IrohaTamaki"]},{"cards_removed":["animator:Defend"],"damage_healed":0,"gold_gain":0,"player_choice":"Purged","damage_taken":0,"max_hp_gain":0,"max_hp_loss":0,"event_name":"Purifier","floor":4,"gold_loss":0}],"is_beta":false,"boss_relics":[],"items_purged_floors":[3,12],"is_endless":false,"potions_floor_spawned":[1,11,13],"killed_by":"Slime Boss","ascension_level":19}}