{"host":"17xjy7b7ubl548g2","time":1610414710,"event":{"mods":["2.2 Compatiblity","Act Like it!","Aspiration","Astrologer","Bard","BaseMod","Bestiary","Challenge The Spire","ChefMod","Colored Map","Conspire","Elementarium","Energized Spire","Gensokyo","GifTheSpireLib","Halation","Hallownest","Hubris","Infinite Spire","Jedi Mod","Jorbs\u0027s Wanderer Trilogy","Marisa（霧雨　魔理沙）","Marked Mod","Menagerie","Minty Spire (QoL Compilation)","Pale of the Ancients","Permanent Neow","Puzzle Mod","Replay The Spire","Robot Space Explorer","Spicy Shops","StSLib","Stuff the Spire","The Blue Laboratory","The Bug Knight","The Construct","The Disciple","The Factory","The Hayseed","The Hierophant","The Marked","The Runesmith","The Sage","TheFirefly"],"gold_per_floor":[113,137,146,146,138,171,191,191,191,222,16,16,48,48,48,154,154,174,5,5,5,5,34,34,72,122,137,116,116,116,128,128,213,213,233,248,248,248,245,245,245,245,317,317,345,345,344,305,305,255],"floor_reached":51,"playtime":4188,"items_purged":["Pride"],"score":984,"play_id":"9582e50f-c26d-4d51-8d9c-a3efa85b12b8","local_time":"20210111202510","is_ascension_mode":true,"campfire_choices":[{"data":"hierophant:LocustPlague","floor":8.0,"key":"SMITH"},{"data":"hierophant:Sermon","floor":12.0,"key":"SMITH"},{"data":"hierophant:Chorus","floor":15.0,"key":"SMITH"},{"data":"hierophant:Levitation","floor":24.0,"key":"SMITH"},{"data":"hierophant:Smite","floor":29.0,"key":"SMITH"},{"data":"hierophant:PristineSoul","floor":30.0,"key":"SMITH"},{"data":"hierophant:Sermon","floor":32,"key":"SMITH"},{"data":"hierophant:Kindle","floor":40,"key":"SMITH"},{"data":"infinitespire:Gouge","floor":42,"key":"SMITH"},{"data":"jedi:LeechingStrike","floor":44,"key":"SMITH"},{"data":"infinitespire:NeuralNetwork","floor":49,"key":"SMITH"}],"circlet_count":0,"master_deck":["hierophant:Strike_Hierophant","hierophant:Strike_Hierophant","hierophant:Strike_Hierophant","hierophant:Punish","hierophant:Defend_Hierophant","hierophant:Defend_Hierophant","hierophant:Defend_Hierophant","hierophant:Defend_Hierophant","hierophant:ChurchCoffers+1","hierophant:Sermon+1","hierophant:OrnateJavelin","hierophant:LocustPlague+1","hierophant:Chorus+1","hierophant:Encroach","hierophant:Blessing","hierophant:OrnateBuckler","hierophant:Encroach","hierophant:Levitation+1","hierophant:Racketeering+1","jedi:LeechingStrike","hierophant:ThreeLashes","hierophant:Smite+1","hierophant:PristineSoul+1","hierophant:Sermon+1","hierophant:Kindle+1","hierophant:Chorus+1","hierophant:Bribe+1","Gensokyo:PrivateSquare","hierophant:MorningPrayer","hierophant:OrnateBuckler+1","infinitespire:NeuralNetwork+1","hierophant:Batter","hierophant:Empathy+1"],"relics":["hierophant:PropheticMaskRelic","Mango","Torii","Turnip","Replay:Ringing Soul","ClockworkSouvenir","White Beast Statue","jedi:hotpepper","infinitespire:PuzzleCube","aspiration:SeaSaltIceCream","infinitespire:Cupcake","infinitespire:BottledMercury","Lantern","WingedGreaves","hubris:ScarierMask","infinitespire:Beetle Shell","halation:PinkSoulGem","Bottled Flame","Toxic Egg 2","ReplayFunnel"],"acts_visited":["Exordium","Gensokyo:Gensokyo","Gensokyo:Gensokyoer"],"potions_floor_usage":[35,36,36,36,45,47,50],"damage_taken":[{"damage":0.0,"enemies":"Gensokyo:3_Fairies","floor":1.0,"turns":2.0},{"damage":7.0,"enemies":"Gensokyo:Python","floor":3.0,"turns":3.0},{"damage":0.0,"enemies":"Gensokyo:2_Kodama","floor":5.0,"turns":1.0},{"damage":3.0,"enemies":"Gensokyo:Cirno","floor":6.0,"turns":3.0},{"damage":1.0,"enemies":"Gensokyo:Gryphon_and_Rabbit","floor":7.0,"turns":4.0},{"damage":7.0,"enemies":"Gensokyo:Aya","floor":10.0,"turns":4.0},{"damage":15.0,"enemies":"Gensokyo:Mamizou","floor":13.0,"turns":6.0},{"damage":67.0,"enemies":"Gensokyo:Kokoro","floor":16.0,"turns":13.0},{"damage":0.0,"enemies":"Gensokyo:AngelMirror","floor":18.0,"turns":2.0},{"damage":28.0,"enemies":"Gensokyo:Koishi","floor":23.0,"turns":10.0},{"damage":24.0,"enemies":"Gensokyo:Reisen","floor":25.0,"turns":7.0},{"damage":1.0,"enemies":"Gensokyo:CosmicMonolith","floor":27.0,"turns":2.0},{"damage":4.0,"enemies":"Gensokyo:Wraith","floor":28.0,"turns":4.0},{"damage":3,"enemies":"Gensokyo:Tenshi","floor":31,"turns":4},{"damage":2,"enemies":"Gensokyo:Kaguya","floor":33,"turns":2},{"damage":11,"enemies":"Gensokyo:AncientGuardian","floor":35,"turns":3},{"damage":21,"enemies":"conspire:MimicChest","floor":36,"turns":6},{"damage":9,"enemies":"Gensokyo:3_Boulders","floor":39,"turns":6},{"damage":4,"enemies":"Gensokyo:Doremy","floor":45,"turns":6},{"damage":44,"enemies":"Nightmare","floor":47,"turns":9},{"damage":5,"enemies":"Gensokyo:Sharpion","floor":48,"turns":6},{"damage":1,"enemies":"Gensokyo:Yuyuko","floor":50,"turns":6}],"seed_played":"-693116293838235303","potions_obtained":[{"floor":1.0,"key":"Block Potion"},{"floor":7.0,"key":"Flashbang"},{"floor":13.0,"key":"blueLaboratory:PolymorphPotion"},{"floor":16.0,"key":"Explosive Potion"},{"floor":18.0,"key":"blueLaboratory:BottleOfVodka"},{"floor":23.0,"key":"ColorlessPotion"},{"floor":25.0,"key":"jedi:wingpotion"},{"floor":27.0,"key":"blueLaboratory:BottledHope"},{"floor":28.0,"key":"Block Potion"},{"floor":31,"key":"ColorlessPotion"},{"floor":33,"key":"jedi:StrikingPotion"},{"floor":35,"key":"Elixir"},{"floor":36,"key":"FearPotion"},{"floor":39,"key":"Swift Potion"},{"floor":45,"key":"blueLaboratory:BubblePotion"},{"floor":47,"key":"blueLaboratory:LouseDecoction"},{"floor":48,"key":"FearPotion"}],"is_trial":false,"path_per_floor":["M","T","M","?","M","E","M","R","T","E","$","R","E","?","R","B",null,"M","$","?","?","T","E","R","E","T","M","M","R","R","E","R","B",null,"M","?","?","?","M","R","AVR","R","T","R","E","?","NM","M","R","B",null],"character_chosen":"HIEROPHANT","items_purchased":["ClockworkSouvenir","hierophant:OrnateBuckler","jedi:LeechingStrike"],"campfire_rested":0,"item_purchase_floors":[11,11,19],"current_hp_per_floor":[68,68,61,54,54,51,50,50,50,46,49,49,44,73,73,16,60,62,64,64,64,64,52,52,43,43,44,55,55,55,67,67,76,86,77,73,75,75,84,84,86,86,86,86,100,100,60,72,72,72],"gold":255,"neow_bonus":"UPGRADE_CARD","is_daily":false,"chose_seed":false,"campfire_upgraded":11,"win_rate":0.0,"timestamp":1610414710,"path_taken":["M","?","M","?","M","E","?","R","T","E","$","R","E","?","R","BOSS","M","?","?","?","?","E","R","E","T","?","?","R","R","E","R","BOSS","M","?","?","?","M","R","AVR","R","T","R","E","?","NM","M","R","BOSS"],"items_purchased_type":["Relic","Card","Card"],"build_version":"2020-12-22","purchased_purges":1,"victory":true,"max_hp_per_floor":[75,75,75,89,89,89,89,89,89,92,95,95,98,98,98,101,75,77,79,79,79,79,79,79,81,81,83,85,85,85,87,87,89,89,91,93,95,95,97,97,99,99,99,99,101,101,103,105,105,88],"card_choices":[{"not_picked":["hierophant:ThreeLashes","hierophant:PassingBell"],"picked":"hierophant:Sermon","floor":1.0},{"not_picked":["hierophant:AuricBeam","hierophant:Doubloon"],"picked":"hierophant:OrnateJavelin","floor":3.0},{"not_picked":["hierophant:Charity","hierophant:RustyCrate"],"picked":"hierophant:LocustPlague","floor":5.0},{"not_picked":["hierophant:Doubloon","hierophant:RustyCrate"],"picked":"hierophant:Chorus","floor":6.0},{"not_picked":["hierophant:TollTheBells","hierophant:MirrorShield"],"picked":"hierophant:Encroach","floor":7.0},{"not_picked":["hierophant:RustyCrate","hierophant:Alms"],"picked":"hierophant:Blessing","floor":10.0},{"not_picked":["hierophant:Purify","hierophant:Zeal"],"picked":"hierophant:Encroach","floor":13.0},{"not_picked":["hierophant:Generosity","hierophant:AuricForm"],"picked":"hierophant:Levitation","floor":16.0},{"not_picked":["hierophant:Charity","hierophant:Remorse"],"picked":"hierophant:Racketeering+1","floor":18.0},{"not_picked":["hierophant:MorningPrayer","hierophant:RustyCrate","hierophant:Refuge"],"picked":"SKIP","floor":23.0},{"not_picked":["hierophant:Repentance","hierophant:AuricForm"],"picked":"hierophant:ThreeLashes","floor":25.0},{"not_picked":["hierophant:Flagellation","hierophant:Shelter"],"picked":"hierophant:Smite","floor":27.0},{"not_picked":["hierophant:Upheaval","hierophant:Doubloon"],"picked":"hierophant:PristineSoul","floor":28.0},{"not_picked":["hierophant:Anathema","hierophant:FaithHealing"],"picked":"hierophant:Sermon","floor":31},{"not_picked":["hierophant:Cornucopia","hierophant:Anathema"],"picked":"hierophant:Kindle","floor":33},{"not_picked":["hierophant:Repentance","hierophant:Sermon"],"picked":"hierophant:Chorus+1","floor":35},{"not_picked":["hierophant:Shelter","hierophant:FaithHealing+1"],"picked":"hierophant:Bribe+1","floor":36},{"not_picked":["hierophant:Shelter","hierophant:HammerAndAnvil"],"picked":"hierophant:MorningPrayer","floor":39},{"not_picked":["hierophant:FieryStrike","hierophant:FaithHealing+1"],"picked":"hierophant:OrnateBuckler+1","floor":45},{"not_picked":["infinitespire:FutureSight","Replay:Fractal Strike"],"picked":"infinitespire:NeuralNetwork","floor":47},{"not_picked":["hierophant:Patience+1","hierophant:FieryStrike"],"picked":"hierophant:Batter","floor":47},{"not_picked":["hierophant:RecallFunds+1","hierophant:Exaltation+1"],"picked":"hierophant:Empathy+1","floor":48}],"player_experience":1749864,"relics_obtained":[{"floor":6.0,"key":"Torii"},{"floor":9.0,"key":"Turnip"},{"floor":10.0,"key":"Replay:Ringing Soul"},{"floor":13.0,"key":"White Beast Statue"},{"floor":22.0,"key":"infinitespire:PuzzleCube"},{"floor":23.0,"key":"aspiration:SeaSaltIceCream"},{"floor":25.0,"key":"infinitespire:BottledMercury"},{"floor":26.0,"key":"Lantern"},{"floor":31,"key":"WingedGreaves"},{"floor":36,"key":"infinitespire:Beetle Shell"},{"floor":43,"key":"Bottled Flame"},{"floor":45,"key":"Toxic Egg 2"},{"floor":47,"key":"ReplayFunnel"}],"event_choices":[],"is_beta":false,"boss_relics":[{"not_picked":["Replay:Bronze Core","hubris:BlackHole"],"picked":"jedi:hotpepper"},{"not_picked":["Coffee Dripper","aspiration:SecretTechniqueScroll"],"picked":"hubris:ScarierMask"}],"items_purged_floors":[41],"is_endless":false,"potions_floor_spawned":[1,7,13,16,18,23,25,27,28,31,33,35,36,39,45,47,48],"ascension_level":9}}