{"host":"vdpaduzlq0qlaikq","time":1610416412,"event":{"mods":["AchievementEnabler","BaseMod","Better Third Choice","BetterRewards","Colored Map","Downfall","Gold Saver","Hermit","Jorbs\u0027s Wanderer Trilogy","Minty Spire (QoL Compilation)","Relic Filter","Spicy Shops","StSLib","The Necromancer"],"gold_per_floor":[2420,2127,2092,2092,1402,1437,1455,1455,1536,1554,1554,1580,1598,1615,1615,1716,1716,1729,1739,963,981,1001,1001,1001,1027,1027,1027,1059,261,261,261,261,362,362,376,402,447,460,460,487,487,519,519,519,519,519,571,921,921,921,921,921,15,46,46],"floor_reached":56,"playtime":5372,"items_purged":["Strike_G","Defend_G","Defend_G+1"],"score":2047,"play_id":"d18a0b8e-127e-47ef-9e55-34b1b4376db6","local_time":"20210111235332","is_ascension_mode":true,"campfire_choices":[{"data":"Bouncing Flask","floor":11,"key":"SMITH"},{"floor":15,"key":"RECALL"},{"data":"Catalyst","floor":23,"key":"SMITH"},{"data":"Blur","floor":30,"key":"SMITH"},{"data":"Noxious Fumes","floor":32,"key":"SMITH"},{"data":"Bullet Time","floor":41,"key":"SMITH"},{"data":"Terror","floor":44,"key":"SMITH"},{"data":"Neutralize","floor":46,"key":"SMITH"},{"data":"Poisoned Stab","floor":49,"key":"SMITH"},{"data":"Deadly Poison","floor":52,"key":"SMITH"}],"circlet_count":0,"master_deck":["Strike_G+1","Strike_G+1","Strike_G+1","Defend_G+1","Defend_G+1","Defend_G+1","Survivor","Neutralize+1","Deadly Poison+1","Deadly Poison","Noxious Fumes+1","Deadly Poison","Bouncing Flask+1","Backflip","Poisoned Stab+1","Poisoned Stab","Corpse Explosion","Footwork+1","Catalyst+1","Blur+1","Bullet Time+1","Footwork+1","Catalyst+1","Terror+1"],"relics":["Ring of the Serpent","Matryoshka","Chemical X","Tiny Chest","Orrery","betterThird:SlimedRelic","Tingsha","Snake Skull","CaptainsWheel","Question Card","White Beast Statue","Anchor","Letter Opener","Ninja Scroll","SacredBark","Juzu Bracelet","MealTicket","Lantern","Toolbox","Regal Pillow","MutagenicStrength","Strawberry","Ornamental Fan","Mercury Hourglass","Pantograph","Bottled Tornado","Guardian:PocketSentry","Strange Spoon","Oddly Smooth Stone","Pocketwatch","Boot","Eternal Feather","Kunai","Toy Ornithopter","Old Coin","Lizard Tail","Happy Flower","Pear","Medical Kit","Blood Vial"],"acts_visited":["Exordium","TheCity","TheBeyond","TheEnding"],"potions_floor_usage":[6,7,13,19,21,21,22,28,50,55,55],"damage_taken":[{"damage":4,"enemies":"Jaw Worm","floor":1,"turns":5},{"damage":10,"enemies":"Lagavulin","floor":6,"turns":5},{"damage":0,"enemies":"2 Louse","floor":7,"turns":1},{"damage":0,"enemies":"Small Slimes","floor":10,"turns":3},{"damage":3,"enemies":"Exordium Thugs","floor":13,"turns":4},{"damage":0,"enemies":"Large Slime","floor":14,"turns":3},{"damage":7,"enemies":"The Guardian","floor":16,"turns":6},{"damage":6,"enemies":"Spheric Guardian","floor":18,"turns":3},{"damage":0,"enemies":"3 Byrds","floor":19,"turns":2},{"damage":0,"enemies":"Snake Plant","floor":21,"turns":2},{"damage":0,"enemies":"Sentry and Sphere","floor":22,"turns":2},{"damage":4,"enemies":"Book of Stabbing","floor":25,"turns":4},{"damage":10,"enemies":"Slavers","floor":28,"turns":4},{"damage":13,"enemies":"Automaton","floor":33,"turns":6},{"damage":0,"enemies":"Orb Walker","floor":35,"turns":3},{"damage":3,"enemies":"2 Orb Walkers","floor":37,"turns":4},{"damage":0,"enemies":"3 Darklings","floor":38,"turns":3},{"damage":15,"enemies":"Reptomancer","floor":40,"turns":5},{"damage":0,"enemies":"Nemesis","floor":42,"turns":3},{"damage":0,"enemies":"Mind Bloom Boss Battle","floor":48,"turns":3},{"damage":35,"enemies":"Awakened One","floor":50,"turns":11},{"damage":20,"enemies":"Shield and Spear","floor":54,"turns":4},{"damage":96,"enemies":"The Heart","floor":55,"turns":7}],"seed_played":"5641150463080370698","potions_obtained":[{"floor":6,"key":"FearPotion"},{"floor":7,"key":"Regen Potion"},{"floor":13,"key":"Weak Potion"},{"floor":14,"key":"Swift Potion"},{"floor":19,"key":"Poison Potion"},{"floor":21,"key":"LiquidMemories"},{"floor":22,"key":"champ:CounterPotion"},{"floor":25,"key":"Weak Potion"},{"floor":28,"key":"Guardian:BlockOnCardUsePotion"},{"floor":33,"key":"Dexterity Potion"},{"floor":54,"key":"ColorlessPotion"}],"is_trial":false,"path_per_floor":["M","$","?","?","$","E","M","?","T","M","R","T","M","M","R","B",null,"M","M","$","M","M","R","?","E","T","?","E","$","R","?","R","B",null,"M","T","?","M","?","E","R","E","T","R","?","R","T","?","R","B",null,"R","$","E","B",null],"character_chosen":"THE_SILENT","items_purchased":["Matryoshka","Chemical X","Tiny Chest","Orrery","Snake Skull","Deadly Poison","CaptainsWheel","Question Card","Fire Potion","Juzu Bracelet","MealTicket","Lantern","Toolbox","Regal Pillow","Pantograph","Bottled Tornado","Guardian:PocketSentry","Strange Spoon","Lizard Tail","Happy Flower","Pear","Medical Kit"],"campfire_rested":0,"item_purchase_floors":[0,0,2,2,5,5,5,5,5,20,20,20,20,20,29,29,29,29,53,53,53,53],"current_hp_per_floor":[59,59,48,41,41,31,31,31,31,31,31,31,42,42,42,35,61,55,55,55,55,55,55,55,58,58,58,48,63,63,63,63,64,74,74,74,71,71,71,56,56,56,56,71,71,77,77,77,77,42,68,77,87,67,40],"gold":46,"neow_bonus":"","is_daily":false,"chose_seed":false,"campfire_upgraded":9,"win_rate":0.0,"timestamp":1610416412,"path_taken":["M","$","?","?","$","E","M","?","T","M","R","?","M","M","R","BOSS","M","M","$","M","M","R","?","E","T","?","E","$","R","?","R","BOSS","M","?","?","M","?","E","R","E","T","R","?","R","?","?","R","BOSS","R","$","E","BOSS"],"items_purchased_type":["Relic","Relic","Relic","Relic","Relic","Card","Relic","Relic","Potion","Relic","Relic","Relic","Relic","Relic","Relic","Relic","Relic","Relic","Relic","Relic","Relic","Relic"],"build_version":"2020-12-22","purchased_purges":3,"victory":true,"max_hp_per_floor":[70,70,70,70,70,70,70,70,70,70,70,70,70,70,70,70,70,70,70,70,70,70,70,70,77,77,77,77,77,77,77,77,77,77,77,77,77,77,77,77,77,77,77,77,77,77,77,77,77,77,77,77,87,87,87],"card_choices":[{"not_picked":["Blur","Masterful Stab"],"picked":"Deadly Poison","floor":1},{"not_picked":["Riddle With Holes","Quick Slash"],"picked":"Deadly Poison","floor":2},{"not_picked":["Blade Dance","Flying Knee"],"picked":"Noxious Fumes","floor":2},{"not_picked":["Skewer","Tactician","Caltrops","Reflex"],"picked":"SKIP","floor":6},{"not_picked":["Dodge and Roll","Underhanded Strike","PiercingWail"],"picked":"Bouncing Flask","floor":7},{"not_picked":["Eviscerate","Well Laid Plans","Cloak And Dagger"],"picked":"Backflip","floor":10},{"not_picked":["Dagger Throw","Dagger Spray","Bane"],"picked":"Poisoned Stab","floor":13},{"not_picked":["Dagger Throw","Bane","A Thousand Cuts"],"picked":"Poisoned Stab","floor":14},{"not_picked":["Adrenaline","Night Terror","Phantasmal Killer"],"picked":"Corpse Explosion","floor":16},{"not_picked":["Expertise","Backflip","Dagger Spray"],"picked":"Footwork+1","floor":18},{"not_picked":["Bouncing Flask","Acrobatics+1","Prepared+1"],"picked":"Catalyst","floor":19},{"not_picked":["Dagger Spray","Caltrops+1","Accuracy","Calculated Gamble"],"picked":"SKIP","floor":21},{"not_picked":["Masterful Stab","Poisoned Stab","Noxious Fumes"],"picked":"Blur","floor":22},{"not_picked":["Deflect","Bullet Time","Poisoned Stab","Sucker Punch"],"picked":"SKIP","floor":25},{"not_picked":["Blur","Bane","Backflip","Sucker Punch"],"picked":"SKIP","floor":28},{"not_picked":["Malaise","Unload","Doppelganger"],"picked":"Bullet Time","floor":33},{"not_picked":["Underhanded Strike+1","Distraction","Deflect","Dagger Throw"],"picked":"SKIP","floor":35},{"not_picked":["Quick Slash","Outmaneuver+1","Heel Hook"],"picked":"Footwork+1","floor":38},{"not_picked":["Quick Slash+1","Blade Dance+1","Finisher","Prepared+1"],"picked":"SKIP","floor":40},{"not_picked":["Dagger Throw","Distraction","Underhanded Strike"],"picked":"Terror","floor":42},{"not_picked":["Underhanded Strike+1","Blur","Slice+1","Terror+1"],"picked":"SKIP","floor":54}],"player_experience":624308,"relics_obtained":[{"floor":6,"key":"White Beast Statue"},{"floor":9,"key":"Anchor"},{"floor":9,"key":"Letter Opener"},{"floor":12,"key":"Ninja Scroll"},{"floor":25,"key":"Strawberry"},{"floor":26,"key":"Ornamental Fan"},{"floor":28,"key":"Mercury Hourglass"},{"floor":36,"key":"Oddly Smooth Stone"},{"floor":37,"key":"Pocketwatch"},{"floor":40,"key":"Boot"},{"floor":42,"key":"Eternal Feather"},{"floor":43,"key":"Kunai"},{"floor":47,"key":"Toy Ornithopter"},{"floor":48,"key":"Old Coin"},{"floor":54,"key":"Blood Vial"}],"event_choices":[{"damage_healed":0,"gold_gain":0,"player_choice":"Slimed","damage_taken":11,"max_hp_gain":0,"max_hp_loss":0,"event_name":"betterThird:BetterGoop","floor":3,"gold_loss":35},{"damage_healed":0,"gold_gain":0,"player_choice":"Relic ","damage_taken":7,"max_hp_gain":0,"max_hp_loss":0,"event_name":"betterThird:BetterScrap","floor":4,"gold_loss":0,"cards_obtained":["Scrawl"]},{"damage_healed":0,"gold_gain":0,"player_choice":"0 cards matched","damage_taken":0,"max_hp_gain":0,"max_hp_loss":0,"event_name":"Match and Keep!","floor":8,"gold_loss":0,"cards_obtained":[]},{"damage_healed":0,"gold_gain":0,"player_choice":"Inject Mutagens","damage_taken":0,"relics_obtained":["MutagenicStrength"],"max_hp_gain":0,"max_hp_loss":0,"event_name":"Drug Dealer","floor":24,"gold_loss":0},{"damage_healed":0,"gold_gain":0,"player_choice":"Simplicity","damage_taken":0,"max_hp_gain":0,"max_hp_loss":8,"event_name":"betterThird:BetterWriting","floor":31,"gold_loss":0},{"damage_healed":0,"gold_gain":0,"player_choice":"Fight","damage_taken":0,"max_hp_gain":0,"max_hp_loss":0,"event_name":"Mysterious Sphere","floor":37,"gold_loss":0},{"damage_healed":0,"gold_gain":0,"player_choice":"Copied","damage_taken":0,"max_hp_gain":0,"max_hp_loss":0,"event_name":"Duplicator","floor":39,"gold_loss":0,"cards_obtained":["Catalyst"]},{"cards_removed":["Strike_G"],"damage_healed":0,"gold_gain":0,"player_choice":"Offered Basic","damage_taken":0,"max_hp_gain":0,"max_hp_loss":0,"event_name":"Bonfire Elementals","floor":45,"gold_loss":0},{"damage_healed":0,"gold_gain":0,"player_choice":"Fight","damage_taken":0,"max_hp_gain":0,"max_hp_loss":0,"event_name":"MindBloom","floor":48,"gold_loss":0}],"is_beta":false,"boss_relics":[{"not_picked":["Calling Bell","Pandora\u0027s Box"],"picked":"SacredBark"},{"not_picked":["Astrolabe","Cursed Key"],"picked":"Ring of the Serpent"}],"items_purged_floors":[5,20,53],"is_endless":false,"potions_floor_spawned":[6,7,10,13,14,16,18,19,21,22,25,28,33,35,37,38,40,42,48,54],"ascension_level":8}}