{"host":"cny2hboix4qtzjgl","time":1610421692,"event":{"mods":["AchievementEnabler","BaseMod","Colored Map","Colored Powertips","Highlight Path","Minty Spire (QoL Compilation)","Relic Stats","Shop Mod","StSLib"],"gold_per_floor":[112,126,51,67,67,67,85,85,110,127,127,227,247,260,260,356,356,366,382,9,9,20,20,20,20],"floor_reached":24,"playtime":1311,"items_purged":["Strike_B","Parasite"],"score":190,"play_id":"0db6421b-7b75-4bd9-a889-ae80403b1382","local_time":"20210112112132","is_ascension_mode":false,"campfire_choices":[{"data":"Creative AI","floor":6,"key":"SMITH"},{"data":"Aggregate","floor":8,"key":"SMITH"},{"data":"Echo Form","floor":15,"key":"SMITH"},{"data":"Scrape","floor":23,"key":"SMITH"}],"circlet_count":0,"master_deck":["Strike_B","Strike_B","Strike_B","Defend_B","Defend_B","Defend_B","Defend_B","Zap","Dualcast","Creative AI+1","Conserve Battery","Heatsinks","Leap","Aggregate+1","Echo Form+1","Genetic Algorithm","Buffer","Recycle+1","Self Repair","Scrape+1"],"relics":["Cracked Core","Strawberry","Snecko Eye","Sling"],"acts_visited":["Exordium","TheCity"],"potions_floor_usage":[16,16,19,24],"damage_taken":[{"damage":9,"enemies":"Cultist","floor":1,"turns":5},{"damage":7,"enemies":"Small Slimes","floor":2,"turns":4},{"damage":5,"enemies":"2 Louse","floor":4,"turns":3},{"damage":11,"enemies":"Lots of Slimes","floor":7,"turns":6},{"damage":19,"enemies":"Blue Slaver","floor":10,"turns":5},{"damage":8,"enemies":"Large Slime","floor":13,"turns":6},{"damage":11,"enemies":"Red Slaver","floor":14,"turns":6},{"damage":28,"enemies":"Slime Boss","floor":16,"turns":13},{"damage":5,"enemies":"Shell Parasite","floor":18,"turns":3},{"damage":44,"enemies":"Chosen","floor":19,"turns":6},{"damage":17,"enemies":"Centurion and Healer","floor":22,"turns":5},{"damage":24,"enemies":"Sentry and Sphere","floor":24,"turns":5}],"seed_played":"4882768804362177436","potions_obtained":[{"floor":4,"key":"SkillPotion"},{"floor":14,"key":"FocusPotion"},{"floor":16,"key":"BlessingOfTheForge"}],"is_trial":false,"path_per_floor":["M","M","$","M","$","R","M","R","T","M","?","?","M","M","R","B",null,"M","M","$","$","M","R","M"],"character_chosen":"DEFECT","items_purchased":["Self Repair","Sling","Energy Potion"],"campfire_rested":0,"item_purchase_floors":[20,20,20],"current_hp_per_floor":[66,59,59,54,54,54,43,43,50,31,51,51,43,32,32,4,82,77,33,33,33,23,23,0,0],"gold":20,"neow_bonus":"ONE_RANDOM_RARE_CARD","is_daily":false,"chose_seed":false,"campfire_upgraded":4,"win_rate":0.0,"timestamp":1610421692,"path_taken":["M","M","$","?","?","R","M","R","T","?","?","?","M","M","R","BOSS","M","M","?","$","M","R","M"],"items_purchased_type":["Card","Relic","Potion"],"build_version":"2020-12-22","purchased_purges":2,"victory":false,"max_hp_per_floor":[75,75,75,75,75,75,75,75,82,82,82,82,82,82,82,82,82,82,82,79,79,79,79,79,79],"relic_stats":{"counters":[12,67],"Snecko Eye":[41,36,38,35],"obtain_stats":[{"Strawberry":9,"Snecko Eye":17,"Cracked Core":0,"Sling":20},{"Strawberry":4,"Snecko Eye":8,"Cracked Core":0,"Sling":10},{"Strawberry":18,"Snecko Eye":48,"Cracked Core":0,"Sling":57}]},"card_choices":[{"not_picked":["Cold Snap","Stack"],"picked":"Conserve Battery","floor":1},{"not_picked":["Gash","Undo"],"picked":"Heatsinks","floor":2},{"not_picked":["Gash","Stack"],"picked":"Leap","floor":4},{"not_picked":["Cold Snap","Rip and Tear"],"picked":"Aggregate","floor":7},{"not_picked":["Ball Lightning","Streamline"],"picked":"Echo Form","floor":10},{"not_picked":["Lockon","Leap","Rip and Tear"],"picked":"SKIP","floor":13},{"not_picked":["Stack","Compile Driver"],"picked":"Genetic Algorithm","floor":14},{"not_picked":["Echo Form","Hyperbeam"],"picked":"Buffer","floor":16},{"not_picked":["Streamline+1","Chill","Stack"],"picked":"SKIP","floor":18},{"not_picked":["Streamline+1","Redo"],"picked":"Recycle+1","floor":19},{"not_picked":["Stack","Go for the Eyes"],"picked":"Scrape","floor":22}],"player_experience":83121,"relics_obtained":[{"floor":9,"key":"Strawberry"}],"event_choices":[{"damage_healed":20,"gold_gain":0,"player_choice":"Healed and dodged fight","damage_taken":0,"max_hp_gain":0,"max_hp_loss":0,"event_name":"Mushrooms","floor":11,"gold_loss":0,"cards_obtained":["Parasite"]},{"damage_healed":0,"gold_gain":100,"player_choice":"Pray","damage_taken":0,"max_hp_gain":0,"max_hp_loss":0,"event_name":"Golden Shrine","floor":12,"gold_loss":0}],"is_beta":false,"boss_relics":[{"not_picked":["Inserter","Nuclear Battery"],"picked":"Snecko Eye"}],"items_purged_floors":[3,20],"is_endless":false,"potions_floor_spawned":[4,14,16],"killed_by":"Sentry and Sphere","ascension_level":0}}