{"host":"44ogagedco4idcly","time":1610469014,"event":{"mods":["BaseMod","Downfall","Minty Spire (QoL Compilation)","StSLib"],"gold_per_floor":[410,410,428,488,502,502,520,554,554,554,584,647,674,374,374,472,472,482,500,173,272,290,290,290,290],"floor_reached":24,"playtime":768,"items_purged":[],"score":214,"play_id":"b681fad4-7850-497b-a40a-d9396126e4b1","local_time":"20210112103014","daily_mods":["Heirloom"],"is_ascension_mode":true,"campfire_choices":[{"data":"Bash","floor":6,"key":"SMITH"},{"data":"Iron Wave","floor":10,"key":"SMITH"},{"floor":15,"key":"REST"},{"data":"1","floor":23,"key":"LIFT"}],"circlet_count":0,"master_deck":["Strike_R","Strike_R","Strike_R","Strike_R","Strike_R","Defend_R","Defend_R","Defend_R","Defend_R","Bash+1","Clothesline+1","Pommel Strike","Iron Wave+1","Shrug It Off","Rampage","Metallicize","Flame Barrier","Uppercut","Double Tap","Twin Strike","Combust+1","Twin Strike+1"],"relics":["Burning Blood","Old Coin","Mummified Hand","Paper Frog","Omamori","Blue Candle","Odd Mushroom","Pen Nib","Calling Bell","Potion Belt","InkBottle","Girya","Frozen Egg 2"],"acts_visited":["Exordium","TheCity"],"potions_floor_usage":[16,16,16,18,19],"damage_taken":[{"damage":3,"enemies":"Small Slimes","floor":1,"turns":3},{"damage":3,"enemies":"Jaw Worm","floor":3,"turns":3},{"damage":0,"enemies":"2 Louse","floor":5,"turns":2},{"damage":6,"enemies":"Large Slime","floor":7,"turns":5},{"damage":35,"enemies":"3 Sentries","floor":8,"turns":12},{"damage":10,"enemies":"Gremlin Nob","floor":11,"turns":4},{"damage":12,"enemies":"Lagavulin Event","floor":12,"turns":8},{"damage":16,"enemies":"The Mushroom Lair","floor":13,"turns":4},{"damage":14,"enemies":"The Guardian","floor":16,"turns":8},{"damage":31,"enemies":"2 Thieves","floor":18,"turns":5},{"damage":33,"enemies":"Spheric Guardian","floor":19,"turns":8},{"damage":14,"enemies":"Snecko","floor":22,"turns":5},{"damage":36,"enemies":"Gremlin Leader","floor":24,"turns":5}],"seed_played":"8367735909658553742","potions_obtained":[{"floor":1,"key":"SkillPotion"},{"floor":7,"key":"hexamod:EctoCoolerPotion"},{"floor":8,"key":"Explosive Potion"},{"floor":16,"key":"DistilledChaos"},{"floor":19,"key":"BloodPotion"}],"is_trial":true,"path_per_floor":["M","?","M","?","M","R","M","E","T","R","E","?","?","$","R","B",null,"M","M","$","?","M","R","E"],"character_chosen":"IRONCLAD","items_purchased":["Flame Barrier","Uppercut","Pen Nib","Frozen Egg 2","Combust+1"],"campfire_rested":1,"item_purchase_floors":[14,14,14,20,20],"current_hp_per_floor":[80,80,80,80,80,80,80,51,51,51,47,41,31,31,55,47,80,55,44,44,44,36,36,0,0],"gold":290,"neow_bonus":"","is_daily":false,"chose_seed":false,"campfire_upgraded":2,"win_rate":0.0,"timestamp":1610469014,"path_taken":["M","?","M","?","M","R","M","E","T","R","E","?","?","$","R","BOSS","M","M","$","?","M","R","E"],"items_purchased_type":["Card","Card","Relic","Relic","Card"],"build_version":"2020-12-22","purchased_purges":0,"victory":false,"max_hp_per_floor":[80,80,80,80,80,80,80,80,80,80,80,80,80,80,80,80,80,80,80,80,80,80,80,80,80],"card_choices":[{"not_picked":["Intimidate","Warcry"],"picked":"Clothesline","floor":1},{"not_picked":["Whirlwind","Anger"],"picked":"Pommel Strike","floor":3},{"not_picked":["Body Slam","Seeing Red"],"picked":"Iron Wave","floor":5},{"not_picked":["Whirlwind","Anger"],"picked":"Shrug It Off","floor":7},{"not_picked":["Armaments","Burning Pact"],"picked":"Rampage","floor":8},{"not_picked":["True Grit","Sword Boomerang"],"picked":"Metallicize","floor":11},{"not_picked":["Offering","Juggernaut"],"picked":"Double Tap","floor":16},{"not_picked":["Pommel Strike","Headbutt"],"picked":"Twin Strike","floor":18},{"not_picked":["Evolve","Bloodletting+1","Wild Strike"],"picked":"SKIP","floor":19},{"not_picked":["Armaments+1","Dropkick"],"picked":"Twin Strike+1","floor":22}],"player_experience":121328,"relics_obtained":[{"floor":8,"key":"Mummified Hand"},{"floor":9,"key":"Paper Frog"},{"floor":11,"key":"Omamori"},{"floor":13,"key":"Odd Mushroom"},{"floor":17,"key":"Potion Belt"},{"floor":17,"key":"InkBottle"},{"floor":17,"key":"Girya"}],"event_choices":[{"damage_healed":0,"gold_gain":0,"player_choice":"Grow","damage_taken":0,"max_hp_gain":0,"max_hp_loss":0,"event_name":"Living Wall","floor":2,"gold_loss":0,"cards_upgraded":["Clothesline"]},{"damage_healed":0,"gold_gain":60,"player_choice":"Gained Gold","damage_taken":0,"max_hp_gain":0,"max_hp_loss":0,"event_name":"Golden Wing","floor":4,"gold_loss":0},{"damage_healed":0,"gold_gain":0,"player_choice":"Searched \u00272\u0027 times","damage_taken":0,"relics_obtained":["Blue Candle"],"max_hp_gain":0,"max_hp_loss":0,"event_name":"Dead Adventurer","floor":12,"gold_loss":0},{"damage_healed":0,"gold_gain":0,"player_choice":"Fought Mushrooms","damage_taken":0,"max_hp_gain":0,"max_hp_loss":0,"event_name":"Mushrooms","floor":13,"gold_loss":0},{"damage_healed":0,"gold_gain":99,"player_choice":"Stole From Cult","damage_taken":0,"max_hp_gain":0,"max_hp_loss":0,"event_name":"Nest","floor":21,"gold_loss":0}],"is_beta":false,"boss_relics":[{"not_picked":["Busted Crown","SacredBark"],"picked":"Calling Bell"}],"items_purged_floors":[],"is_endless":false,"potions_floor_spawned":[1,7,8,16,19],"killed_by":"Gremlin Leader","ascension_level":1}}