{"host":"pf47v7h0307523iy","time":1610480866,"event":{"mods":["BaseMod","Minty Spire (QoL Compilation)"],"gold_per_floor":[118,128,128,145,162,162,162,162,162,190,190,36,46,46,46],"floor_reached":14,"language":"ENG","playtime":713,"items_purged":[],"score":180,"play_id":"3d21fb61-09da-477b-b7a9-ff11c5616702","local_time":"20210112214746","is_ascension_mode":true,"campfire_choices":[{"data":"Die Die Die","floor":6,"key":"SMITH"},{"data":"Leg Sweep","floor":8,"key":"SMITH"},{"floor":11,"key":"REST"}],"circlet_count":0,"master_deck":["AscendersBane","Strike_G","Strike_G","Strike_G","Strike_G","Defend_G","Defend_G","Defend_G","Defend_G","Defend_G","Survivor","Neutralize","Blade Dance","Sucker Punch","Die Die Die+1","Leg Sweep+1","Well Laid Plans","After Image","PiercingWail"],"relics":["Ring of the Snake","Bag of Preparation","White Beast Statue","Pear","Gremlin Horn"],"acts_visited":["Exordium"],"potions_floor_usage":[10,13,14],"damage_taken":[{"damage":3,"enemies":"Cultist","floor":1,"turns":5},{"damage":12,"enemies":"Jaw Worm","floor":2,"turns":4},{"damage":0,"enemies":"2 Louse","floor":4,"turns":3},{"damage":1,"enemies":"Red Slaver","floor":5,"turns":4},{"damage":21,"enemies":"Lagavulin","floor":10,"turns":9},{"damage":0,"enemies":"Exordium Thugs","floor":13,"turns":4},{"damage":64,"enemies":"Gremlin Nob","floor":14,"turns":7}],"seed_played":"-5015428124388113145","potions_obtained":[{"floor":2,"key":"Fire Potion"},{"floor":10,"key":"DistilledChaos"},{"floor":13,"key":"Dexterity Potion"}],"is_trial":false,"path_per_floor":["M","M","?","M","M","R","T","R","T","E","R","$","M","E"],"character_chosen":"THE_SILENT","items_purchased":["After Image"],"campfire_rested":1,"item_purchase_floors":[12],"current_hp_per_floor":[56,44,37,37,36,36,36,36,46,25,47,47,47,0,0],"gold":46,"neow_bonus":"RANDOM_COMMON_RELIC","is_daily":false,"chose_seed":false,"campfire_upgraded":2,"win_rate":0.0,"timestamp":1610480866,"path_taken":["M","M","?","M","M","R","?","R","T","E","R","$","M","E"],"items_purchased_type":["Card"],"build_version":"2020-12-22","purchased_purges":0,"victory":false,"max_hp_per_floor":[66,66,66,66,66,66,66,66,76,76,76,76,76,76,76],"card_choices":[{"not_picked":["Flying Knee","Outmaneuver"],"picked":"Blade Dance","floor":1},{"not_picked":["Cloak And Dagger","Distraction"],"picked":"Sucker Punch","floor":2},{"not_picked":["Dodge and Roll","PiercingWail"],"picked":"Die Die Die","floor":4},{"not_picked":["Acrobatics","Quick Slash"],"picked":"Leg Sweep","floor":5},{"not_picked":["All Out Attack","Bane"],"picked":"Well Laid Plans","floor":10},{"not_picked":["Acrobatics","Catalyst"],"picked":"PiercingWail","floor":13}],"player_experience":1622225,"relics_obtained":[{"floor":7,"key":"White Beast Statue"},{"floor":9,"key":"Pear"},{"floor":10,"key":"Gremlin Horn"}],"event_choices":[{"cards_removed":["Strike_G"],"damage_healed":0,"gold_gain":0,"player_choice":"Card Removal","damage_taken":7,"max_hp_gain":0,"max_hp_loss":0,"event_name":"Golden Wing","floor":3,"gold_loss":0}],"is_beta":false,"boss_relics":[],"items_purged_floors":[],"is_endless":false,"potions_floor_spawned":[2,10,13],"killed_by":"Gremlin Nob","ascension_level":20}}