{"host":"k2mw1od0xoi9pcfj","time":1610495243,"event":{"mods":["100% Spire Juice","AchievementEnabler","Act Like it!","Aspiration","BaseMod","Better Altar","Better Match","Better Note","Better Sensory Stone","Better Skull","Better Third Choice","Conspire","Defuse TimeMaze Blight","Downfall","Energized Spire","Friendly Minions","Gensokyo","Halation","Hallownest","Highlight Path","Infinite Spire","Minty Spire (QoL Compilation)","Permanent Neow","Prisma Mod","Quick Restart","Random Character Button","Relic Sorter","Relic Stats","Replay The Spire","Spicy Shops","StSLib","Synergy Search","The Hierophant","Treasure Hunter","everything is the same but u backflip on backflip","slay the spire mod where everything is the same but ironclad has a cowboy hat"],"gold_per_floor":[125,125,125,140,153,153,167,167,167,60,80,98,98,125,125,127,127],"floor_reached":16,"language":"ENG","playtime":764,"items_purged":[],"score":107,"play_id":"43b8fba2-6786-4cec-8081-26f0215fa4bc","local_time":"20210112174723","is_ascension_mode":true,"campfire_choices":[{"data":"Zap","floor":6,"key":"SMITH"},{"data":"Streamline","floor":13,"key":"SMITH"},{"floor":15,"key":"RECALL"}],"circlet_count":0,"master_deck":["Strike_B","Strike_B","Strike_B","Strike_B","Defend_B","Defend_B","Defend_B","Defend_B","Zap+1","Dualcast","BootSequence","Streamline+1","TH:CopperCoins","Normality","Self Repair","Beam Cell","TH:CopperCoins","Gash"],"relics":["energizedSpire:OldTV","Dream Catcher","ReplayTheSpireMod:CursedCoin","Mummified Hand","ReplayFunnel"],"acts_visited":["Exordium"],"potions_floor_usage":[7,14,16,16],"damage_taken":[{"damage":1,"enemies":"Cultist","floor":1,"turns":3},{"damage":6,"enemies":"Jaw Worm","floor":4,"turns":4},{"damage":2,"enemies":"Small Slimes","floor":5,"turns":3},{"damage":7,"enemies":"Exordium Thugs","floor":7,"turns":4},{"damage":4,"enemies":"Blue Slaver","floor":11,"turns":4},{"damage":8,"enemies":"Exordium Wildlife","floor":12,"turns":5},{"damage":25,"enemies":"Gremlin Nob","floor":14,"turns":5},{"damage":38,"enemies":"The Guardian","floor":16,"turns":9}],"seed_played":"5275881105572551087","potions_obtained":[{"floor":1,"key":"GamblersBrew"},{"floor":4,"key":"Adrenaline Potion"},{"floor":11,"key":"LiquidMemories"},{"floor":14,"key":"Venom Potion"}],"is_trial":false,"path_per_floor":["M","?","?","M","M","R","M","?","T","$","M","M","R","E","R","B"],"character_chosen":"DEFECT","items_purchased":["ReplayTheSpireMod:CursedCoin","Mummified Hand"],"campfire_rested":0,"item_purchase_floors":[10,10],"current_hp_per_floor":[74,74,74,68,66,66,59,59,59,59,55,54,54,36,36,0,0],"gold":127,"neow_bonus":"BOSS_RELIC","is_daily":false,"chose_seed":false,"campfire_upgraded":2,"win_rate":0.0,"timestamp":1610495243,"path_taken":["M","?","?","?","M","R","M","?","T","$","M","?","R","E","R","BOSS"],"items_purchased_type":["Relic","Relic"],"build_version":"2020-12-22","purchased_purges":0,"victory":false,"max_hp_per_floor":[75,75,75,75,75,75,75,75,75,75,75,75,75,75,75,75,75],"relic_stats":{"Dream Catcher":0,"counters":[8,37],"Mummified Hand":[3],"obtain_stats":[{"ReplayFunnel":14,"Dream Catcher":2,"ReplayTheSpireMod:CursedCoin":10,"Mummified Hand":10,"Cracked Core":0,"energizedSpire:OldTV":0},{"ReplayFunnel":7,"Dream Catcher":1,"ReplayTheSpireMod:CursedCoin":4,"Mummified Hand":4,"Cracked Core":0,"energizedSpire:OldTV":0},{"ReplayFunnel":28,"Dream Catcher":3,"ReplayTheSpireMod:CursedCoin":14,"Mummified Hand":14,"Cracked Core":0,"energizedSpire:OldTV":0}]},"card_choices":[{"not_picked":["Panic Button","Cold Snap","Static Discharge"],"picked":"SKIP","floor":1},{"not_picked":["Panic Button","Stack"],"picked":"BootSequence","floor":4},{"not_picked":["Heatsinks","Coolheaded"],"picked":"Streamline","floor":5},{"not_picked":["Panic Button","conspire:SharedLibrary","Consume"],"picked":"SKIP","floor":7},{"not_picked":["TH:CursedSword"],"picked":"TH:CopperCoins","floor":9},{"not_picked":["Darkness","Doom and Gloom"],"picked":"Self Repair","floor":11},{"not_picked":["Ball Lightning","Chaos"],"picked":"Beam Cell","floor":12},{"not_picked":["TH:DeckOfManyThings"],"picked":"TH:CopperCoins","floor":14},{"not_picked":["Redo","Undo"],"picked":"Gash","floor":14}],"player_experience":886506,"relics_obtained":[{"floor":14,"key":"ReplayFunnel"}],"event_choices":[{"damage_healed":0,"gold_gain":0,"player_choice":"Box","damage_taken":0,"relics_obtained":["Dream Catcher"],"max_hp_gain":0,"max_hp_loss":0,"event_name":"Big Fish","floor":2,"gold_loss":0,"cards_obtained":["Regret"]},{"cards_removed":["Regret"],"damage_healed":0,"gold_gain":0,"player_choice":"Purged","damage_taken":0,"max_hp_gain":0,"max_hp_loss":0,"event_name":"Purifier","floor":3,"gold_loss":0},{"damage_healed":0,"gold_gain":0,"player_choice":"Bought 0 Potions","damage_taken":0,"max_hp_gain":0,"max_hp_loss":0,"event_name":"The Woman in Blue","floor":8,"gold_loss":0}],"is_beta":false,"boss_relics":[],"items_purged_floors":[],"is_endless":false,"potions_floor_spawned":[1,4,11,14],"killed_by":"The Guardian","ascension_level":1}}