{"host":"e52c7hvho6xny3hd","time":1610456757,"event":{"mods":["AchievementEnabler","BaseMod","Colored Map","DeckTracker","Minty Spire (QoL Compilation)","Permanent Neow","StSLib"],"gold_per_floor":[361,371,371,101,121,121,176,176,199,13,13,38,52,67,67,162,162,181,192,67,67,92,122,122,138,138,150,182,201,201,218,218,315,315,331,108,127,127,147,147,158,158,181,207,207,207,218,43,43,43],"floor_reached":51,"playtime":2929,"items_purged":["Strike_P","Strike_P","Strike_P","Halt","Meditate"],"score":1053,"play_id":"8056172d-fd8f-4a44-a131-6e4fe0b62539","local_time":"20210112220557","is_ascension_mode":true,"campfire_choices":[{"data":"PathToVictory","floor":6.0,"key":"SMITH"},{"data":"PathToVictory","floor":8.0,"key":"SMITH"},{"data":"PathToVictory","floor":11.0,"key":"SMITH"},{"data":"PathToVictory","floor":15.0,"key":"SMITH"},{"floor":24.0,"key":"REST"},{"floor":30.0,"key":"REST"},{"data":"LikeWater","floor":32.0,"key":"SMITH"},{"data":"Omniscience","floor":40.0,"key":"SMITH"},{"data":"Perseverance","floor":42.0,"key":"SMITH"},{"data":"SpiritShield","floor":46.0,"key":"SMITH"},{"floor":49.0,"key":"REST"}],"circlet_count":0,"master_deck":["Defend_P","Defend_P","Defend_P","Defend_P","Vigilance","PathToVictory+1","SpiritShield+1","InnerPeace","PathToVictory+1","InnerPeace","Bandage Up","LikeWater+1","PathToVictory+1","Vault","Perseverance+1","Omniscience+1","ClearTheMind+1","PathToVictory+1","Madness","Madness","PathToVictory+1"],"relics":["PureWater","Blood Vial","CloakClasp","PreservedInsect","Akabeko","Empty Cage","Vajra","Art of War","Centennial Puzzle","Kunai","Busted Crown","Boot","Pantograph"],"acts_visited":["Exordium","TheCity","TheBeyond"],"potions_floor_usage":[50],"damage_taken":[{"damage":1.0,"enemies":"2 Louse","floor":1.0,"turns":2.0},{"damage":1.0,"enemies":"Cultist","floor":2.0,"turns":4.0},{"damage":0.0,"enemies":"Small Slimes","floor":5.0,"turns":3.0},{"damage":13.0,"enemies":"Gremlin Nob","floor":7.0,"turns":4.0},{"damage":12.0,"enemies":"Lagavulin","floor":12.0,"turns":3.0},{"damage":0.0,"enemies":"3 Louse","floor":13.0,"turns":2.0},{"damage":0.0,"enemies":"Exordium Thugs","floor":14.0,"turns":4.0},{"damage":26.0,"enemies":"Hexaghost","floor":16.0,"turns":5.0},{"damage":11.0,"enemies":"Spheric Guardian","floor":18.0,"turns":6.0},{"damage":8.0,"enemies":"3 Byrds","floor":19.0,"turns":5.0},{"damage":47.0,"enemies":"Gremlin Leader","floor":23.0,"turns":5.0},{"damage":3.0,"enemies":"Cultist and Chosen","floor":25.0,"turns":4.0},{"damage":0.0,"enemies":"Centurion and Healer","floor":27.0,"turns":4.0},{"damage":14.0,"enemies":"Slavers","floor":28.0,"turns":7.0},{"damage":0.0,"enemies":"Snecko","floor":29.0,"turns":5.0},{"damage":3.0,"enemies":"Sentry and Sphere","floor":31.0,"turns":6.0},{"damage":33.0,"enemies":"Automaton","floor":33.0,"turns":10.0},{"damage":3.0,"enemies":"Orb Walker","floor":35.0,"turns":3.0},{"damage":0.0,"enemies":"3 Shapes","floor":37.0,"turns":6.0},{"damage":20.0,"enemies":"3 Darklings","floor":39.0,"turns":5.0},{"damage":6.0,"enemies":"4 Shapes","floor":41.0,"turns":6.0},{"damage":12.0,"enemies":"Nemesis","floor":44.0,"turns":6.0},{"damage":8.0,"enemies":"Jaw Worm Horde","floor":47.0,"turns":3.0},{"damage":38,"enemies":"Time Eater","floor":50,"turns":7}],"seed_played":"-1035301780336697130","potions_obtained":[{"floor":2.0,"key":"SteroidPotion"},{"floor":5.0,"key":"Block Potion"},{"floor":12.0,"key":"EssenceOfSteel"},{"floor":18.0,"key":"Ambrosia"},{"floor":19.0,"key":"Block Potion"},{"floor":27.0,"key":"Explosive Potion"},{"floor":29.0,"key":"DuplicationPotion"}],"is_trial":false,"path_per_floor":["M","M","?","$","M","R","?","R","T","$","R","E","M","M","R","B",null,"M","M","$","?","T","E","R","M","T","M","E","M","R","M","R","B",null,"M","$","M","?","M","R","M","R","T","E","?","R","M","$","R","B",null],"character_chosen":"WATCHER","items_purchased":["PathToVictory","Blood Vial","Bandage Up","Meditate"],"campfire_rested":3,"item_purchase_floors":[4,4,10,36],"current_hp_per_floor":[64,63,63,63,65,65,52,52,52,52,52,46,48,54,54,34,57,52,50,50,50,50,9,28,31,31,37,29,35,54,57,57,30,56,59,59,65,65,49,49,49,49,49,43,35,35,33,33,52,31],"gold":43,"neow_bonus":"TWO_FIFTY_GOLD","is_daily":false,"chose_seed":false,"campfire_upgraded":8,"win_rate":0.0,"timestamp":1610456757,"path_taken":["M","M","?","$","?","R","?","R","T","$","R","E","M","M","R","BOSS","M","M","$","?","?","E","R","M","T","M","E","?","R","M","R","BOSS","M","$","M","?","M","R","M","R","T","E","?","R","M","$","R","BOSS"],"items_purchased_type":["Card","Relic","Card","Card"],"build_version":"2020-12-22","purchased_purges":5,"victory":true,"max_hp_per_floor":[65,65,65,65,65,65,65,65,65,65,65,65,65,65,65,65,65,65,65,65,65,65,65,65,65,65,65,65,65,65,65,65,65,65,65,65,65,65,65,65,65,65,65,65,65,65,65,65,65,65],"card_choices":[{"not_picked":["CutThroughFate","Halt"],"picked":"PathToVictory","floor":1.0},{"not_picked":["SashWhip","JustLucky"],"picked":"PathToVictory","floor":2.0},{"not_picked":["Blasphemy","Indignation"],"picked":"InnerPeace","floor":5.0},{"not_picked":["BowlingBash","ForeignInfluence"],"picked":"Halt","floor":12.0},{"not_picked":["Indignation","FearNoEvil"],"picked":"LikeWater","floor":13.0},{"not_picked":["ThirdEye","SashWhip"],"picked":"PathToVictory","floor":14.0},{"not_picked":["Blasphemy","DeusExMachina"],"picked":"Vault","floor":16.0},{"not_picked":["BowlingBash","FlyingSleeves"],"picked":"Perseverance","floor":18.0},{"not_picked":["Adaptation","SashWhip+1","BattleHymn"],"picked":"SKIP","floor":19.0},{"not_picked":["Prostrate","EmptyBody","Vengeance"],"picked":"SKIP","floor":23.0},{"not_picked":["SashWhip+1","ClearTheMind","BowlingBash"],"picked":"SKIP","floor":25.0},{"not_picked":["Halt","FlurryOfBlows","EmptyBody"],"picked":"SKIP","floor":27.0},{"not_picked":["Alpha","Sanctity"],"picked":"Omniscience","floor":28.0},{"not_picked":["BowlingBash+1","CrushJoints"],"picked":"ClearTheMind+1","floor":29.0},{"not_picked":["ReachHeaven","SignatureMove+1","Crescendo+1"],"picked":"SKIP","floor":31.0},{"not_picked":["SashWhip"],"picked":"SKIP","floor":35.0},{"not_picked":["Wallop+1"],"picked":"SKIP","floor":37.0},{"not_picked":["Wallop+1"],"picked":"SKIP","floor":37.0},{"not_picked":["ClearTheMind"],"picked":"SKIP","floor":39.0},{"not_picked":["Consecrate"],"picked":"SKIP","floor":41.0},{"not_picked":[],"picked":"PathToVictory+1","floor":44.0},{"not_picked":[],"picked":"PathToVictory+1","floor":47.0}],"player_experience":652594,"relics_obtained":[{"floor":7.0,"key":"CloakClasp"},{"floor":9.0,"key":"PreservedInsect"},{"floor":12.0,"key":"Akabeko"},{"floor":22.0,"key":"Vajra"},{"floor":23.0,"key":"Art of War"},{"floor":26.0,"key":"Centennial Puzzle"},{"floor":28.0,"key":"Kunai"},{"floor":43.0,"key":"Boot"},{"floor":44.0,"key":"Pantograph"}],"event_choices":[{"damage_healed":0.0,"max_hp_gain":0.0,"max_hp_loss":0.0,"gold_gain":0.0,"event_name":"Match and Keep!","player_choice":"2 cards matched","floor":3.0,"gold_loss":0.0,"damage_taken":0.0,"cards_obtained":["SpiritShield","InnerPeace"]},{"damage_healed":0.0,"max_hp_gain":0.0,"max_hp_loss":0.0,"gold_gain":0.0,"event_name":"Dead Adventurer","player_choice":"Searched \u00272\u0027 times","floor":7.0,"gold_loss":0.0,"damage_taken":0.0},{"damage_healed":0.0,"max_hp_gain":0.0,"max_hp_loss":0.0,"gold_gain":0.0,"event_name":"Cursed Tome","player_choice":"Ignored","floor":21.0,"gold_loss":0.0,"damage_taken":0.0},{"cards_removed":["PathToVictory"],"damage_healed":0.0,"max_hp_gain":0.0,"max_hp_loss":0.0,"gold_gain":0.0,"event_name":"Falling","player_choice":"Removed Skill","floor":38.0,"gold_loss":0.0,"damage_taken":0.0},{"damage_healed":0.0,"max_hp_gain":0.0,"max_hp_loss":0.0,"gold_gain":0.0,"event_name":"Winding Halls","player_choice":"Embrace Madness","floor":45.0,"gold_loss":0.0,"damage_taken":8.0,"cards_obtained":["Madness","Madness"]}],"is_beta":false,"boss_relics":[{"not_picked":["Snecko Eye","Fusion Hammer"],"picked":"Empty Cage"},{"not_picked":["Coffee Dripper","HolyWater"],"picked":"Busted Crown"}],"items_purged_floors":[4,10,20,36,48],"is_endless":false,"potions_floor_spawned":[2,5,12,18,19,27,29,33,35,39,41,44],"ascension_level":9}}