{"host":"sc0o2qwpf9j16a4i","time":1610480089,"event":{"mods":["AchievementEnabler","BaseMod","BetterRewards","Block Reminder","Colored Map","Colored Powertips","Custom Start","Highlight Path","Minty Spire (QoL Compilation)","Relic Stats"],"gold_per_floor":[111,121,121,138,138,167,186,186,211,243,243,243,255,272,272,344,344,358,385,403,209,209,244,102,127,127,137,137,172,172,191,191,265,265,275,13,40,40,40,68,68,81,81,98,98,98,117,142,142,142,142,142,142,66,99,99],"floor_reached":57,"playtime":2721,"items_purged":["Strike_B","Strike_B"],"score":3356,"play_id":"88146426-a6e9-40b8-9cfe-f5b1bfd8b4ad","local_time":"20210112213449","is_ascension_mode":true,"campfire_choices":[{"data":"Ball Lightning","floor":8,"key":"SMITH"},{"data":"Sweeping Beam","floor":12,"key":"SMITH"},{"data":"Self Repair","floor":15,"key":"SMITH"},{"data":"Defragment","floor":28,"key":"SMITH"},{"data":"Loop","floor":30,"key":"SMITH"},{"data":"Capacitor","floor":32,"key":"SMITH"},{"floor":41,"key":"RECALL"},{"data":"Panache","floor":46,"key":"SMITH"},{"data":"Static Discharge","floor":49,"key":"SMITH"},{"data":"Barrage","floor":53,"key":"SMITH"}],"circlet_count":0,"master_deck":["AscendersBane","Strike_B","Strike_B+1","Defend_B","Defend_B","Defend_B","Defend_B","Zap","Dualcast","Self Repair+1","Cold Snap+1","Conserve Battery+1","Leap+1","Cold Snap","Ball Lightning+1","Stack+1","Sweeping Beam+1","Conserve Battery+1","Chill+1","Fission+1","Capacitor+1","Chaos+1","White Noise+1","Loop+1","Defragment+1","Static Discharge+1","Skim+1","Redo+1","Barrage+1","Echo Form","Aggregate+1","Apotheosis+1","Coolheaded+1","Panache+1","Defragment+1","Hologram+1","Hologram+1","Genetic Algorithm+1","Barrage","Reinforced Body+1","Biased Cognition","Reinforced Body+1"],"relics":["Cracked Core","Bag of Preparation","Eternal Feather","Omamori","Toxic Egg 2","Blood Vial","Matryoshka","Pocketwatch","Dead Branch","Chemical X","Medical Kit","Tiny Chest","CaptainsWheel","Dream Catcher","Meat on the Bone","Whetstone","Darkstone Periapt","Oddly Smooth Stone","Inserter","Potion Belt","Regal Pillow","StrikeDummy","Nunchaku","Pantograph","Red Mask","Runic Pyramid","DataDisk","Symbiotic Virus","Bag of Marbles","Torii","Vajra"],"acts_visited":["Exordium","TheCity","TheBeyond","TheEnding"],"potions_floor_usage":[13,23,29,33,35,47,56,56,56,56],"damage_taken":[{"damage":4,"enemies":"Small Slimes","floor":1,"turns":4},{"damage":2,"enemies":"2 Louse","floor":2,"turns":4},{"damage":0,"enemies":"Cultist","floor":4,"turns":5},{"damage":1,"enemies":"3 Sentries","floor":6,"turns":6},{"damage":4,"enemies":"Large Slime","floor":7,"turns":6},{"damage":1,"enemies":"Lagavulin","floor":10,"turns":6},{"damage":7,"enemies":"3 Louse","floor":13,"turns":2},{"damage":0,"enemies":"Looter","floor":14,"turns":2},{"damage":5,"enemies":"The Guardian","floor":16,"turns":12},{"damage":0,"enemies":"Chosen","floor":18,"turns":5},{"damage":2,"enemies":"Shell Parasite","floor":20,"turns":7},{"damage":8,"enemies":"Slavers","floor":23,"turns":5},{"damage":6,"enemies":"Gremlin Leader","floor":25,"turns":7},{"damage":0,"enemies":"Snake Plant","floor":27,"turns":4},{"damage":0,"enemies":"Masked Bandits","floor":29,"turns":2},{"damage":3,"enemies":"Cultist and Chosen","floor":31,"turns":6},{"damage":30,"enemies":"Collector","floor":33,"turns":7},{"damage":15,"enemies":"3 Darklings","floor":35,"turns":5},{"damage":0,"enemies":"Giant Head","floor":40,"turns":9},{"damage":5,"enemies":"3 Shapes","floor":42,"turns":4},{"damage":10,"enemies":"Sphere and 2 Shapes","floor":44,"turns":5},{"damage":0,"enemies":"Jaw Worm Horde","floor":47,"turns":4},{"damage":0,"enemies":"Mind Bloom Boss Battle","floor":48,"turns":4},{"damage":17,"enemies":"Time Eater","floor":50,"turns":24},{"damage":8,"enemies":"Donu and Deca","floor":51,"turns":8},{"damage":46,"enemies":"Shield and Spear","floor":55,"turns":6},{"damage":53,"enemies":"The Heart","floor":56,"turns":10}],"seed_played":"-1116501523075178110","potions_obtained":[{"floor":6,"key":"DuplicationPotion"},{"floor":7,"key":"Fruit Juice"},{"floor":13,"key":"EssenceOfSteel"},{"floor":25,"key":"Energy Potion"},{"floor":27,"key":"SneckoOil"},{"floor":31,"key":"GamblersBrew"},{"floor":33,"key":"SteroidPotion"},{"floor":40,"key":"FocusPotion"},{"floor":42,"key":"Swift Potion"},{"floor":47,"key":"SpeedPotion"}],"is_trial":false,"path_per_floor":["M","M","?","M","?","E","M","R","T","E","?","R","M","M","R","B",null,"M","T","M","$","?","E","$","E","T","M","R","?","R","M","R","B",null,"M","$","T","?","?","E","R","M","T","M","T","R","M","?","R","B","B",null,"R","$","E","B",null],"character_chosen":"DEFECT","items_purchased":["Bag of Preparation","Eternal Feather","Omamori","Toxic Egg 2","Blood Vial","Matryoshka","Pocketwatch","Dead Branch","Chemical X","Medical Kit","Self Repair","Tiny Chest","CaptainsWheel","Cold Snap","White Noise+1","Loop","Static Discharge","Apotheosis+1","Coolheaded+1","Biased Cognition"],"campfire_rested":0,"item_purchase_floors":[0,0,0,0,0,0,0,0,0,0,0,0,0,0,21,21,24,36,36,54],"current_hp_per_floor":[27,34,34,43,43,51,56,65,65,71,66,71,69,76,76,76,76,76,76,76,76,76,68,68,74,74,76,76,76,76,76,76,56,71,68,68,68,68,68,76,76,71,71,63,63,76,76,76,76,76,76,76,76,76,52,45],"gold":99,"neow_bonus":"","is_daily":false,"chose_seed":false,"campfire_upgraded":9,"win_rate":0.0,"timestamp":1610480089,"path_taken":["M","M","?","M","?","E","M","R","T","E","?","R","M","M","R","BOSS","M","?","?","$","?","E","$","E","T","M","R","?","R","M","R","BOSS","M","$","?","?","?","E","R","?","T","M","?","R","M","?","R","BOSS","BOSS","R","$","E","BOSS"],"items_purchased_type":["Relic","Relic","Relic","Relic","Relic","Relic","Relic","Relic","Relic","Relic","Card","Relic","Relic","Card","Card","Card","Card","Card","Card","Card"],"build_version":"2020-12-22","purchased_purges":2,"victory":true,"max_hp_per_floor":[71,71,71,71,71,71,71,71,71,71,71,71,76,76,76,76,76,76,76,76,76,76,76,76,76,76,76,76,76,76,76,76,76,76,76,76,76,76,76,76,76,76,76,76,76,76,76,76,76,76,76,76,76,76,76,76],"relic_stats":{"Darkstone Periapt":0,"Regal Pillow":22,"Inserter":[51],"Torii":14,"counters":[73,395],"Dead Branch":[129],"Eternal Feather":27,"Bag of Preparation":[54],"Whetstone":["Strike_B","Cold Snap"],"Medical Kit":[19],"Blood Vial":42,"Dream Catcher":0,"Nunchaku":[11],"Pantograph":24,"Tiny Chest":3,"Chemical X":[17],"obtain_stats":[{"Calipers":48,"Vajra":55,"Whetstone":9,"Boot":44,"Blood Vial":30,"Centennial Puzzle":55,"HornCleat":26,"Sundial":26,"Strawberry":48,"Toxic Egg 2":0,"Blue Candle":24,"Dead Branch":0,"Oddly Smooth Stone":11,"Eternal Feather":0,"Pen Nib":46,"Runic Dome":17,"OrangePellets":48,"Molten Egg 2":27,"StrikeDummy":23,"Symbiotic Virus":43,"Pocketwatch":0,"Meat on the Bone":9,"Darkstone Periapt":10,"Regal Pillow":19,"Torii":48,"Bag of Preparation":0,"Cursed Key":34,"Nunchaku":27,"Dream Catcher":40,"Matryoshka":9,"Gambling Chip":37,"Pantograph":54,"Tiny Chest":0,"Red Mask":21,"Chemical X":0,"Cracked Core":0,"InkBottle":43,"Runic Pyramid":17,"Potion Belt":19,"Inserter":17,"PreservedInsect":6,"Omamori":19,"Orichalcum":4,"Frozen Egg 2":0,"Medical Kit":0,"Mercury Hourglass":26,"Anchor":7,"DataDisk":29,"CaptainsWheel":0,"Orrery":19,"Bag of Marbles":45,"Bottled Lightning":13,"Membership Card":0},{"Calipers":42,"Vajra":72,"Whetstone":51,"Boot":40,"Blood Vial":16,"Centennial Puzzle":45,"HornCleat":28,"Sundial":28,"Strawberry":42,"Toxic Egg 2":46,"Blue Candle":28,"Dead Branch":46,"Oddly Smooth Stone":52,"Eternal Feather":46,"Pen Nib":41,"Runic Dome":9,"OrangePellets":42,"Molten Egg 2":29,"StrikeDummy":58,"Symbiotic Virus":66,"Pocketwatch":46,"Meat on the Bone":51,"Darkstone Periapt":52,"Regal Pillow":56,"Torii":69,"Bag of Preparation":46,"Cursed Key":33,"Nunchaku":14,"Dream Catcher":38,"Matryoshka":21,"Gambling Chip":35,"Pantograph":44,"Tiny Chest":46,"Red Mask":12,"Chemical X":46,"Cracked Core":0,"InkBottle":39,"Runic Pyramid":24,"Potion Belt":56,"Inserter":55,"PreservedInsect":4,"Omamori":25,"Orichalcum":2,"Frozen Egg 2":17,"Medical Kit":46,"Mercury Hourglass":13,"Anchor":21,"DataDisk":30,"CaptainsWheel":46,"Orrery":10,"Bag of Marbles":67,"Bottled Lightning":7,"Membership Card":17},{"Calipers":202,"Vajra":385,"Whetstone":252,"Boot":192,"Blood Vial":72,"Centennial Puzzle":219,"HornCleat":135,"Sundial":135,"Strawberry":202,"Toxic Egg 2":227,"Blue Candle":135,"Dead Branch":227,"Oddly Smooth Stone":258,"Eternal Feather":227,"Pen Nib":196,"Runic Dome":45,"OrangePellets":202,"Molten Egg 2":137,"StrikeDummy":291,"Symbiotic Virus":334,"Pocketwatch":227,"Meat on the Bone":252,"Darkstone Periapt":258,"Regal Pillow":279,"Torii":347,"Bag of Preparation":227,"Cursed Key":160,"Nunchaku":63,"Dream Catcher":179,"Matryoshka":101,"Gambling Chip":167,"Pantograph":214,"Tiny Chest":227,"Red Mask":56,"Chemical X":227,"Cracked Core":0,"InkBottle":185,"Runic Pyramid":119,"Potion Belt":279,"Inserter":274,"PreservedInsect":16,"Omamori":122,"Orichalcum":8,"Frozen Egg 2":86,"Medical Kit":227,"Mercury Hourglass":61,"Anchor":101,"DataDisk":143,"CaptainsWheel":227,"Orrery":49,"Bag of Marbles":339,"Bottled Lightning":25,"Membership Card":86}],"Pocketwatch":[114],"Meat on the Bone":24},"card_choices":[{"not_picked":["Stack+1","Gash"],"picked":"Conserve Battery+1","floor":1},{"not_picked":["Beam Cell","Hologram+1"],"picked":"Leap+1","floor":2},{"not_picked":["Go for the Eyes","Conserve Battery+1"],"picked":"Cold Snap","floor":4},{"not_picked":["Coolheaded+1","Skim+1"],"picked":"Ball Lightning","floor":6},{"not_picked":["Scrape","Thunder Strike"],"picked":"Stack+1","floor":7},{"not_picked":["Cold Snap","Steam+1"],"picked":"Sweeping Beam","floor":10},{"not_picked":["Consume+1","Compile Driver"],"picked":"Conserve Battery+1","floor":13},{"not_picked":["Stack+1","Conserve Battery+1"],"picked":"Chill+1","floor":14},{"not_picked":["Buffer","All For One"],"picked":"Fission+1","floor":16},{"not_picked":["Steam+1","BootSequence+1"],"picked":"Capacitor","floor":18},{"not_picked":["Rip and Tear","Leap+1"],"picked":"Chaos+1","floor":20},{"not_picked":["Auto Shields+1","Beam Cell","Stack+1"],"picked":"SKIP","floor":23},{"not_picked":["Streamline","Leap+1"],"picked":"Skim+1","floor":25},{"not_picked":["Sunder","Lockon"],"picked":"Redo+1","floor":27},{"not_picked":["Rebound","Cold Snap"],"picked":"Barrage","floor":29},{"not_picked":["Hello World","Gash","Sweeping Beam"],"picked":"SKIP","floor":31},{"not_picked":["Core Surge","Meteor Strike"],"picked":"Echo Form","floor":33},{"not_picked":["Blizzard+1","Static Discharge"],"picked":"Aggregate+1","floor":35},{"not_picked":["Jack Of All Trades+1","HandOfGreed"],"picked":"Panache","floor":38},{"not_picked":["Barrage","Storm"],"picked":"Hologram+1","floor":40},{"not_picked":["Rebound+1","Scrape"],"picked":"Hologram+1","floor":42},{"not_picked":["Rebound+1","Ball Lightning"],"picked":"Genetic Algorithm+1","floor":44},{"not_picked":["Steam+1","Doom and Gloom"],"picked":"Barrage","floor":47},{"not_picked":["Hello World","Beam Cell"],"picked":"Reinforced Body+1","floor":48},{"not_picked":["Rebound","BootSequence+1"],"picked":"Reinforced Body+1","floor":55}],"player_experience":615937,"relics_obtained":[{"floor":6,"key":"Dream Catcher"},{"floor":9,"key":"Meat on the Bone"},{"floor":9,"key":"Whetstone"},{"floor":10,"key":"Darkstone Periapt"},{"floor":19,"key":"Potion Belt"},{"floor":19,"key":"Regal Pillow"},{"floor":23,"key":"StrikeDummy"},{"floor":25,"key":"Nunchaku"},{"floor":26,"key":"Pantograph"},{"floor":29,"key":"Red Mask"},{"floor":40,"key":"DataDisk"},{"floor":43,"key":"Symbiotic Virus"},{"floor":45,"key":"Bag of Marbles"},{"floor":48,"key":"Torii"},{"floor":55,"key":"Vajra"}],"event_choices":[{"damage_healed":0,"gold_gain":0,"player_choice":"Ignored","damage_taken":0,"max_hp_gain":0,"max_hp_loss":0,"event_name":"Golden Wing","floor":3,"gold_loss":0},{"damage_healed":0,"gold_gain":0,"player_choice":"Leave","damage_taken":0,"max_hp_gain":0,"max_hp_loss":0,"event_name":"The Cleric","floor":5,"gold_loss":0},{"damage_healed":0,"gold_gain":0,"player_choice":"Success","damage_taken":5,"relics_obtained":["Oddly Smooth Stone"],"max_hp_gain":0,"max_hp_loss":0,"event_name":"Scrap Ooze","floor":11,"gold_loss":0},{"damage_healed":0,"gold_gain":0,"player_choice":"Read","damage_taken":0,"max_hp_gain":0,"max_hp_loss":0,"event_name":"The Library","floor":22,"gold_loss":0,"cards_obtained":["Defragment"]},{"damage_healed":0,"gold_gain":0,"player_choice":"Fought Bandits","damage_taken":0,"max_hp_gain":0,"max_hp_loss":0,"event_name":"Masked Bandits","floor":29,"gold_loss":0},{"damage_healed":0,"gold_gain":0,"player_choice":"Memory 1","damage_taken":0,"max_hp_gain":0,"max_hp_loss":0,"event_name":"SensoryStone","floor":38,"gold_loss":0},{"damage_healed":0,"gold_gain":0,"player_choice":"Copied","damage_taken":0,"max_hp_gain":0,"max_hp_loss":0,"event_name":"Duplicator","floor":39,"gold_loss":0,"cards_obtained":["Defragment"]},{"damage_healed":0,"gold_gain":0,"player_choice":"Fight","damage_taken":0,"max_hp_gain":0,"max_hp_loss":0,"event_name":"MindBloom","floor":48,"gold_loss":0}],"is_beta":false,"boss_relics":[{"not_picked":["SacredBark","Pandora\u0027s Box"],"picked":"Inserter"},{"not_picked":["Velvet Choker","FrozenCore"],"picked":"Runic Pyramid"}],"items_purged_floors":[21,24],"is_endless":false,"potions_floor_spawned":[6,7,10,13,25,27,31,33,40,42,47],"ascension_level":20}}