{"host":"ygfasg9u7olr7skw","time":1610409907,"event":{"mods":["AchievementEnabler","BaseMod","Better Note","Better Vampires","Colored Powertips","Minty Spire (QoL Compilation)","Replay The Spire","Spicy Shops","StSLib","The IronCluck"],"gold_per_floor":[114,126,143,18,18,46,46,64,64,64,74,74,74,87,87,191,191,208,56,71,86,86,86,286,286,303,303,303,317,71,88,88,99,99,203,203,213,233,233,233,31,31,41,41,41,55,55,55,105,120,120,120],"floor_reached":53,"playtime":6016,"items_purged":["Replay:Many Hands+1","Strike_R","Strike_R"],"score":636,"play_id":"be5ae8ef-f3e2-490e-b6b5-2c73efec65e3","local_time":"20210111190507","is_ascension_mode":false,"campfire_choices":[{"data":"Iron Wave","floor":10,"key":"SMITH"},{"data":"Madness","floor":10,"key":"SMITH"},{"data":"Body Slam","floor":13,"key":"SMITH"},{"data":"Body Slam","floor":13,"key":"SMITH"},{"data":"Iron Wave","floor":15,"key":"SMITH"},{"data":"Bash","floor":15,"key":"SMITH"},{"floor":25,"key":"REST"},{"floor":27,"key":"REST"},{"floor":34,"key":"REST"},{"floor":42,"key":"REST"},{"data":"Barricade","floor":44,"key":"SMITH"},{"data":"Body Slam","floor":44,"key":"SMITH"},{"floor":47,"key":"REST"},{"data":"Shrug It Off","floor":51,"key":"SMITH"},{"data":"Defend_R","floor":51,"key":"SMITH"}],"circlet_count":0,"master_deck":["Defend_R","Defend_R","Defend_R+1","Defend_R+1","Bash+1","Madness+1","Body Slam+1","Body Slam+1","Iron Wave+1","Iron Wave+1","Barricade+1","Burning Pact+1","Body Slam+1","Shrug It Off+1","True Grit+1","Parasite","Clothesline"],"relics":["Burning Blood","Replay:Arrowhead","Oddly Smooth Stone","Bottled Flame","Astrolabe","Replay:Rubber Ducky","Sundial","Anchor","InkBottle","Medical Kit","Red Skull","Molten Egg 2","Mango"],"acts_visited":["Exordium","TheCity","TheBeyond"],"potions_floor_usage":[16,16,26,26,29,29,35,37,43,52,52],"damage_taken":[{"damage":6,"enemies":"Cultist","floor":1,"turns":3},{"damage":2,"enemies":"2 Louse","floor":2,"turns":3},{"damage":3,"enemies":"Jaw Worm","floor":3,"turns":3},{"damage":55,"enemies":"Lagavulin","floor":6,"turns":11},{"damage":7,"enemies":"2 Fungi Beasts","floor":8,"turns":4},{"damage":0,"enemies":"Large Slime","floor":11,"turns":5},{"damage":6,"enemies":"3 Louse","floor":14,"turns":4},{"damage":23,"enemies":"Hexaghost","floor":16,"turns":11},{"damage":34,"enemies":"Shell Parasite","floor":18,"turns":6},{"damage":15,"enemies":"Spheric Guardian","floor":20,"turns":6},{"damage":11,"enemies":"Centurion and Healer","floor":21,"turns":9},{"damage":58,"enemies":"3 Cultists","floor":26,"turns":7},{"damage":30,"enemies":"Shelled Parasite and Fungi","floor":29,"turns":6},{"damage":4,"enemies":"Snake Plant","floor":31,"turns":5},{"damage":0,"enemies":"Centurion and Healer","floor":33,"turns":7},{"damage":41,"enemies":"Collector","floor":35,"turns":11},{"damage":27,"enemies":"3 Darklings","floor":37,"turns":7},{"damage":19,"enemies":"3 Shapes","floor":38,"turns":9},{"damage":0,"enemies":"Writhing Mass","floor":43,"turns":6},{"damage":37,"enemies":"Spire Growth","floor":46,"turns":5},{"damage":0,"enemies":"Mind Bloom Boss Battle","floor":49,"turns":5},{"damage":0,"enemies":"Maw","floor":50,"turns":7},{"damage":12,"enemies":"Awakened One","floor":52,"turns":11}],"seed_played":"8155024126105302996","potions_obtained":[{"floor":1,"key":"Regen Potion"},{"floor":3,"key":"Languid Potion"},{"floor":8,"key":"Weak Potion"},{"floor":16,"key":"Swift Potion"},{"floor":18,"key":"GamblersBrew"},{"floor":26,"key":"PowerPotion"},{"floor":31,"key":"DuplicationPotion"},{"floor":35,"key":"BlessingOfTheForge"},{"floor":38,"key":"Weak Potion"},{"floor":46,"key":"EssenceOfSteel"},{"floor":50,"key":"Weak Potion"}],"is_trial":false,"path_per_floor":["M","M","M","$","?","E","?","M","T","R","M","?","R","M","R","B",null,"M","$","M","M","PTL","PTL","?","R","M","R","T","M","$","M","?","M","R","B",null,"M","M","?","T","$","R","M","R","T","M","R","T","?","M","R","B",null],"character_chosen":"IRONCLAD","items_purchased":["Replay:Arrowhead","Replay:Rubber Ducky","Anchor","Medical Kit"],"campfire_rested":5,"item_purchase_floors":[4,19,30,41],"current_hp_per_floor":[80,80,80,80,80,31,57,56,56,56,62,62,62,62,62,60,80,52,52,43,38,38,38,38,62,10,34,34,10,10,12,12,18,42,7,80,59,46,46,46,46,70,76,76,76,45,69,69,89,94,94,88],"gold":120,"neow_bonus":"RANDOM_COLORLESS","is_daily":false,"chose_seed":false,"campfire_upgraded":10,"win_rate":0.0,"timestamp":1610409907,"path_taken":["M","M","?","$","?","E","?","M","T","R","M","?","R","M","R","BOSS","M","$","M","M","PTL","PTL","?","R","M","R","T","M","$","M","?","?","R","BOSS","M","M","?","?","?","R","M","R","T","?","R","?","?","M","R","BOSS"],"items_purchased_type":["Relic","Relic","Relic","Relic"],"build_version":"2020-12-22","purchased_purges":3,"victory":true,"max_hp_per_floor":[80,80,80,80,80,80,80,80,80,80,80,80,80,80,80,80,80,80,80,80,80,80,80,80,80,80,80,80,80,80,80,80,80,80,80,80,80,80,80,80,80,80,80,80,80,80,80,80,94,94,94,94],"card_choices":[{"not_picked":["Trip","Swift Strike"],"picked":"Madness","floor":0},{"not_picked":["Pommel Strike","Hemokinesis","Sword Boomerang"],"picked":"SKIP","floor":1},{"not_picked":["Run Through","Pommel Strike","Anger"],"picked":"SKIP","floor":2},{"not_picked":["Anger","True Grit"],"picked":"Body Slam","floor":3},{"not_picked":["Whirlwind","Heavy Blade"],"picked":"Body Slam","floor":6},{"not_picked":["Clothesline","Inflame"],"picked":"Iron Wave","floor":8},{"not_picked":["ReplayTheSpireMod:LeadingStrike","Pommel Strike"],"picked":"Iron Wave","floor":11},{"not_picked":["Inflame","Abandon","Run Through"],"picked":"SKIP","floor":14},{"not_picked":["Impervious","Demonic Infusion"],"picked":"Barricade","floor":16},{"not_picked":["Flex","ReplayTheSpireMod:Strike From Hell","Replay:Undeath\u0027s Touch"],"picked":"SKIP","floor":18},{"not_picked":["Sword Boomerang","Headbutt","Clothesline"],"picked":"SKIP","floor":20},{"not_picked":["Blood for Blood+1","Wild Strike+1"],"picked":"Body Slam","floor":21},{"not_picked":["Cleave","Sword Boomerang+1","Clothesline+1"],"picked":"SKIP","floor":26},{"not_picked":["ReplayTheSpireMod:Limb From Limb","Run Through","Armaments"],"picked":"SKIP","floor":29},{"not_picked":["Power Through","Headbutt"],"picked":"Shrug It Off","floor":31},{"not_picked":["Wild Strike","Iron Wave","Fire Breathing"],"picked":"SKIP","floor":33},{"not_picked":["Battle Trance+1","ReplayReversal","Havoc+1"],"picked":"SKIP","floor":37},{"not_picked":["Warcry+1","Sword Boomerang+1"],"picked":"True Grit+1","floor":38},{"not_picked":["Infernal Blade+1","Pummel","Bloodletting"],"picked":"SKIP","floor":43},{"not_picked":["Iron Wave","Wild Strike"],"picked":"Clothesline","floor":46},{"not_picked":["Run Through+1","Armaments","Anger+1"],"picked":"SKIP","floor":50}],"player_experience":245029,"relics_obtained":[{"floor":6,"key":"Oddly Smooth Stone"},{"floor":9,"key":"Bottled Flame"},{"floor":28,"key":"Sundial"},{"floor":40,"key":"InkBottle"},{"floor":45,"key":"Red Skull"},{"floor":48,"key":"Molten Egg 2"},{"floor":49,"key":"Mango"}],"event_choices":[{"damage_healed":26,"gold_gain":0,"player_choice":"Banana","damage_taken":0,"max_hp_gain":0,"max_hp_loss":0,"event_name":"Big Fish","floor":7,"gold_loss":0},{"cards_removed":["Injury"],"damage_healed":0,"gold_gain":0,"player_choice":"Forget","damage_taken":0,"max_hp_gain":0,"max_hp_loss":0,"event_name":"Living Wall","floor":12,"gold_loss":0},{"damage_healed":0,"gold_gain":200,"player_choice":"Gold","damage_taken":0,"max_hp_gain":0,"max_hp_loss":0,"event_name":"Wheel of Change","floor":24,"gold_loss":0},{"cards_removed":["Strike_R"],"damage_healed":0,"gold_gain":0,"player_choice":"Give","damage_taken":0,"max_hp_gain":0,"max_hp_loss":0,"event_name":"betterNote:BetterNote","floor":32,"gold_loss":0,"cards_obtained":["Cleave"]},{"cards_removed":["Demon Form"],"damage_healed":0,"gold_gain":0,"player_choice":"Removed Power","damage_taken":0,"max_hp_gain":0,"max_hp_loss":0,"event_name":"Falling","floor":39,"gold_loss":0},{"damage_healed":0,"gold_gain":0,"player_choice":"Fight","damage_taken":0,"max_hp_gain":0,"max_hp_loss":0,"event_name":"MindBloom","floor":49,"gold_loss":0}],"is_beta":false,"boss_relics":[{"not_picked":["Snecko Eye","SacredBark"],"picked":"Astrolabe"},{"not_picked":["Coffee Dripper","Kintsugi","Mark of Pain"]}],"items_purged_floors":[19,30,41],"is_endless":false,"potions_floor_spawned":[1,3,8,16,18,26,31,35,38,46,50],"ascension_level":0}}