{"host":"08sn1703g14rasc1","time":1610422398,"event":{"mods":["AchievementEnabler","BaseMod","Colored Map","Colored Powertips","Hermit","Minty Spire (QoL Compilation)","StSLib"],"gold_per_floor":[119,119,119,119,129,129,146,146,146,159,173,173,196,228,228,228,228],"floor_reached":16,"playtime":407,"items_purged":[],"score":190,"play_id":"b7ffea35-bd4d-4eb0-ab42-cf10c22f80f6","local_time":"20210111193318","is_ascension_mode":true,"campfire_choices":[{"data":"Bash","floor":6.0,"key":"SMITH"},{"data":"Power Through","floor":8.0,"key":"SMITH"},{"data":"Headbutt","floor":15.0,"key":"SMITH"}],"circlet_count":0,"master_deck":["Strike_R","Strike_R","Strike_R","Strike_R","Strike_R","Defend_R","Defend_R","Defend_R","Bash+1","True Grit","Second Wind","True Grit","Power Through+1","Limit Break","Sentinel","Headbutt+1"],"relics":["Burning Blood","Mercury Hourglass","Pear","Strawberry","Regal Pillow","Mango"],"acts_visited":["Exordium"],"potions_floor_usage":[16],"damage_taken":[{"damage":5.0,"enemies":"Small Slimes","floor":1.0,"turns":4.0},{"damage":12.0,"enemies":"Jaw Worm","floor":5.0,"turns":5.0},{"damage":3.0,"enemies":"Cultist","floor":7.0,"turns":4.0},{"damage":0.0,"enemies":"Large Slime","floor":10.0,"turns":5.0},{"damage":0.0,"enemies":"Red Slaver","floor":11.0,"turns":4.0},{"damage":37.0,"enemies":"Lagavulin","floor":14.0,"turns":8.0},{"damage":63,"enemies":"Hexaghost","floor":16,"turns":13}],"seed_played":"-2051328889932037465","potions_obtained":[{"floor":1.0,"key":"SneckoOil"},{"floor":11.0,"key":"Weak Potion"},{"floor":14.0,"key":"SteroidPotion"}],"is_trial":false,"path_per_floor":["M","?","?","T","M","R","M","R","T","M","M","?","T","E","R","B"],"character_chosen":"IRONCLAD","items_purchased":[],"campfire_rested":0,"item_purchase_floors":[],"current_hp_per_floor":[73,66,71,71,65,65,68,68,78,84,90,79,79,62,62,0,0],"gold":228,"neow_bonus":"THREE_CARDS","is_daily":false,"chose_seed":false,"campfire_upgraded":3,"win_rate":0.0,"timestamp":1610422398,"path_taken":["M","?","?","?","M","R","M","R","T","M","?","?","?","E","R","BOSS"],"items_purchased_type":[],"build_version":"2020-12-22","purchased_purges":0,"victory":false,"max_hp_per_floor":[80,80,85,85,85,85,85,85,95,95,95,102,102,116,116,116,116],"card_choices":[{"not_picked":["Havoc","Body Slam"],"picked":"True Grit","floor":0.0},{"not_picked":["Headbutt","Warcry"],"picked":"Second Wind","floor":1.0},{"not_picked":["Uppercut","Flex"],"picked":"True Grit","floor":5.0},{"not_picked":["Thunderclap","Armaments"],"picked":"Power Through","floor":7.0},{"not_picked":["Evolve","Thunderclap"],"picked":"Limit Break","floor":10.0},{"not_picked":["Heavy Blade","Sever Soul"],"picked":"Sentinel","floor":11.0},{"not_picked":["Body Slam","Clothesline"],"picked":"Headbutt","floor":14.0}],"player_experience":474956,"relics_obtained":[{"floor":4.0,"key":"Mercury Hourglass"},{"floor":9.0,"key":"Pear"},{"floor":13.0,"key":"Regal Pillow"},{"floor":14.0,"key":"Mango"}],"event_choices":[{"cards_removed":["Defend_R"],"damage_healed":0.0,"max_hp_gain":0.0,"max_hp_loss":0.0,"gold_gain":0.0,"event_name":"Golden Wing","player_choice":"Card Removal","floor":2.0,"gold_loss":0.0,"damage_taken":7.0},{"damage_healed":0.0,"max_hp_gain":5.0,"max_hp_loss":0.0,"gold_gain":0.0,"event_name":"Big Fish","player_choice":"Donut","floor":3.0,"gold_loss":0.0,"damage_taken":0.0},{"damage_healed":0.0,"max_hp_gain":0.0,"max_hp_loss":0.0,"gold_gain":0.0,"event_name":"Scrap Ooze","player_choice":"Success","floor":12.0,"gold_loss":0.0,"damage_taken":18.0,"relics_obtained":["Strawberry"]}],"is_beta":false,"boss_relics":[],"items_purged_floors":[],"is_endless":false,"potions_floor_spawned":[1,11,14],"killed_by":"Hexaghost","ascension_level":8}}