{"host":"Bilverbakes","time":1610421452,"event":{"mods":["2.2 Compatiblity","AchievementEnabler","BaseMod","Bestiary","Colored Map","Minty Spire (QoL Compilation)","Relic Stats","StSLib","ojb\u0027s Info Mod"],"gold_per_floor":[13,24,44,119,119,119,159,159,186,211,231,231,231,265,265,363,363,382,382,395,420,436,436,474,494,542,542,555,571,58,183,183,282,282,296,365,365,698,253,253,278,278,302,332,350,24,40,73,73,73,73,73,73,73,102,102],"floor_reached":57,"playtime":4057,"items_purged":["Strike_G"],"score":2705,"play_id":"d35ecd54-9b7b-429b-ba58-f5bfc037cdf4","local_time":"20210111211732","is_ascension_mode":true,"campfire_choices":[{"data":"Apotheosis","floor":6.0,"key":"SMITH"},{"data":"Dash","floor":8.0,"key":"SMITH"},{"data":"Dagger Spray","floor":12.0,"key":"SMITH"},{"floor":15.0,"key":"REST"},{"floor":23.0,"key":"REST"},{"data":"Footwork","floor":27.0,"key":"SMITH"},{"data":"Noxious Fumes","floor":32.0,"key":"SMITH"},{"data":"Malaise","floor":40.0,"key":"SMITH"},{"data":"Footwork","floor":42.0,"key":"SMITH"},{"floor":49.0,"key":"RECALL"},{"data":"Caltrops","floor":53.0,"key":"SMITH"}],"circlet_count":0,"master_deck":["AscendersBane","Survivor","Neutralize","Apotheosis+1","Riddle With Holes","Underhanded Strike","Dash+1","Dagger Spray+1","Bouncing Flask","Malaise+1","Footwork+1","Dash","Caltrops+1","Catalyst","Noxious Fumes+1","Wraith Form v2","Backstab","Crippling Poison","Concentrate","Phantasmal Killer","Dagger Spray","Bullet Time","Dagger Throw","Bouncing Flask","Quick Slash","Catalyst","Footwork+1","Calculated Gamble","Well Laid Plans+1","Wraith Form v2"],"relics":["Ring of the Snake","Boot","Toy Ornithopter","Art of War","Snecko Eye","Question Card","Bag of Preparation","Shuriken","Juzu Bracelet","Bird Faced Urn","Eternal Feather","Pandora\u0027s Box","Calipers","Bottled Tornado","Strawberry","Turnip","HornCleat","TungstenRod","Torii","Oddly Smooth Stone"],"acts_visited":["Exordium","TheCity","TheBeyond","TheEnding"],"potions_floor_usage":[],"damage_taken":[{"damage":0.0,"enemies":"2 Louse","floor":1.0,"turns":4.0},{"damage":0.0,"enemies":"Small Slimes","floor":2.0,"turns":4.0},{"damage":1.0,"enemies":"Jaw Worm","floor":3.0,"turns":4.0},{"damage":9.0,"enemies":"Lagavulin","floor":7.0,"turns":8.0},{"damage":6.0,"enemies":"Gremlin Gang","floor":10.0,"turns":6.0},{"damage":0.0,"enemies":"Blue Slaver","floor":11.0,"turns":4.0},{"damage":16.0,"enemies":"3 Sentries","floor":14.0,"turns":6.0},{"damage":9.0,"enemies":"Slime Boss","floor":16.0,"turns":8.0},{"damage":0.0,"enemies":"Spheric Guardian","floor":18.0,"turns":3.0},{"damage":8.0,"enemies":"Chosen","floor":20.0,"turns":5.0},{"damage":0.0,"enemies":"Snake Plant","floor":21.0,"turns":4.0},{"damage":12.0,"enemies":"Shelled Parasite and Fungi","floor":22.0,"turns":7.0},{"damage":7.0,"enemies":"Book of Stabbing","floor":24.0,"turns":6.0},{"damage":0.0,"enemies":"Cultist and Chosen","floor":25.0,"turns":7.0},{"damage":10.0,"enemies":"Snake Plant","floor":28.0,"turns":4.0},{"damage":0.0,"enemies":"Snecko","floor":29.0,"turns":4.0},{"damage":0.0,"enemies":"Colosseum Slavers","floor":31.0,"turns":2.0},{"damage":0.0,"enemies":"Colosseum Nobs","floor":31.0,"turns":4.0},{"damage":45.0,"enemies":"Collector","floor":33.0,"turns":8.0},{"damage":18.0,"enemies":"3 Shapes","floor":35.0,"turns":5.0},{"damage":18.0,"enemies":"2 Orb Walkers","floor":36.0,"turns":4.0},{"damage":0.0,"enemies":"Mind Bloom Boss Battle","floor":41.0,"turns":3.0},{"damage":18.0,"enemies":"Reptomancer","floor":44.0,"turns":5.0},{"damage":1.0,"enemies":"Orb Walker","floor":45.0,"turns":3.0},{"damage":2.0,"enemies":"Jaw Worm Horde","floor":47.0,"turns":5.0},{"damage":1.0,"enemies":"Nemesis","floor":48.0,"turns":5.0},{"damage":7.0,"enemies":"Time Eater","floor":50.0,"turns":7.0},{"damage":59.0,"enemies":"Awakened One","floor":51.0,"turns":13.0},{"damage":0,"enemies":"Shield and Spear","floor":55,"turns":6},{"damage":39,"enemies":"The Heart","floor":56,"turns":8}],"seed_played":"120771363746034865","potions_obtained":[{"floor":1.0,"key":"Weak Potion"},{"floor":2.0,"key":"Weak Potion"},{"floor":11.0,"key":"Block Potion"},{"floor":14.0,"key":"Fire Potion"},{"floor":16.0,"key":"CunningPotion"},{"floor":18.0,"key":"Energy Potion"},{"floor":22.0,"key":"EssenceOfSteel"},{"floor":31.0,"key":"BlessingOfTheForge"},{"floor":33.0,"key":"Explosive Potion"},{"floor":36.0,"key":"DuplicationPotion"},{"floor":41.0,"key":"Fruit Juice"},{"floor":47.0,"key":"SteroidPotion"},{"floor":48.0,"key":"Poison Potion"}],"is_trial":false,"path_per_floor":["M","M","M","?","?","R","E","R","T","M","M","R","?","E","R","B",null,"M","?","M","M","M","R","E","M","T","R","M","M","$","?","R","B",null,"M","?","?","?","$","R","?","R","T","E","M","$","M","E","R","B","B",null,"R","$","E","B",null],"character_chosen":"THE_SILENT","items_purchased":["Shuriken","Juzu Bracelet","Bottled Tornado","Strawberry","TungstenRod"],"campfire_rested":2,"item_purchase_floors":[30,30,39,39,46],"current_hp_per_floor":[59,59,58,47,47,47,38,38,38,37,37,37,37,26,44,40,55,55,46,38,43,31,49,47,47,47,47,37,37,37,42,57,17,49,37,26,26,26,33,48,50,65,65,53,60,60,64,72,72,71,26,61,72,72,72,43],"gold":102,"neow_bonus":"RANDOM_COLORLESS_2","is_daily":false,"chose_seed":false,"campfire_upgraded":8,"win_rate":0.0,"timestamp":1610421452,"path_taken":["M","M","M","?","?","R","E","R","T","M","M","R","?","E","R","BOSS","M","?","M","?","M","R","E","M","T","R","M","M","$","?","R","BOSS","M","?","?","?","?","R","?","R","T","E","M","$","M","E","R","BOSS","BOSS","R","$","E","BOSS"],"items_purchased_type":["Relic","Relic","Relic","Relic","Relic"],"build_version":"2020-12-18","purchased_purges":1,"victory":true,"max_hp_per_floor":[66,66,66,66,60,60,60,60,60,60,60,60,60,60,60,60,60,60,60,60,60,60,60,60,60,60,60,60,60,60,60,60,60,60,60,60,60,60,67,67,67,67,67,67,67,67,67,72,72,72,72,72,72,72,72,72],"relic_stats":{"Torii":33,"counters":[30,162],"Eternal Feather":56,"Bag of Preparation":[16],"Juzu Bracelet":0,"Boot":[194],"Question Card":13,"Shuriken":[17],"Bird Faced Urn":[62],"Snecko Eye":[213,204,227,184],"Pandora\u0027s Box":["Backstab","Crippling Poison","Concentrate","Phantasmal Killer","Dagger Spray","Bullet Time","Dagger Throw","Bouncing Flask","Quick Slash"],"Turnip":[3],"Art of War":[20],"obtain_stats":[{"Calipers":36,"Torii":48,"Golden Idol":5,"Oddly Smooth Stone":55,"Eternal Feather":31,"Bag of Preparation":26,"Juzu Bracelet":30,"Bottled Tornado":39,"Boot":7,"Question Card":24,"HornCleat":44,"Shuriken":30,"Bird Faced Urn":31,"Strawberry":39,"Snecko Eye":17,"Pandora\u0027s Box":34,"Turnip":41,"Art of War":14,"Toy Ornithopter":9,"TungstenRod":46,"Ring of the Snake":0},{"Calipers":21,"Torii":26,"Golden Idol":3,"Oddly Smooth Stone":29,"Eternal Feather":18,"Bag of Preparation":14,"Juzu Bracelet":16,"Bottled Tornado":21,"Boot":4,"Question Card":13,"HornCleat":23,"Shuriken":16,"Bird Faced Urn":18,"Strawberry":21,"Snecko Eye":8,"Pandora\u0027s Box":19,"Turnip":22,"Art of War":7,"Toy Ornithopter":4,"TungstenRod":24,"Ring of the Snake":0},{"Calipers":107,"Torii":128,"Golden Idol":12,"Oddly Smooth Stone":154,"Eternal Feather":90,"Bag of Preparation":76,"Juzu Bracelet":84,"Bottled Tornado":107,"Boot":20,"Question Card":69,"HornCleat":115,"Shuriken":84,"Bird Faced Urn":90,"Strawberry":107,"Snecko Eye":44,"Pandora\u0027s Box":98,"Turnip":110,"Art of War":36,"Toy Ornithopter":20,"TungstenRod":118,"Ring of the Snake":0}],"Toy Ornithopter":42,"TungstenRod":69,"Ring of the Snake":[60]},"card_choices":[{"not_picked":["Magnetism","Master of Strategy"],"picked":"Apotheosis","floor":0.0},{"not_picked":["Footwork","Dagger Throw"],"picked":"Riddle With Holes","floor":1.0},{"not_picked":["Outmaneuver","Heel Hook"],"picked":"Underhanded Strike","floor":2.0},{"not_picked":["Deflect","Slice"],"picked":"Dash","floor":3.0},{"not_picked":["PiercingWail","Dagger Throw","Noxious Fumes"],"picked":"SKIP","floor":7.0},{"not_picked":["Bane","Quick Slash"],"picked":"Dagger Spray","floor":10.0},{"not_picked":["Deadly Poison","Deflect"],"picked":"Bouncing Flask","floor":11.0},{"not_picked":["Sucker Punch","Cloak And Dagger"],"picked":"Poisoned Stab","floor":14.0},{"not_picked":["A Thousand Cuts","Grand Finale"],"picked":"Malaise","floor":16.0},{"not_picked":["Quick Slash","Expertise+1","Poisoned Stab"],"picked":"SKIP","floor":18.0},{"not_picked":["Backflip","Riddle With Holes"],"picked":"Footwork","floor":20.0},{"not_picked":["Blade Dance","Slice"],"picked":"Dash","floor":21.0},{"not_picked":["Distraction","Sucker Punch"],"picked":"Caltrops","floor":22.0},{"not_picked":["Backstab","Escape Plan","Caltrops"],"picked":"SKIP","floor":24.0},{"not_picked":["Crippling Poison","Blade Dance","Endless Agony"],"picked":"Catalyst","floor":25.0},{"not_picked":["Dagger Throw","Deadly Poison+1","Backflip","Heel Hook"],"picked":"SKIP","floor":28.0},{"not_picked":["Dagger Throw","Deadly Poison+1","Backflip","Heel Hook"],"picked":"SKIP","floor":28.0},{"not_picked":["PiercingWail+1","Escape Plan","Calculated Gamble"],"picked":"Noxious Fumes","floor":29.0},{"not_picked":["Malaise","Tools of the Trade","Night Terror"],"picked":"Wraith Form v2","floor":33.0},{"not_picked":["Bane+1","Skewer","Sucker Punch+1"],"picked":"Catalyst","floor":35.0},{"not_picked":["Masterful Stab","Flechettes","PiercingWail"],"picked":"Footwork","floor":36.0},{"not_picked":["Poisoned Stab","Endless Agony","Bane+1"],"picked":"Calculated Gamble","floor":41.0},{"not_picked":["Bouncing Flask+1","Heel Hook","Bane+1","Escape Plan"],"picked":"SKIP","floor":44.0},{"not_picked":["Acrobatics","Dagger Throw","PiercingWail","Dagger Spray"],"picked":"SKIP","floor":45.0},{"not_picked":["Concentrate","Backflip+1","Dodge and Roll"],"picked":"Well Laid Plans+1","floor":47.0},{"not_picked":["Eviscerate","Malaise","Dagger Throw"],"picked":"Wraith Form v2","floor":48.0},{"not_picked":["Dagger Throw","Sucker Punch","Poisoned Stab+1","Backstab+1"],"picked":"SKIP","floor":55}],"player_experience":677536,"relics_obtained":[{"floor":7.0,"key":"Boot"},{"floor":9.0,"key":"Toy Ornithopter"},{"floor":14.0,"key":"Art of War"},{"floor":24.0,"key":"Question Card"},{"floor":26.0,"key":"Bag of Preparation"},{"floor":31.0,"key":"Bird Faced Urn"},{"floor":31.0,"key":"Eternal Feather"},{"floor":36.0,"key":"Calipers"},{"floor":41.0,"key":"Turnip"},{"floor":44.0,"key":"HornCleat"},{"floor":48.0,"key":"Torii"},{"floor":55,"key":"Oddly Smooth Stone"}],"event_choices":[{"damage_healed":0.0,"max_hp_gain":0.0,"max_hp_loss":0.0,"gold_gain":75.0,"event_name":"World of Goop","player_choice":"Gather Gold","floor":4.0,"gold_loss":0.0,"damage_taken":11.0},{"damage_healed":0.0,"max_hp_gain":0.0,"max_hp_loss":6.0,"gold_gain":0.0,"event_name":"Golden Idol","player_choice":"Lose Max HP","floor":5.0,"gold_loss":0.0,"damage_taken":0.0,"relics_obtained":["Golden Idol"]},{"damage_healed":0.0,"max_hp_gain":0.0,"max_hp_loss":0.0,"gold_gain":0.0,"event_name":"Shining Light","player_choice":"Ignored","floor":13.0,"gold_loss":0.0,"damage_taken":0.0},{"damage_healed":0.0,"max_hp_gain":0.0,"max_hp_loss":0.0,"gold_gain":0.0,"event_name":"Wheel of Change","player_choice":"Damaged","floor":19.0,"gold_loss":0.0,"damage_taken":9.0},{"damage_healed":0.0,"max_hp_gain":0.0,"max_hp_loss":0.0,"gold_gain":0.0,"event_name":"Colosseum","player_choice":"Fight","floor":31.0,"gold_loss":0.0,"damage_taken":0.0},{"damage_healed":0.0,"max_hp_gain":0.0,"max_hp_loss":0.0,"gold_gain":0.0,"event_name":"Colosseum","player_choice":"Fought Nobs","floor":31.0,"gold_loss":0.0,"damage_taken":0.0},{"damage_healed":0.0,"max_hp_gain":0.0,"max_hp_loss":0.0,"gold_gain":0.0,"event_name":"Mysterious Sphere","player_choice":"Fight","floor":36.0,"gold_loss":0.0,"damage_taken":0.0},{"cards_removed":["Poisoned Stab"],"damage_healed":0.0,"max_hp_gain":0.0,"max_hp_loss":0.0,"gold_gain":0.0,"event_name":"Falling","player_choice":"Removed Attack","floor":37.0,"gold_loss":0.0,"damage_taken":0.0},{"damage_healed":0.0,"max_hp_gain":0.0,"max_hp_loss":0.0,"gold_gain":333.0,"event_name":"The Moai Head","player_choice":"Gave Idol","floor":38.0,"relics_lost":["Golden Idol"],"gold_loss":0.0,"damage_taken":0.0},{"damage_healed":0.0,"max_hp_gain":0.0,"max_hp_loss":0.0,"gold_gain":0.0,"event_name":"MindBloom","player_choice":"Fight","floor":41.0,"gold_loss":0.0,"damage_taken":0.0}],"is_beta":true,"boss_relics":[{"not_picked":["Ectoplasm","Philosopher\u0027s Stone"],"picked":"Snecko Eye"},{"not_picked":["Runic Dome","Tiny House"],"picked":"Pandora\u0027s Box"}],"items_purged_floors":[30],"is_endless":false,"potions_floor_spawned":[1,2,11,14,16,18,22,31,31,33,36,41,47,48],"ascension_level":20}}