{"host":"yganem311pbhnzmn","time":1610444347,"event":{"mods":["AchievementEnabler","BaseMod","BetterRewards","Colored Map","Minty Spire (QoL Compilation)","Replay The Spire","Shop Mod","StSLib","SuperFastMode"],"gold_per_floor":[117,67,117,204,216,228,260,272,335,347,378,75,89,101,101,200,200,213,183,183],"floor_reached":19,"playtime":758,"items_purged":["Delirium"],"score":157,"play_id":"ea03a7ce-d0ec-4dbc-94de-9acefa49a0c8","local_time":"20210112183907","is_ascension_mode":false,"campfire_choices":[{"data":"Consecrate","floor":6,"key":"SMITH"},{"data":"CrushJoints","floor":8,"key":"SMITH"},{"floor":10,"key":"RECALL"},{"floor":15,"key":"REST"}],"circlet_count":0,"master_deck":["Strike_P","Strike_P","Strike_P","Strike_P","Defend_P","Defend_P","Defend_P","Defend_P","Eruption+1","EmptyBody","Consecrate+1","Perseverance+1","Amnesia","CrushJoints+1","Injury","JustLucky","EmptyBody","Alpha","Amnesia","Halt"],"relics":["PureWater","Nunchaku","Replay:Bottled Eggs","Ring of Greed","Ring of Searing","Replay:Wax Seal","MawBank","Lantern","Singing Bowl","Painkiller Herb"],"acts_visited":["Exordium","TheCity"],"potions_floor_usage":[],"damage_taken":[{"damage":0,"enemies":"Small Slimes","floor":1,"turns":3},{"damage":0,"enemies":"2 Louse","floor":7,"turns":3},{"damage":0,"enemies":"Jaw Worm","floor":11,"turns":2},{"damage":8,"enemies":"Looter","floor":13,"turns":3},{"damage":8,"enemies":"2 Fungi Beasts","floor":14,"turns":3},{"damage":59,"enemies":"Fading Forest","floor":16,"turns":11},{"damage":61,"enemies":"3 Byrds","floor":18,"turns":6},{"damage":20,"enemies":"2 Thieves","floor":19,"turns":1}],"seed_played":"-4102994264003719367","potions_obtained":[{"floor":11,"key":"Dexterity Potion"},{"floor":13,"key":"Cursed Concoction"},{"floor":18,"key":"Regen Potion"}],"is_trial":false,"path_per_floor":["M","$","?","?","?","R","M","R","T","R","M","$","M","M","R","B",null,"?","?"],"character_chosen":"WATCHER","items_purchased":["Nunchaku","Replay:Bottled Eggs","Consecrate","Singing Bowl"],"campfire_rested":1,"item_purchase_floors":[0,0,2,12],"current_hp_per_floor":[58,58,58,47,47,47,47,47,47,47,47,47,41,33,55,6,74,13,0,0],"gold":183,"neow_bonus":"","is_daily":false,"chose_seed":false,"campfire_upgraded":2,"win_rate":0.0,"timestamp":1610444347,"path_taken":["M","$","?","?","?","R","M","R","T","R","?","$","M","M","R","BOSS","?","?"],"items_purchased_type":["Relic","Relic","Card","Relic"],"build_version":"2020-12-22","purchased_purges":1,"victory":false,"max_hp_per_floor":[72,72,72,72,72,72,72,72,72,72,72,72,74,74,74,74,74,74,74,74],"card_choices":[{"not_picked":["Tantrum","Meditate"],"picked":"EmptyBody","floor":1},{"not_picked":["WheelKick","Evaluate"],"picked":"CrushJoints","floor":7},{"not_picked":["Prostrate","EmptyFist"],"picked":"JustLucky","floor":11},{"not_picked":["Replay:AtTheReady","Vault","Replay:Anticipation"],"picked":"Singing Bowl","floor":13},{"not_picked":["ThirdEye","Wireheading"],"picked":"EmptyBody","floor":14},{"not_picked":["Brilliance","LessonLearned"],"picked":"Alpha","floor":16},{"not_picked":["WaveOfTheHand","SashWhip"],"picked":"Halt","floor":18}],"player_experience":131267,"relics_obtained":[{"floor":3,"key":"Ring of Greed"},{"floor":3,"key":"Ring of Searing"},{"floor":3,"key":"Replay:Wax Seal"},{"floor":3,"key":"MawBank"},{"floor":9,"key":"Lantern"}],"event_choices":[{"damage_healed":0,"gold_gain":75,"player_choice":"Gather Gold","damage_taken":11,"max_hp_gain":0,"max_hp_loss":0,"event_name":"World of Goop","floor":4,"gold_loss":0}],"is_beta":false,"boss_relics":[{"not_picked":["Ectoplasm","Cursed Key"],"picked":"Painkiller Herb"}],"items_purged_floors":[12],"is_endless":false,"potions_floor_spawned":[11,13,18],"killed_by":"2 Thieves","ascension_level":0}}