{"host":"i9h64q9gphvrup4n","time":1610494799,"event":{"mods":["2.2 Compatiblity","AchievementEnabler","Aspiration","Astrologer","Bard","BaseMod","Beaked The Cultist","BetterRewards","Colored Powertips","Conspire","Downfall","Gremlin Mod","Hermit","Hubris","Infinite Spire","Jorbs\u0027s Wanderer Trilogy","Minty Spire (QoL Compilation)","Replay The Spire","Shop Mod","StSLib","SuperFastMode","The Blackbeard","The Bladedancer","The Bug Knight","The Construct","The Cursed","The Disciple","The Hierophant","The Jungle","The Necromancer","The Runesmith","The Wild Card","slay the spire mod where everything is the same but ironclad has a cowboy hat","vexMod"],"gold_per_floor":[116,127,139,158,171,171,185,214,264,298,298,298,318,338,338,412,412,432,483,500,500,518,518,518],"floor_reached":23,"language":"ENG","playtime":890,"items_purged":[],"score":534,"play_id":"ff8828e6-f1c3-486b-9f0d-ba885393340b","local_time":"20210112173959","is_ascension_mode":true,"campfire_choices":[{"floor":6,"key":"REST"},{"floor":15,"key":"REST"}],"circlet_count":0,"master_deck":["AscendersBane","Strike_W+1","Strike_W","Strike_W","Strike_W","Defend_W","Defend_W","Defend_W","Defend_W","Negative_Energy_Arrows","Bone_Wall","Summon_Undead_Army+1","Necrotic_Claws","expansioncontent:CaCaw","Summon_Lich","Summon_Undead+1","Consume_Illness","Summon_Undead","Finger_Of_Death","Life_Drain","Finger_Of_Death","Summon_Undead","Skeleton_Dragon","Pain","Bone_Bullets","Summon_Death_Knight","Necrotic_Claws"],"relics":["Vampire_Amulet","HollowMod:PaleOreRelic","Guide Book","conspire:InfiniteJournal","hubris:64BitClover","Sling","Shovel","PreservedInsect","aspiration:DSix","Dead Branch","aspiration:ChemicalBlood","infinitespire:EmpoweringShard","Ancient Tea Set","aspiration:SilentSkillbook","Art of War"],"acts_visited":["Exordium","TheCity"],"potions_floor_usage":[2,7,16,20,22],"damage_taken":[{"damage":1,"enemies":"Cultist","floor":1,"turns":3},{"damage":14,"enemies":"2 Louse","floor":2,"turns":2},{"damage":1,"enemies":"conspire:RoseBush","floor":3,"turns":3},{"damage":6,"enemies":"Blue Slaver","floor":4,"turns":4},{"damage":23,"enemies":"2 Fungi Beasts","floor":5,"turns":5},{"damage":14,"enemies":"Lots of Slimes","floor":7,"turns":3},{"damage":15,"enemies":"HollowMod:MossKnight","floor":8,"turns":6},{"damage":24,"enemies":"Gremlin Nob","floor":10,"turns":4},{"damage":12,"enemies":"Exordium Wildlife","floor":14,"turns":4},{"damage":33,"enemies":"Hexaghost","floor":16,"turns":8},{"damage":24,"enemies":"Shell Parasite","floor":18,"turns":5},{"damage":31,"enemies":"3 Cultists","floor":20,"turns":4},{"damage":29,"enemies":"conspire:HollyBat","floor":22,"turns":7},{"damage":40,"enemies":"Slavers","floor":23,"turns":2}],"seed_played":"4001797111128742361","potions_obtained":[{"floor":1,"key":"Strength Potion"},{"floor":2,"key":"Fire Potion"},{"floor":4,"key":"Reflective Coating"},{"floor":13,"key":"Flashbang"},{"floor":18,"key":"Energy Potion"},{"floor":22,"key":"AttackPotion"}],"is_trial":false,"path_per_floor":["M","M","M","M","M","R","M","E","T","E","?","?","?","M","R","B",null,"M","T","M","?","M","E"],"character_chosen":"NECROMANCER","items_purchased":["HollowMod:PaleOreRelic","Summon_Undead_Army","Guide Book","Necrotic_Claws","hubris:64BitClover","Sling","expansioncontent:CaCaw","PreservedInsect","Summon_Lich","Summon_Undead"],"campfire_rested":2,"item_purchase_floors":[0,0,0,0,0,0,0,0,0,0],"current_hp_per_floor":[23,16,17,22,15,36,41,49,49,36,36,36,36,37,58,54,67,51,51,32,36,27,0,0],"gold":518,"neow_bonus":"","is_daily":false,"chose_seed":false,"campfire_upgraded":0,"win_rate":0.0,"timestamp":1610494799,"path_taken":["M","?","M","M","M","R","M","E","T","E","?","?","?","M","R","BOSS","M","?","M","?","M","E"],"items_purchased_type":["Relic","Card","Relic","Card","Relic","Relic","Card","Relic","Card","Card"],"build_version":"2020-12-22","purchased_purges":0,"victory":false,"max_hp_per_floor":[71,71,71,71,71,71,71,71,71,71,71,71,71,71,71,71,71,71,71,71,71,71,71,71],"card_choices":[{"not_picked":["Negative_Energy_Javelin","Bone_Armor"],"picked":"Consume_Illness","floor":1},{"not_picked":["Blood_Curse","Spectral_Armor"],"picked":"Summon_Undead","floor":2},{"not_picked":["Spectral_Walk","Bone_Spikes"],"picked":"Finger_Of_Death","floor":3},{"not_picked":["Finger_Of_Death","Blood_Shield"],"picked":"Life_Drain","floor":4},{"not_picked":["Negative_Energy_Mist","Bone_Prison","Blood_Shield"],"picked":"SKIP","floor":5},{"not_picked":["Acid_Javelin","Bone_Spikes"],"picked":"Finger_Of_Death","floor":7},{"not_picked":["Toxic_Smoke_Screen","Vampiric_Strike"],"picked":"Summon_Undead","floor":8},{"not_picked":["Bone_Spikes","Blood_Curse"],"picked":"Skeleton_Dragon","floor":10},{"not_picked":["Scare","Death_Coil"],"picked":"Bone_Bullets","floor":13},{"not_picked":["Toxic_Smoke_Screen","Bone_Shift","Death_Knell"],"picked":"SKIP","floor":14},{"not_picked":["Negative_Energy_Bomb","Requiem"],"picked":"Summon_Death_Knight","floor":16},{"not_picked":["Sucker Punch","Acid_Javelin+1","Slay_Living"],"picked":"Necrotic_Claws","floor":18},{"not_picked":["Blood_for_Blood","Bone_Shift","Terror","Bone_Bullets"],"picked":"SKIP","floor":20},{"not_picked":["ReplayTheSpireMod:The Works","Bone_Prison","Catalyst","Blood_Whip"],"picked":"SKIP","floor":22}],"player_experience":725514,"relics_obtained":[{"floor":8,"key":"Dead Branch"},{"floor":9,"key":"aspiration:ChemicalBlood"},{"floor":10,"key":"infinitespire:EmpoweringShard"},{"floor":14,"key":"Ancient Tea Set"},{"floor":19,"key":"Art of War"}],"event_choices":[{"damage_healed":0,"gold_gain":0,"player_choice":"Grow","damage_taken":0,"max_hp_gain":0,"max_hp_loss":0,"event_name":"Living Wall","floor":12,"gold_loss":0,"cards_upgraded":["Summon_Undead"]}],"is_beta":false,"boss_relics":[{"not_picked":["Honey Jar","ReplayTheSpireMod:SealedPack"],"picked":"aspiration:SilentSkillbook"}],"items_purged_floors":[],"is_endless":false,"potions_floor_spawned":[1,2,4,5,18],"killed_by":"Slavers","ascension_level":15}}