{"host":"ch0czqmvyp36vaf6","time":1610434000,"event":{"mods":["BaseMod","CapriCore","Friendly Minions","GungeonMod","Hermit","Highlight Path","Koishi","Lobotomy","Marisa£¨Ùöéë¡¡Øª×âÞÞ£©","Minty Spire (QoL Compilation)","Quick Restart","StSLib","The Animator","The Bug Knight","The Cursed","The Dragon Tamer","The Gatherer","The Hierophant","The Immortal","The Poker Player","The Runesmith"],"gold_per_floor":[115,40,40,140,152,181,181,181,208,236,248,263,20,30,30,30,30],"floor_reached":16,"playtime":440,"items_purged":["animator:Rider"],"score":135,"play_id":"fdb1126f-eb71-4d0c-812e-4fa2c42b1907","local_time":"20210112154640","is_ascension_mode":false,"campfire_choices":[{"data":"animator:DolaStephanie","floor":7,"key":"SMITH"},{"data":"animator:DolaRiku","floor":15,"key":"SMITH"}],"circlet_count":0,"master_deck":["animator:Strike_Fate","animator:Defend_Fate","animator:Strike","animator:Strike","animator:Defend","animator:Defend","animator:Defend","animator:Alexander","animator:DolaStephanie+1","animator:IrohaTamaki","animator:DolaRiku+1"],"relics":["animator:LivingPicture","animator:TheMissingPiece","animator:PurgingStone","NeowsBlessing","DemoMod:Relodestone","Red Skull","DemoMod:JetPack","HollowMod:StagPassRelic"],"acts_visited":["Exordium"],"potions_floor_usage":[10,10,16],"damage_taken":[{"damage":0.0,"enemies":"Cultist","floor":1.0,"turns":1.0},{"damage":0,"enemies":"Jaw Worm","floor":5,"turns":1},{"damage":0,"enemies":"3 Sentries","floor":6,"turns":2},{"damage":21,"enemies":"Lagavulin","floor":10,"turns":8},{"damage":3,"enemies":"Small Slimes","floor":11,"turns":3},{"damage":10,"enemies":"Looter","floor":12,"turns":4},{"damage":2,"enemies":"Blue Slaver","floor":14,"turns":4},{"damage":25,"enemies":"Slime Boss","floor":16,"turns":8}],"seed_played":"-8408511276508172759","potions_obtained":[{"floor":5,"key":"EssenceOfSteel"},{"floor":6,"key":"Fire Potion"},{"floor":14,"key":"Block Potion"}],"is_trial":false,"path_per_floor":["M","$","?","?","M","E","R","?","T","E","M","M","$","M","R","B"],"character_chosen":"THE_ANIMATOR","items_purchased":["HollowMod:StagPassRelic"],"campfire_rested":0,"item_purchase_floors":[13],"current_hp_per_floor":[66,66,66,66,66,66,66,59,59,38,35,25,25,23,23,0,0],"gold":30,"neow_bonus":"THREE_ENEMY_KILL","is_daily":false,"chose_seed":false,"campfire_upgraded":2,"win_rate":0.0,"timestamp":1610434000,"path_taken":["M","$","?","?","?","E","R","?","T","E","M","M","$","M","R","BOSS"],"items_purchased_type":["Relic"],"build_version":"2020-12-22","purchased_purges":1,"victory":false,"max_hp_per_floor":[66,66,66,66,66,66,66,66,66,66,66,66,66,66,66,66,66],"card_choices":[{"not_picked":["animator:MaesHughes","animator:YaoHaDucy"],"picked":"animator:DolaStephanie","floor":1},{"not_picked":["animator:Benimaru","animator:Pride","animator:Chris"],"picked":"SKIP","floor":5},{"not_picked":["animator:Kaijin","animator:Aqua","animator:Evileye"],"picked":"SKIP","floor":6},{"not_picked":["animator:GuildGirl","animator:RoyMustang"],"picked":"animator:IrohaTamaki","floor":11},{"not_picked":["animator:Cocytus","animator:LizardPriest"],"picked":"animator:DolaRiku","floor":12},{"not_picked":["animator:Togame","animator:Millim","animator:GuildGirl"],"picked":"SKIP","floor":14}],"player_experience":422233,"relics_obtained":[{"floor":6,"key":"DemoMod:Relodestone"},{"floor":9,"key":"Red Skull"},{"floor":10,"key":"DemoMod:JetPack"}],"event_choices":[{"damage_healed":0,"gold_gain":100,"player_choice":"Pray","damage_taken":0,"max_hp_gain":0,"max_hp_loss":0,"event_name":"Golden Shrine","floor":4,"gold_loss":0},{"cards_removed":["animator:Strike"],"damage_healed":0,"gold_gain":0,"player_choice":"Card Removal","damage_taken":7,"max_hp_gain":0,"max_hp_loss":0,"event_name":"Golden Wing","floor":8,"gold_loss":0}],"is_beta":false,"boss_relics":[],"items_purged_floors":[2],"is_endless":false,"potions_floor_spawned":[5,6,14],"killed_by":"Slime Boss","ascension_level":0}}