{"host":"wfcf39wm1vkwpcs0","time":1610427553,"event":{"mods":["BaseMod","Hermit","Minty Spire (QoL Compilation)","StSLib","The Cursed","The Necromancer","The Servant 0.9.4"],"gold_per_floor":[114,114,132,13,13,46,66,78,78,78,46,64,75,93,93,198,248,265,284,284,284],"floor_reached":20,"playtime":1159,"items_purged":[],"score":178,"play_id":"f5cacf00-eeaa-401a-b06c-577e8c0aff65","local_time":"20210112125913","is_ascension_mode":false,"campfire_choices":[{"floor":10,"key":"RECALL"},{"floor":15,"key":"REST"}],"circlet_count":0,"master_deck":["Strike_G","Strike_G","Strike_G+1","Strike_G","Strike_G","Defend_G","Defend_G","Defend_G","Defend_G","Defend_G","Survivor","Neutralize","Eviscerate+1","Terror","Dash","Dagger Throw","Setup","Outmaneuver","Outmaneuver","Endless Agony","Underhanded Strike","Predator","Bullet Time","Bullet Time","Dash","Deadly Poison","Blade Dance+1"],"relics":["Ring of the Snake","Sundial","The Courier","Tiny House"],"acts_visited":["Exordium","TheCity"],"potions_floor_usage":[6,12,16,16,16,18,20],"damage_taken":[{"damage":0,"enemies":"2 Louse","floor":1,"turns":4},{"damage":0,"enemies":"Cultist","floor":3,"turns":3},{"damage":20,"enemies":"Gremlin Nob","floor":6,"turns":4},{"damage":3,"enemies":"Jaw Worm","floor":7,"turns":3},{"damage":4,"enemies":"Looter","floor":8,"turns":4},{"damage":1,"enemies":"3 Louse","floor":12,"turns":2},{"damage":4,"enemies":"Red Slaver","floor":13,"turns":4},{"damage":14,"enemies":"Large Slime","floor":14,"turns":5},{"damage":15,"enemies":"The Guardian","floor":16,"turns":11},{"damage":24,"enemies":"3 Byrds","floor":18,"turns":8},{"damage":10,"enemies":"Spheric Guardian","floor":19,"turns":3},{"damage":25,"enemies":"Cultist and Chosen","floor":20,"turns":5}],"seed_played":"-4687673782816028755","potions_obtained":[{"floor":1,"key":"Explosive Potion"},{"floor":7,"key":"Explosive Potion"},{"floor":8,"key":"PowerPotion"},{"floor":13,"key":"PowerPotion"},{"floor":14,"key":"EssenceOfSteel"},{"floor":17,"key":"CultistPotion"},{"floor":19,"key":"Poison Potion"}],"is_trial":false,"path_per_floor":["M","?","M","$","T","E","M","M","T","R","$","M","M","M","R","B",null,"M","M","M"],"character_chosen":"THE_SILENT","items_purchased":["Dash","Dagger Throw","Endless Agony"],"campfire_rested":1,"item_purchase_floors":[4,4,11],"current_hp_per_floor":[77,77,77,77,77,57,54,50,50,50,50,49,45,31,54,39,82,58,48,23,23],"gold":284,"neow_bonus":"TEN_PERCENT_HP_BONUS","is_daily":false,"chose_seed":false,"campfire_upgraded":0,"win_rate":0.0,"timestamp":1610427553,"path_taken":["M","?","?","$","?","E","?","M","T","R","?","M","M","?","R","BOSS","M","M","M"],"items_purchased_type":["Card","Card","Card"],"build_version":"2020-12-22","purchased_purges":0,"victory":false,"max_hp_per_floor":[77,77,77,77,77,77,77,77,77,77,77,77,77,77,77,77,82,82,82,82,82],"card_choices":[{"not_picked":["Cloak And Dagger","Riddle With Holes"],"picked":"Eviscerate","floor":1},{"not_picked":["Escape Plan","Expertise"],"picked":"Terror","floor":3},{"not_picked":["Slice","Masterful Stab"],"picked":"Setup","floor":6},{"not_picked":["Prepared","Blade Dance"],"picked":"Outmaneuver","floor":7},{"not_picked":["Slice","Sucker Punch"],"picked":"Outmaneuver","floor":8},{"not_picked":["Acrobatics","Infinite Blades"],"picked":"Underhanded Strike","floor":12},{"not_picked":["Caltrops","Heel Hook"],"picked":"Predator","floor":13},{"not_picked":["Bouncing Flask","Blade Dance"],"picked":"Bullet Time","floor":14},{"not_picked":["Doppelganger","Phantasmal Killer"],"picked":"Bullet Time","floor":16},{"not_picked":["Poisoned Stab","Escape Plan"],"picked":"Dash","floor":17},{"not_picked":["Underhanded Strike+1","Sucker Punch"],"picked":"Deadly Poison","floor":18},{"not_picked":["Blur","Footwork"],"picked":"Blade Dance+1","floor":19}],"player_experience":126257,"relics_obtained":[{"floor":6,"key":"Sundial"},{"floor":9,"key":"The Courier"}],"event_choices":[{"damage_healed":0,"gold_gain":0,"player_choice":"Upgraded","damage_taken":0,"max_hp_gain":0,"max_hp_loss":0,"event_name":"Upgrade Shrine","floor":2,"gold_loss":0,"cards_upgraded":["Eviscerate"]}],"is_beta":false,"boss_relics":[{"not_picked":["Philosopher\u0027s Stone","SacredBark"],"picked":"Tiny House"}],"items_purged_floors":[],"is_endless":false,"potions_floor_spawned":[1,7,8,13,14,19],"killed_by":"Cultist and Chosen","ascension_level":0}}