{"host":"1a3cjta80tad0aqj","time":1610445019,"event":{"mods":["2.2 Compatiblity","AchievementEnabler","BaseMod","Colored Map","DeckTracker","KOR Keyword Fix","Keyboard Shortcuts","Minty Spire (QoL Compilation)","Permanent Neow","Quick Restart","Random Character Button","StSLib","SuperFastMode","everything is the same but u backflip on backflip"],"gold_per_floor":[114,127,143,170,185,185,185,185,185,110,135,135,135,155,155,267,276,298,213,138,157,183,183,283,310,310,310,337,348,348,43,43,142,142,155,177,177,197,210,210,110,110,110,120,120,120,120,135,135,135],"floor_reached":51,"playtime":2455,"items_purged":["Strike_R","Strike_R","Defend_R"],"score":833,"play_id":"64c2a1f5-2f82-4d22-9549-6c199411487d","local_time":"20210112185019","is_ascension_mode":false,"campfire_choices":[{"data":"Hemokinesis","floor":6.0,"key":"SMITH"},{"floor":8.0,"key":"REST"},{"data":"Feed","floor":13.0,"key":"SMITH"},{"data":"Dropkick","floor":15.0,"key":"SMITH"},{"floor":23.0,"key":"REST"},{"data":"Shockwave","floor":27.0,"key":"SMITH"},{"floor":30.0,"key":"REST"},{"data":"Dropkick","floor":32.0,"key":"SMITH"},{"floor":40.0,"key":"DIG"},{"floor":42.0,"key":"DIG"},{"floor":46,"key":"DIG"},{"floor":49,"key":"DIG"}],"circlet_count":0,"master_deck":["Defend_R+1","Bash+1","Shockwave+1","Dropkick+1","Hemokinesis+1","True Grit+1","Feed+1","Offering+1","CurseOfTheBell","Second Wind+1","Dropkick+1"],"relics":["Burning Blood","Dream Catcher","CeramicFish","Lizard Tail","Calling Bell","War Paint","The Courier","Shovel","Darkstone Periapt","Red Mask","Vajra","FossilizedHelix","Meat on the Bone","HornCleat","Empty Cage","Pen Nib","Bag of Marbles","Sundial","Paper Frog","Bag of Preparation"],"acts_visited":["Exordium","TheCity","TheBeyond"],"potions_floor_usage":[],"damage_taken":[{"damage":1.0,"enemies":"Cultist","floor":1.0,"turns":3.0},{"damage":5.0,"enemies":"2 Louse","floor":2.0,"turns":3.0},{"damage":4.0,"enemies":"Small Slimes","floor":3.0,"turns":3.0},{"damage":7.0,"enemies":"Red Slaver","floor":5.0,"turns":3.0},{"damage":16.0,"enemies":"Lagavulin","floor":11.0,"turns":6.0},{"damage":5.0,"enemies":"3 Louse","floor":14.0,"turns":2.0},{"damage":51.0,"enemies":"Hexaghost","floor":16.0,"turns":10.0},{"damage":17.0,"enemies":"3 Byrds","floor":18.0,"turns":6.0},{"damage":15.0,"enemies":"Shell Parasite","floor":21.0,"turns":3.0},{"damage":17.0,"enemies":"Masked Bandits","floor":22.0,"turns":4.0},{"damage":27.0,"enemies":"Slavers","floor":25.0,"turns":7.0},{"damage":39.0,"enemies":"Gremlin Leader","floor":28.0,"turns":4.0},{"damage":6.0,"enemies":"3 Cultists","floor":29.0,"turns":5.0},{"damage":34.0,"enemies":"Collector","floor":33.0,"turns":5.0},{"damage":8.0,"enemies":"3 Shapes","floor":35.0,"turns":2.0},{"damage":10.0,"enemies":"3 Darklings","floor":36.0,"turns":3.0},{"damage":10.0,"enemies":"Spire Growth","floor":38.0,"turns":2.0},{"damage":10.0,"enemies":"Maw","floor":39.0,"turns":4.0},{"damage":6,"enemies":"4 Shapes","floor":44,"turns":3},{"damage":0,"enemies":"3 Darklings","floor":48,"turns":2},{"damage":0,"enemies":"Donu and Deca","floor":50,"turns":2}],"seed_played":"6841993288305465951","potions_obtained":[{"floor":2.0,"key":"Weak Potion"},{"floor":3.0,"key":"CultistPotion"},{"floor":5.0,"key":"FearPotion"},{"floor":22.0,"key":"FearPotion"},{"floor":33.0,"key":"CultistPotion"},{"floor":44,"key":"GamblersBrew"}],"is_trial":false,"path_per_floor":["M","M","M","T","M","R","?","R","T","$","E","?","R","M","R","B",null,"M","?","?","M","?","R","?","E","T","R","E","M","R","$","R","B",null,"M","M","?","M","M","R","$","R","T","M","?","R","?","M","R","B",null],"character_chosen":"IRONCLAD","items_purchased":["Dropkick","HornCleat"],"campfire_rested":3,"item_purchase_floors":[31,31],"current_hp_per_floor":[61,62,64,64,63,63,47,71,71,71,64,64,64,69,69,28,91,84,84,84,79,72,102,102,85,85,85,52,68,101,101,101,77,115,117,113,113,113,113,113,113,113,113,117,117,117,117,123,123,133],"gold":135,"neow_bonus":"TRANSFORM_TWO_CARDS","is_daily":false,"chose_seed":true,"campfire_upgraded":5,"win_rate":0.0,"timestamp":1610445019,"path_taken":["M","M","M","?","M","R","?","R","T","$","E","?","R","?","R","BOSS","M","?","?","M","?","R","?","E","T","R","E","?","R","$","R","BOSS","M","M","?","?","?","R","$","R","T","?","?","R","?","M","R","BOSS"],"items_purchased_type":["Card","Relic"],"build_version":"2020-12-22","purchased_purges":3,"victory":true,"max_hp_per_floor":[80,80,80,80,80,80,80,80,80,80,83,83,83,87,87,91,91,95,95,95,99,103,103,103,107,107,107,107,111,111,111,111,115,115,119,119,119,123,127,127,127,127,127,131,131,131,131,131,131,135],"card_choices":[{"not_picked":["Anger","Whirlwind"],"picked":"Hemokinesis","floor":1.0},{"not_picked":["Sentinel","Flex","Sever Soul"],"picked":"SKIP","floor":2.0},{"not_picked":["Pommel Strike","Flex"],"picked":"True Grit","floor":3.0},{"not_picked":["Thunderclap","Wild Strike","Iron Wave"],"picked":"SKIP","floor":5.0},{"not_picked":["Rage","Pommel Strike"],"picked":"Feed","floor":8.0},{"not_picked":["Uppercut","Havoc","Sword Boomerang"],"picked":"SKIP","floor":11.0},{"not_picked":["Sword Boomerang","Sentinel","Berserk"],"picked":"SKIP","floor":14.0},{"not_picked":["Limit Break","Berserk"],"picked":"Offering","floor":16.0},{"not_picked":["Pommel Strike+1","Searing Blow"],"picked":"Second Wind+1","floor":18.0},{"not_picked":["Whirlwind","Inflame","Warcry+1"],"picked":"SKIP","floor":21.0},{"not_picked":["Feel No Pain+1","Pommel Strike","Clash"],"picked":"SKIP","floor":25.0},{"not_picked":["Clash","Cleave","Havoc"],"picked":"SKIP","floor":28.0},{"not_picked":["Sword Boomerang","Burning Pact","Bloodletting"],"picked":"SKIP","floor":29.0},{"not_picked":["Clothesline+1","Battle Trance","Reckless Charge+1"],"picked":"SKIP","floor":35.0},{"not_picked":["Fire Breathing","Cleave"],"picked":"Dark Embrace+1","floor":36.0},{"not_picked":["Twin Strike","Uppercut","Shockwave+1"],"picked":"SKIP","floor":38.0},{"not_picked":["Shrug It Off","Cleave+1","Wild Strike+1"],"picked":"SKIP","floor":39.0},{"not_picked":["Heavy Blade","Blood for Blood","Headbutt"],"picked":"SKIP","floor":44},{"not_picked":["Armaments+1","Headbutt","Warcry+1"],"picked":"SKIP","floor":48}],"player_experience":323461,"relics_obtained":[{"floor":4.0,"key":"Dream Catcher"},{"floor":9.0,"key":"CeramicFish"},{"floor":11.0,"key":"Lizard Tail"},{"floor":17.0,"key":"War Paint"},{"floor":17.0,"key":"The Courier"},{"floor":17.0,"key":"Shovel"},{"floor":22.0,"key":"Red Mask"},{"floor":25.0,"key":"Vajra"},{"floor":26.0,"key":"FossilizedHelix"},{"floor":28.0,"key":"Meat on the Bone"},{"floor":40.0,"key":"Pen Nib"},{"floor":42.0,"key":"Bag of Marbles"},{"floor":43.0,"key":"Sundial"},{"floor":46,"key":"Paper Frog"},{"floor":49,"key":"Bag of Preparation"}],"event_choices":[{"damage_healed":0.0,"max_hp_gain":0.0,"max_hp_loss":0.0,"gold_gain":0.0,"event_name":"Shining Light","player_choice":"Entered Light","floor":7.0,"gold_loss":0.0,"damage_taken":16.0,"cards_upgraded":["True Grit","Strike_R"]},{"damage_healed":0.0,"max_hp_gain":0.0,"max_hp_loss":0.0,"gold_gain":0.0,"event_name":"NoteForYourself","player_choice":"Ignored","floor":12.0,"gold_loss":0.0,"damage_taken":0.0},{"damage_healed":0.0,"max_hp_gain":0.0,"max_hp_loss":0.0,"gold_gain":0.0,"event_name":"Addict","player_choice":"Obtained Relic","floor":19.0,"gold_loss":85.0,"damage_taken":0.0,"relics_obtained":["Darkstone Periapt"]},{"cards_removed":["Strike_R"],"damage_healed":0.0,"max_hp_gain":0.0,"max_hp_loss":0.0,"gold_gain":0.0,"event_name":"Beggar","player_choice":"Gave Gold","floor":20.0,"gold_loss":75.0,"damage_taken":0.0},{"damage_healed":0.0,"max_hp_gain":0.0,"max_hp_loss":0.0,"gold_gain":0.0,"event_name":"Masked Bandits","player_choice":"Fought Bandits","floor":22.0,"gold_loss":0.0,"damage_taken":0.0},{"damage_healed":0.0,"max_hp_gain":0.0,"max_hp_loss":0.0,"gold_gain":100.0,"event_name":"Golden Shrine","player_choice":"Pray","floor":24.0,"gold_loss":0.0,"damage_taken":0.0},{"damage_healed":0.0,"max_hp_gain":0.0,"max_hp_loss":0.0,"gold_gain":0.0,"event_name":"Match and Keep!","player_choice":"0 cards matched","floor":37.0,"gold_loss":0.0,"damage_taken":0.0,"cards_obtained":[]},{"cards_removed":["Dark Embrace"],"damage_healed":0,"gold_gain":0,"player_choice":"Removed Power","damage_taken":0,"max_hp_gain":0,"max_hp_loss":0,"event_name":"Falling","floor":45,"gold_loss":0},{"damage_healed":0,"gold_gain":0,"player_choice":"Forge","damage_taken":0,"max_hp_gain":0,"max_hp_loss":0,"event_name":"Accursed Blacksmith","floor":47,"gold_loss":0,"cards_upgraded":["Bash"]}],"is_beta":false,"boss_relics":[{"not_picked":["Tiny House","Busted Crown"],"picked":"Calling Bell"},{"not_picked":["Mark of Pain","Black Star"],"picked":"Empty Cage"}],"items_purged_floors":[10,31,41],"is_endless":false,"potions_floor_spawned":[2,3,5,18,22,33,44],"ascension_level":0}}