{"host":"i21o3ayfb6i2uabp","time":1610433284,"event":{"mods":["2.2 Compatiblity","A Magickal Journey","AchievementEnabler","Act Like it!","AlwaysNeverKeys","Aspiration","Bartender","BaseMod","Beaked The Cultist","Better Altar","Better Match","Better Note","Better Third Choice","Better-Laid Plans","BetterRewards","CCEM","CapriCore","ChefMod","Clawfect","Clockwork Mod","Colored Map","Colored Powertips","Conjunction","Conspire","DNKmod","Defuse TimeMaze Blight","Disable Question Mark Monsters","Displayed Cursed Tome","Energized Spire","Evolution","Fiend Mod","Fireblade Mod","Friendly Minions","GifTheSpireLib","Grow up Mod","Halation","Hallownest","Hermit","HexUI Lib","Hubris","Infinite Spire","Jorbs\u0027s Wanderer Trilogy","Key Reminder","Kratos Character Expansion","Lobotomy","LobotomyExtend","Mad Scientist","Marked Mod","Minty Spire (QoL Compilation)","Nova Terra(??·??)","Permanent Neow","Prisma Mod","QueenMod","Quick Restart","Railgun Mod","Rare Cards Sparkle","Relic Stats","Remilia_Scarlet Moed?????·?????3.3.5","Remove Card Discount Mod","Replay The Spire","Retaliation","RumiaBox-????????","SOS???????","Shade Mod","Small Relic Pack","Spicy Shops","Spikes Relics","StSLib","Stuff the Spire","SuperFastMode","The Alterego","The Cursed","The Druid","The Immortal","The Kombatant","The Marked","The Vixen","TheHeartMod","TheHero","TheVacant","TheWitcher","Trackpad","Transform Curses","Uncapped","vexMod"],"gold_per_floor":[1017,1032,759,769,783,783,813,813,862,875,700,710,78,28,28,128,128,156,81,94,94,117,160,160,190,190,206,231,231,245,259,259,378,378,413,54,46,46],"floor_reached":37,"playtime":2060,"items_purged":[],"score":613,"play_id":"4f07cba9-8a7d-4748-97ec-38242cbe407b","local_time":"20210111223444","is_ascension_mode":false,"campfire_choices":[{"floor":6,"key":"REST"},{"floor":8,"key":"RECALL"},{"data":"KratosMod:kBerserk","floor":15,"key":"SMITH"},{"data":"KratosMod:rattle","floor":29,"key":"SMITH"}],"circlet_count":0,"master_deck":["KratosMod:Strike_K","KratosMod:Strike_K","KratosMod:Strike_K","KratosMod:Strike_K","KratosMod:Defend_K","KratosMod:Defend_K","KratosMod:Defend_K","KratosMod:Defend_K","KratosMod:cyclone","KratosMod:AthenaBane","KratosMod:tartarusrage","KratosMod:BladeWhip","KratosMod:Tempor","KratosMod:rattle+1","KratosMod:BladeWhip","KratosMod:Tempor","KratosMod:Revenge","KratosMod:clawsofhades","KratosMod:Roll","KratosMod:ShieldBash","KratosMod:Tempor","KratosMod:kBerserk+1","Metamorphosis","conspire:SpireCoStock","KratosMod:Revenge","KratosMod:Endure+1","KratosMod:rattle+1","KratosMod:rattle","KratosMod:BladeWhip+1","KratosMod:clawsofhades","KratosMod:ShieldBash","KratosMod:ShieldBash+1","KratosMod:BladeWhip","KratosMod:clawsofhades+1","KratosMod:SmashStone","KratosMod:Revenge","KratosMod:ShieldBash+1","KratosMod:BladeWhip","KratosMod:Tempor","KratosMod:rattle","RemiliaMod:PLY"],"relics":["KratosMod:eagle","EVO:Axolotl","LetterFromLob","relicPack:SpireResearchBook","StuffTheSpire:ForceGauntlet","Dream Catcher","Mummified Hand","conspire:BottledYoYo","infinitespire:BottledMercury","Black Star","aspiration:EmptySkull","StuffTheSpire:SapphireSignet","Incense Burner","Replay:Accelerometer","conspire:DeflatedDodgeball","infinitespire:CheckeredPen","vexMod:DeviousBotling","halation:PromiseList"],"acts_visited":["Hallownest:Greenpath","TheCity","TheBeyond"],"potions_floor_usage":[],"damage_taken":[{"damage":12,"enemies":"Hallownest:2_Tiktiks_and_1_Crawlid","floor":1,"turns":3},{"damage":4,"enemies":"Hallownest:2_MossCreeps","floor":2,"turns":3},{"damage":0,"enemies":"2_ Uuma","floor":4,"turns":3},{"damage":17,"enemies":"Hallownest:2_Tiktiks_1_Baldur_1_Crawlid","floor":5,"turns":4},{"damage":25,"enemies":"Hallownest:eliteCrystalGuardian","floor":7,"turns":5},{"damage":0,"enemies":"Hallownest:monsterAspidMother","floor":10,"turns":4},{"damage":8,"enemies":"Hallownest:Wandering_and_Horned","floor":12,"turns":2},{"damage":64,"enemies":"Hallownest:BossHornet","floor":16,"turns":7},{"damage":21,"enemies":"3 Byrds","floor":18,"turns":4},{"damage":18,"enemies":"Shell Parasite","floor":20,"turns":3},{"damage":19,"enemies":"Snake Plant","floor":22,"turns":4},{"damage":0,"enemies":"Gremlin Leader","floor":23,"turns":2},{"damage":0,"enemies":"Snecko","floor":25,"turns":3},{"damage":10,"enemies":"Centurion and Healer","floor":27,"turns":5},{"damage":37,"enemies":"Slavers","floor":28,"turns":4},{"damage":1,"enemies":"Shelled Parasite and Fungi","floor":30,"turns":3},{"damage":7,"enemies":"3 Cultists","floor":31,"turns":5},{"damage":8,"enemies":"Collector","floor":33,"turns":3},{"damage":16,"enemies":"3 Darklings","floor":35,"turns":3},{"damage":588,"enemies":"Remilia_Byz","floor":37,"turns":11}],"seed_played":"-4157127851793557407","potions_obtained":[{"floor":5,"key":"FearPotion"},{"floor":7,"key":"FearPotion"},{"floor":16,"key":"LifebloodPotion"},{"floor":27,"key":"BlessingOfTheForge"}],"is_trial":false,"path_per_floor":["M","M","$","M","M","R","E","R","T","M","$","M","$","?","R","B",null,"M","?","M","T","M","E","T","M","T","M","E","R","M","M","R_BF","B",null,"M","$","?"],"character_chosen":"KRATOS","items_purchased":["relicPack:SpireResearchBook","KratosMod:rattle","KratosMod:BladeWhip","Mummified Hand","KratosMod:ShieldBash","KratosMod:kBerserk","Metamorphosis","conspire:BottledYoYo","infinitespire:BottledMercury","halation:PromiseList","KratosMod:BladeWhip","KratosMod:Tempor","KratosMod:rattle"],"campfire_rested":1,"item_purchase_floors":[3,3,3,11,11,13,13,13,13,36,36,36,36],"current_hp_per_floor":[108,114,124,134,127,170,155,165,175,185,195,197,207,217,227,228,280,283,293,285,295,286,296,306,333,343,380,390,400,409,420,430,440,450,444,454,0,0],"gold":46,"neow_bonus":"ONE_RANDOM_RARE_CARD","is_daily":false,"chose_seed":false,"campfire_upgraded":2,"win_rate":0.0,"timestamp":1610433284,"path_taken":["M","?","$","M","M","R","E","R","T","M","?","M","$","?","R","BOSS","M","?","M","?","M","E","?","M","T","M","E","R","M","?","R_BF","BOSS","M","$","?"],"items_purchased_type":["Relic","Card","Card","Relic","Card","Card","Card","Relic","Relic","Relic","Card","Card","Card"],"build_version":"2020-12-22","purchased_purges":0,"victory":false,"max_hp_per_floor":[120,130,140,150,160,170,180,190,200,210,220,230,240,250,260,270,280,290,300,310,320,330,340,350,360,370,380,390,400,410,420,430,440,450,460,470,470,470],"relic_stats":{"Dream Catcher":0,"counters":[20,81],"Mummified Hand":[28],"Black Star":2,"obtain_stats":[{"infinitespire:BottledMercury":13,"Replay:Accelerometer":26,"StuffTheSpire:ForceGauntlet":7,"Incense Burner":24,"EVO:Axolotl":0,"infinitespire:CheckeredPen":28,"relicPack:SpireResearchBook":3,"keyreminder:keyreminder":7,"StuffTheSpire:SapphireSignet":23,"Dream Catcher":9,"aspiration:EmptySkull":23,"Mummified Hand":11,"vexMod:DeviousBotling":34,"KratosMod:eagle":0,"LetterFromLob":2,"conspire:BottledYoYo":13,"Black Star":17,"halation:PromiseList":36,"conspire:DeflatedDodgeball":28},{"infinitespire:BottledMercury":7,"Replay:Accelerometer":13,"StuffTheSpire:ForceGauntlet":5,"Incense Burner":12,"EVO:Axolotl":0,"infinitespire:CheckeredPen":15,"relicPack:SpireResearchBook":2,"keyreminder:keyreminder":5,"StuffTheSpire:SapphireSignet":12,"Dream Catcher":5,"aspiration:EmptySkull":12,"Mummified Hand":6,"vexMod:DeviousBotling":18,"KratosMod:eagle":0,"LetterFromLob":2,"conspire:BottledYoYo":7,"Black Star":8,"halation:PromiseList":19,"conspire:DeflatedDodgeball":15},{"infinitespire:BottledMercury":24,"Replay:Accelerometer":47,"StuffTheSpire:ForceGauntlet":18,"Incense Burner":44,"EVO:Axolotl":0,"infinitespire:CheckeredPen":56,"relicPack:SpireResearchBook":6,"keyreminder:keyreminder":18,"StuffTheSpire:SapphireSignet":44,"Dream Catcher":18,"aspiration:EmptySkull":44,"Mummified Hand":22,"vexMod:DeviousBotling":67,"KratosMod:eagle":0,"LetterFromLob":6,"conspire:BottledYoYo":24,"Black Star":31,"halation:PromiseList":70,"conspire:DeflatedDodgeball":56}]},"card_choices":[{"not_picked":["KratosMod:Roll","KratosMod:settle"],"picked":"KratosMod:BladeWhip","floor":1},{"not_picked":["KratosMod:settle","KratosMod:Roll"],"picked":"KratosMod:Tempor","floor":2},{"not_picked":["KratosMod:SmashStone","KratosMod:settle"],"picked":"KratosMod:Tempor","floor":4},{"not_picked":["KratosMod:settle","KratosMod:Tempor"],"picked":"KratosMod:Revenge","floor":5},{"not_picked":["KratosMod:BladeWhip","KratosMod:ablockalypse"],"picked":"KratosMod:clawsofhades","floor":7},{"not_picked":["KratosMod:settle","KratosMod:Tempor"],"picked":"KratosMod:Roll","floor":10},{"not_picked":["KratosMod:Endure","KratosMod:Roll"],"picked":"KratosMod:Tempor","floor":12},{"not_picked":["KratosMod:kBerserk","KratosMod:ablockalypse"],"picked":"KratosMod:Revenge","floor":16},{"not_picked":["KratosMod:clawsofhades","KratosMod:settle+1"],"picked":"KratosMod:Endure+1","floor":18},{"not_picked":["KratosMod:conjuresoul+1","KratosMod:SmashStone+1"],"picked":"KratosMod:rattle+1","floor":19},{"not_picked":["KratosMod:Tempor","KratosMod:ShieldBash"],"picked":"KratosMod:rattle","floor":20},{"not_picked":["KratosMod:Roll","KratosMod:SmashStone"],"picked":"KratosMod:BladeWhip+1","floor":22},{"not_picked":["KratosMod:rattle","KratosMod:conjuresoul"],"picked":"KratosMod:clawsofhades","floor":23},{"not_picked":["KratosMod:conjuresoul","KratosMod:Roll"],"picked":"KratosMod:ShieldBash","floor":25},{"not_picked":["KratosMod:Roll+1","KratosMod:tartarusrage"],"picked":"KratosMod:ShieldBash+1","floor":27},{"not_picked":["KratosMod:tartarusrage","KratosMod:kBerserk"],"picked":"KratosMod:ablockalypse","floor":28},{"not_picked":["KratosMod:Roll+1","KratosMod:settle"],"picked":"KratosMod:BladeWhip","floor":30},{"not_picked":["KratosMod:Roll","KratosMod:Tempor"],"picked":"KratosMod:clawsofhades+1","floor":31},{"not_picked":["KratosMod:styx","KratosMod:ablockalypse"],"picked":"KratosMod:Revenge","floor":33},{"not_picked":["KratosMod:Endure","KratosMod:Roll+1"],"picked":"KratosMod:ShieldBash+1","floor":35}],"player_experience":190265,"relics_obtained":[{"floor":2,"key":"LetterFromLob"},{"floor":7,"key":"StuffTheSpire:ForceGauntlet"},{"floor":9,"key":"Dream Catcher"},{"floor":23,"key":"aspiration:EmptySkull"},{"floor":23,"key":"StuffTheSpire:SapphireSignet"},{"floor":24,"key":"Incense Burner"},{"floor":26,"key":"Replay:Accelerometer"},{"floor":28,"key":"conspire:DeflatedDodgeball"},{"floor":28,"key":"infinitespire:CheckeredPen"}],"event_choices":[{"damage_healed":0,"gold_gain":0,"player_choice":"Invest 1","damage_taken":0,"max_hp_gain":0,"max_hp_loss":0,"event_name":"conspire:Investor","floor":14,"gold_loss":0},{"damage_healed":0,"gold_gain":0,"player_choice":"2","damage_taken":0,"max_hp_gain":0,"max_hp_loss":0,"event_name":"betterMatch:BetterMatch","floor":19,"gold_loss":0,"cards_obtained":["betterMatch:UncommonCard"]}],"is_beta":false,"boss_relics":[{"not_picked":["trackpad:Trackpad","vexMod:CursedCompass"],"picked":"Black Star"},{"not_picked":["Coffee Dripper","Kintsugi"],"picked":"vexMod:DeviousBotling"}],"items_purged_floors":[],"is_endless":false,"potions_floor_spawned":[5,7,16,20,22,27,33],"killed_by":"Remilia_Byz","ascension_level":0}}