{"host":"fxrgx7wt2cpkbhka","time":1610431669,"event":{"mods":["AchievementEnabler","BaseMod","Colored Powertips","Minty Spire (QoL Compilation)","Permanent Neow","Slay-I","StSLib","Waifu the Spire"],"gold_per_floor":[119,132,132,132,132,164,164,174,174,194,50,234,234,275,275,275,275],"floor_reached":16,"playtime":304,"items_purged":[],"score":213,"play_id":"b23e62cc-0536-4d21-88b8-ed235f2f7e6f","local_time":"20210111220749","is_ascension_mode":true,"campfire_choices":[{"data":"Spot Weakness","floor":7,"key":"SMITH"},{"data":"Clash","floor":13,"key":"SMITH"},{"data":"Clash","floor":15,"key":"SMITH"}],"circlet_count":0,"master_deck":["AscendersBane","Strike_R","Strike_R","Strike_R","Strike_R","Strike_R","Defend_R","Defend_R","Defend_R","Defend_R","Bash","Spot Weakness+1","Clash+1","Clash+1","Doubt","Rage"],"relics":["Burning Blood","NeowsBlessing","Happy Flower","Paper Frog","Mummified Hand","Mercury Hourglass","CeramicFish","Frozen Egg 2"],"acts_visited":["Exordium"],"potions_floor_usage":[],"damage_taken":[{"damage":0,"enemies":"2 Louse","floor":1,"turns":1},{"damage":0,"enemies":"Jaw Worm","floor":2,"turns":1},{"damage":0,"enemies":"3 Sentries","floor":6,"turns":2},{"damage":7,"enemies":"Small Slimes","floor":8,"turns":4},{"damage":8,"enemies":"3 Louse","floor":10,"turns":2},{"damage":55,"enemies":"Lagavulin","floor":14,"turns":8},{"damage":33,"enemies":"Slime Boss","floor":16,"turns":6}],"seed_played":"-2727047494010542881","potions_obtained":[{"floor":8,"key":"LiquidBronze"},{"floor":10,"key":"Swift Potion"},{"floor":14,"key":"Dexterity Potion"}],"is_trial":false,"path_per_floor":["M","M","?","?","T","E","R","M","T","M","$","?","R","E","R","B"],"character_chosen":"IRONCLAD","items_purchased":["CeramicFish"],"campfire_rested":0,"item_purchase_floors":[11],"current_hp_per_floor":[78,80,68,73,73,79,79,78,78,76,76,76,76,27,27,0,0],"gold":275,"neow_bonus":"THREE_ENEMY_KILL","is_daily":false,"chose_seed":false,"campfire_upgraded":3,"win_rate":0.0,"timestamp":1610431669,"path_taken":["M","M","?","?","?","E","R","M","T","M","$","?","R","E","R","BOSS"],"items_purchased_type":["Relic"],"build_version":"2020-12-22","purchased_purges":0,"victory":false,"max_hp_per_floor":[80,80,80,85,85,85,85,85,85,85,85,85,85,85,85,85,85],"card_choices":[{"not_picked":["Armaments","Iron Wave","Clothesline"],"picked":"SKIP","floor":1},{"not_picked":["Power Through","Headbutt","Pummel"],"picked":"SKIP","floor":2},{"not_picked":["Rupture","Intimidate"],"picked":"Spot Weakness","floor":6},{"not_picked":["Headbutt","Perfected Strike"],"picked":"Clash","floor":8},{"not_picked":["Entrench","Reckless Charge"],"picked":"Clash","floor":10},{"not_picked":["Wild Strike","Clothesline"],"picked":"Rage","floor":14}],"player_experience":700485,"relics_obtained":[{"floor":5,"key":"Paper Frog"},{"floor":6,"key":"Mummified Hand"},{"floor":9,"key":"Mercury Hourglass"},{"floor":14,"key":"Frozen Egg 2"}],"event_choices":[{"damage_healed":0,"gold_gain":0,"player_choice":"Success","damage_taken":12,"relics_obtained":["Happy Flower"],"max_hp_gain":0,"max_hp_loss":0,"event_name":"Scrap Ooze","floor":3,"gold_loss":0},{"damage_healed":0,"gold_gain":0,"player_choice":"Donut","damage_taken":0,"max_hp_gain":5,"max_hp_loss":0,"event_name":"Big Fish","floor":4,"gold_loss":0},{"damage_healed":0,"gold_gain":175,"player_choice":"AGREE","damage_taken":0,"max_hp_gain":0,"max_hp_loss":0,"event_name":"Liars Game","floor":12,"gold_loss":0,"cards_obtained":["Doubt"]}],"is_beta":false,"boss_relics":[],"items_purged_floors":[],"is_endless":false,"potions_floor_spawned":[8,10,14],"killed_by":"Slime Boss","ascension_level":12}}