{"host":"i9h64q9gphvrup4n","time":1610422459,"event":{"mods":["2.2 Compatiblity","AchievementEnabler","Aspiration","Astrologer","Bard","BaseMod","Beaked The Cultist","BetterRewards","Colored Powertips","Conspire","Downfall","Gremlin Mod","Hermit","Hubris","Infinite Spire","Jorbs\u0027s Wanderer Trilogy","Minty Spire (QoL Compilation)","Replay The Spire","Shop Mod","StSLib","SuperFastMode","The Blackbeard","The Bladedancer","The Bug Knight","The Construct","The Cursed","The Disciple","The Hierophant","The Jungle","The Necromancer","The Runesmith","The Wild Card","slay the spire mod where everything is the same but ironclad has a cowboy hat","vexMod"],"gold_per_floor":[219,219,70,70,70,103,122,132,132,17,17,94,131,141,141,246,246,291,299,299,311,343,355,397,439,451,463,544,556,610,662,674,686,698,724,724,724],"floor_reached":35,"playtime":1009,"items_purged":[],"score":419,"play_id":"0fbce762-ded2-4569-ab12-9539aa98e1b4","local_time":"20210111213419","is_ascension_mode":true,"campfire_choices":[{"floor":11,"key":"REST"},{"floor":15,"key":"RECALL"},{"data":"blackbeard:GoldenStrike","floor":23,"key":"SMITH"},{"floor":29,"key":"REST"},{"floor":32,"key":"REST"},{"floor":34,"key":"REST"}],"circlet_count":0,"master_deck":["blackbeard:BlackbeardStrike","blackbeard:BlackbeardStrike","blackbeard:BlackbeardStrike","blackbeard:BlackbeardStrike","blackbeard:IntimidatingStrike","blackbeard:BlackbeardDefend","blackbeard:BlackbeardDefend","blackbeard:BlackbeardDefend","blackbeard:BlackbeardDefend","blackbeard:Cutlass","blackbeard:Spear","blackbeard:CloakAndCannonball","blackbeard:Sword","blackbeard:BlindAttacks","blackbeard:InfiniteBarrage","blackbeard:GoldenCannonball","blackbeard:GoldenStrike+1","blackbeard:WeaponProficiency","blackbeard:PirateStrength","blackbeard:BlindAttacks+1","infinitespire:Gouge","blackbeard:Bandana","blackbeard:Spear","blackbeard:PowderKeg","blackbeard:CatONineTails","blackbeard:GoldenCannonball"],"relics":["blackbeard:LoadTheCannons","FaceOfCleric","Lee\u0027s Waffle","blackbeard:MagicalCauldron","infinitespire:Midas Blood","vexMod:FocusSash","conspire:SpecialSausage","Nilry\u0027s Codex","conspire:TopHat","hubris:Backtick","MawBank","Frozen Egg 2","blackbeard:PowderCan","hubris:BottledRain","hubris:Towel"],"acts_visited":["Exordium","TheCity"],"potions_floor_usage":[8,16,16,18,24,24,24,25,30,31,31,35],"damage_taken":[{"damage":0,"enemies":"Small Slimes","floor":1,"turns":2},{"damage":35,"enemies":"3 Sentries","floor":6,"turns":9},{"damage":0,"enemies":"Cultist","floor":7,"turns":3},{"damage":0,"enemies":"conspire:RoseBush","floor":8,"turns":2},{"damage":18,"enemies":"HollowMod:MossKnight","floor":13,"turns":5},{"damage":0,"enemies":"Large Slime","floor":14,"turns":3},{"damage":0,"enemies":"Slime Boss","floor":16,"turns":6},{"damage":26,"enemies":"3 Byrds","floor":18,"turns":5},{"damage":10,"enemies":"2 Thieves","floor":22,"turns":3},{"damage":20,"enemies":"conspire:SneckoGhost","floor":24,"turns":4},{"damage":17,"enemies":"Centurion and Healer","floor":25,"turns":3},{"damage":26,"enemies":"Replay:Snechameleon","floor":30,"turns":3},{"damage":4,"enemies":"Snecko","floor":31,"turns":3},{"damage":74,"enemies":"hubris:MusketHawk","floor":35,"turns":7}],"seed_played":"6566351862526367138","potions_obtained":[{"floor":6,"key":"ColorlessPotion"},{"floor":7,"key":"EssenceOfSteel"},{"floor":14,"key":"Block Potion"},{"floor":16,"key":"AttackPotion"},{"floor":22,"key":"infinitespire:BlackPotion"},{"floor":24,"key":"Toxic Potion"},{"floor":31,"key":"SkillPotion"}],"is_trial":false,"path_per_floor":["M","?","$","?","?","E","M","M","T","$","R","?","E","M","R","B",null,"M","?","AVR","?","M","R","E","M","PTL","PTL","T","R","E","M","R","?","R","B"],"character_chosen":"BLACKBEARD_CLASS","items_purchased":["Lee\u0027s Waffle","blackbeard:InfiniteBarrage","blackbeard:GoldenCannonball"],"campfire_rested":4,"item_purchase_floors":[3,10,10],"current_hp_per_floor":[75,75,82,82,82,48,49,50,50,50,75,64,47,48,48,49,88,63,47,47,55,46,46,35,19,19,19,19,46,21,18,46,46,74,0,0,0],"gold":724,"neow_bonus":"HUNDRED_GOLD","is_daily":false,"chose_seed":false,"campfire_upgraded":1,"win_rate":0.0,"timestamp":1610422459,"path_taken":["M","?","?","?","?","E","M","?","T","$","R","?","E","M","R","BOSS","M","?","AVR","?","M","R","E","M","PTL","PTL","T","R","E","M","R","?","R","BOSS"],"items_purchased_type":["Relic","Card","Card"],"build_version":"2020-12-22","purchased_purges":0,"victory":false,"max_hp_per_floor":[75,75,82,82,82,83,84,85,85,85,85,85,86,87,87,88,88,89,89,89,89,90,90,91,92,92,92,92,92,93,94,94,94,94,94,94,94],"card_choices":[{"not_picked":["blackbeard:WiseDefense","blackbeard:DeadlyArsenal"],"picked":"blackbeard:Spear","floor":1},{"not_picked":["blackbeard:VengefulSpirit","blackbeard:TacticalRetreat"],"picked":"blackbeard:CloakAndCannonball","floor":6},{"not_picked":["blackbeard:AgileStrike","blackbeard:DeadlyArsenal"],"picked":"blackbeard:Sword","floor":7},{"not_picked":["blackbeard:DoubleCannonball","blackbeard:JollyRoger"],"picked":"blackbeard:BlindAttacks","floor":8},{"not_picked":["blackbeard:Toast","blackbeard:BeatUp"],"picked":"blackbeard:GoldenStrike","floor":13},{"not_picked":["blackbeard:CaptainsCabin","blackbeard:Shrapnel"],"picked":"blackbeard:WeaponProficiency","floor":14},{"not_picked":["blackbeard:GoldenGuillotine","blackbeard:WeaponMastery"],"picked":"blackbeard:PirateStrength","floor":16},{"not_picked":["blackbeard:TerrorOfTheSeas","blackbeard:CaptainsCabin"],"picked":"blackbeard:BlindAttacks+1","floor":18},{"not_picked":["blackbeard:DoubleBottom","blackbeard:DelayedPain"],"picked":"blackbeard:Bandana","floor":22},{"not_picked":["blackbeard:PiratesWill","blackbeard:GoldenStrike"],"picked":"blackbeard:Spear","floor":24},{"not_picked":["blackbeard:RearmingStrike","blackbeard:Provisioning"],"picked":"blackbeard:PowderKeg","floor":25},{"not_picked":["blackbeard:Salvager+1","blackbeard:Provisioning+1"],"picked":"blackbeard:CatONineTails","floor":30},{"not_picked":["blackbeard:PiratesWill+1","blackbeard:CaptainsCabin"],"picked":"blackbeard:GoldenCannonball","floor":31}],"player_experience":720147,"relics_obtained":[{"floor":6,"key":"blackbeard:MagicalCauldron"},{"floor":9,"key":"infinitespire:Midas Blood"},{"floor":13,"key":"vexMod:FocusSash"},{"floor":19,"key":"Nilry\u0027s Codex"},{"floor":24,"key":"Frozen Egg 2"},{"floor":28,"key":"blackbeard:PowderCan"},{"floor":30,"key":"hubris:BottledRain"}],"event_choices":[{"damage_healed":0,"gold_gain":0,"player_choice":"Trade","damage_taken":0,"relics_obtained":["FaceOfCleric"],"max_hp_gain":0,"max_hp_loss":0,"event_name":"FaceTrader","floor":2,"gold_loss":0},{"damage_healed":0,"gold_gain":75,"player_choice":"Gather Gold","damage_taken":11,"max_hp_gain":0,"max_hp_loss":0,"event_name":"World of Goop","floor":12,"gold_loss":0},{"damage_healed":0,"gold_gain":0,"player_choice":"Obtained Book","damage_taken":16,"max_hp_gain":0,"max_hp_loss":0,"event_name":"Cursed Tome","floor":19,"gold_loss":0}],"is_beta":false,"boss_relics":[{"not_picked":["Philosopher\u0027s Stone","aspiration:RitualDagger"],"picked":"conspire:SpecialSausage"}],"items_purged_floors":[],"is_endless":false,"potions_floor_spawned":[6,7,14,16,18,22,24,31],"killed_by":"hubris:MusketHawk","ascension_level":1}}