{"host":"by2xx8ri294xcjpl","time":1610459446,"event":{"mods":["BaseMod","Dota2Spire","Minty Spire (QoL Compilation)","Replay The Spire","StSLib","vexMod","【功能Mod】混沌之环修复补丁","【功能Mod】精心准备","【遗物Mod】简单游戏","【遗物卡牌】REMEMod"],"gold_per_floor":[113,162,177,177,177,196,196,196,196,12,12,12,32,65,78,98,98,229,229,249,264,364,388,404,435,453,453,453,453,453,473,473,188,188,293,293,303,169,169,169,187,217,234,265,288,320,93,93,15,26,26,26,26,26,13,47,47],"floor_reached":58,"playtime":3225,"items_purged":[],"score":1182,"play_id":"433c3c69-5f16-4944-bbc6-0ff90c83ffea","local_time":"20210112215046","is_ascension_mode":true,"campfire_choices":[{"floor":9,"key":"RECALL"},{"floor":12,"key":"REST"},{"floor":32,"key":"REST"},{"data":"REME_WheelOfFate","floor":48,"key":"SMITH"},{"data":"Crow Ritual","floor":54,"key":"SMITH"}],"circlet_count":0,"master_deck":["Strike_B","Strike_B","Strike_B","Strike_B","Defend_B","Defend_B","Defend_B+1","Defend_B","Zap","Dualcast","Beam Cell","Streamline","REME_FirmDetermination","Ball Lightning+1","ReplayTheSpireMod:Calculation Training+1","Crow Ritual+1","ReplayTheSpireMod:Brewmster","Stack+1","ReplayRNGCard","Violence+1","Master of Strategy","Cold Snap","Defragment+1","Specialist+1","REME_WheelOfFate+1","RitualDagger","REME_DataAnalysis+1","Defragment","Mirror Shield","REME_BuildACard","Capacitor","White Noise","Sickly","Aggregate","Bandage Up+1","Force Field+1","ReplaySolidLightProjector","REME_FirmDetermination","Creative AI","REME_EyeOfCthun","Stack","Defragment+1"],"relics":["EasyRelic","Calipers","REME_LowDesire","Happy Flower","Geode","Solar Panel","Bloody Idol","Membership Card","Bottled Tornado","Sozu","Nunchaku","StoneCalendar","Kunai","Dota2Spire:EtherealBlade","MutagenicStrength","Dota2Spire:Vanguard","SlaversCollar","Oddly Smooth Stone","Ring of Misfortune","Pen Nib","Replay:Wax Seal","Pet Ghost","Prayer Wheel","Mercury Hourglass","Strawberry","ReplayTheSpireMod:TigerMarble","War Paint","Dota2Spire:ShadowBlade","DollysMirror","Dota2Spire:MaskOfMadness","Vajra","Bronze Scales"],"acts_visited":["Exordium","TheCity","TheBeyond","TheEnding"],"potions_floor_usage":[18,18,25,52,57],"damage_taken":[{"damage":0,"enemies":"Jaw Worm","floor":1,"turns":4},{"damage":0,"enemies":"Small Slimes","floor":3,"turns":2},{"damage":0,"enemies":"2 Louse","floor":6,"turns":2},{"damage":14,"enemies":"Lots of Slimes","floor":13,"turns":3},{"damage":4,"enemies":"Gremlin Nob","floor":14,"turns":3},{"damage":0,"enemies":"Exordium Wildlife","floor":15,"turns":3},{"damage":0,"enemies":"Large Slime","floor":16,"turns":4},{"damage":54,"enemies":"Hexaghost","floor":18,"turns":9},{"damage":4,"enemies":"2 Thieves","floor":20,"turns":2},{"damage":6,"enemies":"Shell Parasite","floor":21,"turns":3},{"damage":8,"enemies":"Sentry and Sphere","floor":23,"turns":4},{"damage":0,"enemies":"3 Cultists","floor":24,"turns":5},{"damage":20,"enemies":"Book of Stabbing","floor":25,"turns":5},{"damage":1,"enemies":"Cultist and Chosen","floor":26,"turns":6},{"damage":0,"enemies":"Centurion and Healer","floor":31,"turns":3},{"damage":47,"enemies":"Collector","floor":35,"turns":10},{"damage":0,"enemies":"Orb Walker","floor":37,"turns":3},{"damage":0,"enemies":"3 Shapes","floor":41,"turns":6},{"damage":13,"enemies":"Nemesis","floor":42,"turns":7},{"damage":7,"enemies":"3 Darklings","floor":43,"turns":7},{"damage":0,"enemies":"Reptomancer","floor":44,"turns":5},{"damage":0,"enemies":"Giant Head","floor":46,"turns":9},{"damage":0,"enemies":"Spire Growth","floor":50,"turns":5},{"damage":0,"enemies":"Replay:Hell Engine","floor":52,"turns":11},{"damage":38,"enemies":"Shield and Spear","floor":56,"turns":5},{"damage":62,"enemies":"The Heart","floor":57,"turns":9}],"seed_played":"-7100931629312727743","potions_obtained":[{"floor":13,"key":"Explosive Potion"},{"floor":15,"key":"Dexterity Potion"},{"floor":16,"key":"SkillPotion"}],"is_trial":false,"path_per_floor":["M","?","M","PTL","PTL","M","?","?","R","$","T","R","M","E","M","M","R","B",null,"M","M","?","M","M","E","M","?","T","?","?","M","R","$","R","B",null,"M","$","?","?","M","E","M","E","T","E","$","R","$","M","R","B",null,"R","$","E","B",null],"character_chosen":"DEFECT","items_purchased":["Membership Card","ReplayTheSpireMod:Calculation Training","Kunai","Dota2Spire:EtherealBlade","Defragment","Capacitor","Oddly Smooth Stone","White Noise","War Paint","Dota2Spire:ShadowBlade","DollysMirror","Dota2Spire:MaskOfMadness","Stack"],"campfire_rested":2,"item_purchase_floors":[10,10,33,33,33,38,38,38,47,47,47,49,55],"current_hp_per_floor":[75,57,57,57,57,59,59,41,41,41,41,63,53,53,55,59,75,27,75,71,67,67,59,61,43,44,44,44,44,38,47,69,69,69,31,75,75,75,75,75,75,71,75,75,82,82,82,82,82,82,82,82,82,82,82,57,1],"gold":47,"neow_bonus":"BOSS_RELIC","is_daily":false,"chose_seed":false,"campfire_upgraded":2,"win_rate":0.0,"timestamp":1610459446,"path_taken":["M","?","M","PTL","PTL","M","?","?","R","$","T","R","M","E","M","M","R","BOSS","M","M","?","M","?","E","M","?","T","?","?","M","R","$","R","BOSS","M","$","?","?","M","E","M","E","T","E","?","R","$","M","R","BOSS","R","$","E","BOSS"],"items_purchased_type":["Relic","Card","Relic","Relic","Card","Card","Relic","Card","Relic","Relic","Relic","Relic","Card"],"build_version":"2020-12-22","purchased_purges":0,"victory":true,"max_hp_per_floor":[75,75,75,75,75,75,75,75,75,75,75,75,75,75,75,75,75,75,75,75,75,75,75,75,75,75,75,75,75,75,75,75,75,75,75,75,75,75,75,75,75,75,75,75,82,82,82,82,82,82,82,82,82,82,82,82,82],"card_choices":[{"not_picked":["Barrage","Rebound","ReplayTheSpireMod:System Scan","Enlightenment"],"picked":"SKIP","floor":1},{"not_picked":["Panic Button","Steam Power","Panache"],"picked":"Beam Cell","floor":2},{"not_picked":["Compile Driver","Fission","Good Instincts"],"picked":"Streamline","floor":2},{"not_picked":["Beam Cell","Hologram","Streamline"],"picked":"REME_FirmDetermination","floor":3},{"not_picked":["Loop","FIFO Queue","ReplayTheSpireMod:Uncanny Aura"],"picked":"Ball Lightning","floor":6},{"not_picked":["Crystallizer","Steam","Steam Power","Trip"],"picked":"SKIP","floor":13},{"not_picked":["Rip and Tear","Redo","Leap"],"picked":"Crow Ritual","floor":14},{"not_picked":["BasicCrystalCard","Reboot","Undo"],"picked":"ReplayTheSpireMod:Brewmster","floor":15},{"not_picked":["Beam Cell","Barrage","Replay:Sssssssssshield"],"picked":"Stack","floor":16},{"not_picked":["REME_ForAll","REME_Shoggoth","Echo Form","ReplayTheSpireMod:Uncanny Aura"],"picked":"ReplayRNGCard","floor":18},{"not_picked":["Sweeping Beam","REME_Compress+1","Scrape+1"],"picked":"Violence","floor":20},{"not_picked":["Ball Lightning","BasicCrystalCard","Self Repair+1"],"picked":"Master of Strategy","floor":21},{"not_picked":["Double Energy+1","REME_ForAll","REME_MagicPocketWatch"],"picked":"Cold Snap","floor":23},{"not_picked":["Stack+1","Barrage+1","Trip"],"picked":"Defragment+1","floor":24},{"not_picked":["Storm","Static Discharge","Chaos"],"picked":"Specialist+1","floor":25},{"not_picked":["Gash+1","Leap+1","Genetic Algorithm"],"picked":"REME_WheelOfFate","floor":26},{"not_picked":["Cold Snap","Compile Driver","Replay:Sssssssssstrike"],"picked":"REME_DataAnalysis+1","floor":31},{"not_picked":["Biased Cognition","Reboot","REME_AllRoundStrike"],"picked":"Mirror Shield","floor":35},{"not_picked":["Double Energy","BasicCrystalCard","Coolheaded"],"picked":"REME_BuildACard","floor":37},{"not_picked":["REME_Compress+1","Hologram","Survey Options"],"picked":"Aggregate","floor":41},{"not_picked":["Turbo+1","Go for the Eyes+1","REME_BattleFury"],"picked":"ReplayTheSpireMod:Fabricate Wheel","floor":42},{"not_picked":["Auto Shields+1","BasicCrystalCard","Static Discharge+1"],"picked":"Bandage Up+1","floor":43},{"not_picked":["Rebound+1","Hologram+1","Beam Cell+1","Survey Options+1"],"picked":"SKIP","floor":43},{"not_picked":["Gash+1","Turbo","ReplayTheSpireMod:Private Reserves"],"picked":"Force Field+1","floor":44},{"not_picked":["Hologram","Lockon","Transmutation"],"picked":"ReplaySolidLightProjector","floor":46},{"not_picked":["Ball Lightning+1","Panic Button","Deep Breath+1"],"picked":"Creative AI","floor":50},{"not_picked":["Tempest+1","Compile Driver+1","Coolheaded+1"],"picked":"REME_EyeOfCthun","floor":50},{"not_picked":["REME_SelfUpgrade+1","BasicCrystalCard+1","ReplayTheSpireMod:Uncanny Aura"],"picked":"Defragment+1","floor":56}],"player_experience":14094,"relics_obtained":[{"floor":0,"key":"Happy Flower"},{"floor":0,"key":"Geode"},{"floor":2,"key":"Solar Panel"},{"floor":14,"key":"Bottled Tornado"},{"floor":25,"key":"Nunchaku"},{"floor":28,"key":"StoneCalendar"},{"floor":39,"key":"Ring of Misfortune"},{"floor":42,"key":"Pet Ghost"},{"floor":44,"key":"Mercury Hourglass"},{"floor":45,"key":"Strawberry"},{"floor":46,"key":"ReplayTheSpireMod:TigerMarble"},{"floor":56,"key":"Vajra"}],"event_choices":[{"damage_healed":0,"gold_gain":0,"player_choice":"Take Damage","damage_taken":18,"relics_obtained":["Golden Idol"],"max_hp_gain":0,"max_hp_loss":0,"event_name":"Golden Idol","floor":8,"gold_loss":0},{"damage_healed":0,"gold_gain":100,"player_choice":"Pray","damage_taken":0,"max_hp_gain":0,"max_hp_loss":0,"event_name":"Golden Shrine","floor":22,"gold_loss":0},{"damage_healed":0,"gold_gain":0,"player_choice":"Gave Idol","damage_taken":0,"relics_obtained":["Bloody Idol"],"max_hp_gain":0,"max_hp_loss":0,"event_name":"Forgotten Altar","floor":27,"relics_lost":["Golden Idol"],"gold_loss":0},{"damage_healed":0,"gold_gain":0,"player_choice":"Ignored","damage_taken":0,"max_hp_gain":0,"max_hp_loss":0,"event_name":"Ghosts","floor":29,"gold_loss":0},{"damage_healed":0,"gold_gain":0,"player_choice":"Joined the Cult","damage_taken":6,"max_hp_gain":0,"max_hp_loss":0,"event_name":"Nest","floor":30,"gold_loss":0,"cards_obtained":["RitualDagger"]},{"damage_healed":0,"gold_gain":0,"player_choice":"Inject Mutagens","damage_taken":0,"relics_obtained":["MutagenicStrength"],"max_hp_gain":0,"max_hp_loss":0,"event_name":"Drug Dealer","floor":34,"gold_loss":0},{"damage_healed":0,"gold_gain":0,"player_choice":"Ignored","damage_taken":0,"max_hp_gain":0,"max_hp_loss":0,"event_name":"Tomb of Lord Red Mask","floor":40,"gold_loss":0}],"is_beta":false,"boss_relics":[{"not_picked":["REME_DemonsWealth","Velvet Choker"],"picked":"Sozu"},{"not_picked":["Dota2Spire:Bloodstone","vexMod:DeviousBotling"],"picked":"SlaversCollar"}],"items_purged_floors":[],"is_endless":false,"potions_floor_spawned":[13,15,16,18,21,25,26,35,42,50,56],"ascension_level":1}}