{"host":"5bif15w8bnsyykqq","time":1610440079,"event":{"mods":["BaseMod","Minty Spire (QoL Compilation)","StSLib"],"gold_per_floor":[116,116,116,41,41,41,71,71,71,97,115,130,143,16,16,113,113,133,148,49,69,80,107,107,139,165,183,217,217,235,254,254,349,349,365,377,393,405,155,182,182,36,36,36,55,88,105,117,117,117,117,117,45,76,76],"floor_reached":56,"playtime":2813,"items_purged":["Strike_R","Defend_R","Strike_R","Strike_R"],"score":1542,"play_id":"d276ba7a-2795-4f42-9622-9e5ed5bd9e78","local_time":"20210112172759","is_ascension_mode":true,"campfire_choices":[{"data":"Flex","floor":6,"key":"SMITH"},{"data":"Armaments","floor":8,"key":"SMITH"},{"data":"Bloodletting","floor":15,"key":"SMITH"},{"data":"Corruption","floor":29,"key":"SMITH"},{"data":"Heavy Blade","floor":32,"key":"SMITH"},{"data":"Barricade","floor":41,"key":"SMITH"},{"data":"Demon Form","floor":44,"key":"SMITH"},{"floor":49,"key":"RECALL"},{"data":"Shockwave","floor":52,"key":"SMITH"}],"circlet_count":0,"master_deck":["Strike_R","Defend_R+1","Defend_R","Defend_R","Bash+1","Flex+1","Armaments+1","Heavy Blade+1","Thunderclap","Shrug It Off","Bloodletting+1","Corruption+1","Uppercut","Ghostly Armor+1","Pommel Strike+1","Feel No Pain+1","Demon Form+1","Pummel","Flex+1","Heavy Blade","Reaper","Barricade+1","True Grit+1","Shockwave+1","Pommel Strike+1","Spot Weakness"],"relics":["Black Blood","NeowsBlessing","Matryoshka","NlothsMask","Smiling Mask","Shuriken","Darkstone Periapt","Snecko Eye","Calipers","Ice Cream","Boot","PreservedInsect","Centennial Puzzle","Red Skull","Medical Kit","Blood Vial","Toy Ornithopter"],"acts_visited":["Exordium","TheCity","TheBeyond","TheEnding"],"potions_floor_usage":[16,16,22,22,22,23,30,33,46,50,55],"damage_taken":[{"damage":0,"enemies":"Jaw Worm","floor":1,"turns":1},{"damage":0,"enemies":"Gremlin Nob","floor":7,"turns":1},{"damage":0,"enemies":"3 Sentries","floor":10,"turns":2},{"damage":2,"enemies":"Small Slimes","floor":11,"turns":3},{"damage":0,"enemies":"Cultist","floor":12,"turns":2},{"damage":9,"enemies":"2 Fungi Beasts","floor":13,"turns":4},{"damage":43,"enemies":"Hexaghost","floor":16,"turns":11},{"damage":23,"enemies":"2 Thieves","floor":18,"turns":4},{"damage":3,"enemies":"Chosen","floor":19,"turns":3},{"damage":3,"enemies":"3 Cultists","floor":21,"turns":4},{"damage":15,"enemies":"Snake Plant","floor":22,"turns":4},{"damage":16,"enemies":"Slavers","floor":23,"turns":3},{"damage":25,"enemies":"Gremlin Leader","floor":25,"turns":4},{"damage":3,"enemies":"Cultist and Chosen","floor":27,"turns":6},{"damage":16,"enemies":"Book of Stabbing","floor":28,"turns":5},{"damage":6,"enemies":"Snecko","floor":30,"turns":3},{"damage":3,"enemies":"Shelled Parasite and Fungi","floor":31,"turns":2},{"damage":4,"enemies":"Champ","floor":33,"turns":6},{"damage":23,"enemies":"3 Shapes","floor":35,"turns":4},{"damage":3,"enemies":"Orb Walker","floor":36,"turns":4},{"damage":16,"enemies":"Writhing Mass","floor":37,"turns":3},{"damage":10,"enemies":"Spire Growth","floor":38,"turns":3},{"damage":3,"enemies":"Nemesis","floor":40,"turns":3},{"damage":3,"enemies":"Sphere and 2 Shapes","floor":45,"turns":5},{"damage":14,"enemies":"Reptomancer","floor":46,"turns":4},{"damage":3,"enemies":"3 Darklings","floor":47,"turns":3},{"damage":3,"enemies":"Transient","floor":48,"turns":5},{"damage":4,"enemies":"Time Eater","floor":50,"turns":6},{"damage":25,"enemies":"Shield and Spear","floor":54,"turns":6},{"damage":60,"enemies":"The Heart","floor":55,"turns":6}],"seed_played":"252514668101028812","potions_obtained":[{"floor":1,"key":"Dexterity Potion"},{"floor":10,"key":"Swift Potion"},{"floor":11,"key":"SkillPotion"},{"floor":21,"key":"SneckoOil"},{"floor":22,"key":"Swift Potion"},{"floor":27,"key":"Ancient Potion"},{"floor":28,"key":"SneckoOil"},{"floor":30,"key":"BloodPotion"},{"floor":36,"key":"Weak Potion"},{"floor":37,"key":"PowerPotion"},{"floor":46,"key":"SkillPotion"},{"floor":47,"key":"Energy Potion"}],"is_trial":false,"path_per_floor":["M","?","?","$","?","R","E","R","T","E","M","M","M","$","R","B",null,"M","M","$","M","M","E","?","E","T","M","E","R","M","M","R","B",null,"M","M","M","M","$","E","R","$","T","R","M","E","M","M","R","B",null,"R","$","E","B",null],"character_chosen":"IRONCLAD","items_purchased":["Bloodletting","Energy Potion","Reaper","BloodPotion","Medical Kit","Spot Weakness"],"campfire_rested":0,"item_purchase_floors":[14,20,39,39,42,53],"current_hp_per_floor":[80,55,39,39,39,39,45,45,45,51,55,61,58,58,58,21,80,63,66,66,69,60,50,50,31,31,34,24,24,40,43,43,45,80,69,78,74,76,76,80,80,80,80,80,80,78,80,80,80,80,80,80,80,67,60],"gold":76,"neow_bonus":"THREE_ENEMY_KILL","is_daily":false,"chose_seed":false,"campfire_upgraded":8,"win_rate":0.0,"timestamp":1610440079,"path_taken":["M","?","?","?","?","R","E","R","T","E","M","?","M","$","R","BOSS","M","M","$","M","M","E","?","E","T","M","E","R","M","M","R","BOSS","M","M","?","M","$","E","R","?","T","R","M","E","M","M","R","BOSS","R","$","E","BOSS"],"items_purchased_type":["Card","Potion","Card","Potion","Relic","Card"],"build_version":"2020-12-22","purchased_purges":4,"victory":true,"max_hp_per_floor":[80,80,80,80,80,80,80,80,80,80,80,80,80,80,80,80,80,80,80,80,80,80,80,80,80,80,80,80,80,80,80,80,80,80,80,80,80,80,80,80,80,80,80,80,80,80,80,80,80,80,80,80,80,80,80],"card_choices":[{"not_picked":["Blood for Blood","Twin Strike"],"picked":"Flex","floor":1},{"not_picked":["Rampage","Havoc"],"picked":"Armaments","floor":7},{"not_picked":["Rampage","Clothesline"],"picked":"Heavy Blade","floor":10},{"not_picked":["Power Through","Perfected Strike","Cleave"],"picked":"SKIP","floor":11},{"not_picked":["Flex","Rage"],"picked":"Thunderclap","floor":12},{"not_picked":["Havoc","Iron Wave"],"picked":"Shrug It Off","floor":13},{"not_picked":["Offering","Double Tap"],"picked":"Corruption","floor":16},{"not_picked":["Twin Strike","Flame Barrier"],"picked":"Uppercut","floor":18},{"not_picked":["Armaments","Twin Strike+1","Iron Wave"],"picked":"SKIP","floor":19},{"not_picked":["Thunderclap+1","Hemokinesis+1"],"picked":"Ghostly Armor+1","floor":21},{"not_picked":["Blood for Blood","Havoc"],"picked":"Pommel Strike+1","floor":22},{"not_picked":["Brutality","Perfected Strike"],"picked":"Feel No Pain+1","floor":23},{"not_picked":["Dark Embrace+1","Second Wind","Metallicize+1"],"picked":"SKIP","floor":25},{"not_picked":["Armaments","Warcry+1","Whirlwind"],"picked":"SKIP","floor":27},{"not_picked":["Burning Pact","Feel No Pain","Headbutt+1"],"picked":"SKIP","floor":28},{"not_picked":["Power Through+1","True Grit","Wild Strike+1"],"picked":"SKIP","floor":30},{"not_picked":["Entrench+1","Flex","Searing Blow"],"picked":"SKIP","floor":31},{"not_picked":["Feed","Brutality"],"picked":"Demon Form","floor":33},{"not_picked":["Whirlwind","Intimidate"],"picked":"Pummel","floor":35},{"not_picked":["Evolve+1","Iron Wave+1"],"picked":"Flex+1","floor":36},{"not_picked":["Wild Strike","Burning Pact+1"],"picked":"Heavy Blade","floor":37},{"not_picked":["Evolve","Battle Trance+1","Headbutt+1"],"picked":"SKIP","floor":38},{"not_picked":["Shrug It Off+1","Perfected Strike"],"picked":"Barricade","floor":40},{"not_picked":["Pummel","Power Through"],"picked":"True Grit+1","floor":45},{"not_picked":["Thunderclap","Havoc+1"],"picked":"Shockwave","floor":46},{"not_picked":["Rupture+1","Havoc","Searing Blow"],"picked":"SKIP","floor":47},{"not_picked":["True Grit","Feel No Pain"],"picked":"Pommel Strike+1","floor":48},{"not_picked":["Clothesline+1","Iron Wave","Metallicize"],"picked":"SKIP","floor":54}],"player_experience":182679,"relics_obtained":[{"floor":7,"key":"Smiling Mask"},{"floor":9,"key":"Shuriken"},{"floor":10,"key":"Darkstone Periapt"},{"floor":23,"key":"Calipers"},{"floor":25,"key":"Ice Cream"},{"floor":26,"key":"Boot"},{"floor":26,"key":"PreservedInsect"},{"floor":28,"key":"Centennial Puzzle"},{"floor":40,"key":"Red Skull"},{"floor":46,"key":"Blood Vial"},{"floor":54,"key":"Toy Ornithopter"}],"event_choices":[{"damage_healed":0,"gold_gain":0,"player_choice":"Success","damage_taken":25,"relics_obtained":["Matryoshka"],"max_hp_gain":0,"max_hp_loss":0,"event_name":"Scrap Ooze","floor":2,"gold_loss":0},{"damage_healed":0,"gold_gain":0,"player_choice":"Entered Light","damage_taken":16,"max_hp_gain":0,"max_hp_loss":0,"event_name":"Shining Light","floor":3,"gold_loss":0,"cards_upgraded":["Defend_R","Bash"]},{"damage_healed":0,"gold_gain":0,"player_choice":"Trade","damage_taken":0,"relics_obtained":["NlothsMask"],"max_hp_gain":0,"max_hp_loss":0,"event_name":"FaceTrader","floor":5,"gold_loss":0},{"cards_removed":["Strike_R"],"damage_healed":0,"gold_gain":0,"player_choice":"Purged","damage_taken":0,"max_hp_gain":0,"max_hp_loss":0,"event_name":"Purifier","floor":24,"gold_loss":0}],"is_beta":false,"boss_relics":[{"not_picked":["Runic Cube","Fusion Hammer"],"picked":"Snecko Eye"},{"not_picked":["Coffee Dripper","Mark of Pain"],"picked":"Black Blood"}],"items_purged_floors":[4,14,20,39],"is_endless":false,"potions_floor_spawned":[1,10,11,21,22,27,28,30,36,37,46,47],"ascension_level":4}}