{"host":"08sn1703g14rasc1","time":1610421905,"event":{"mods":["AchievementEnabler","BaseMod","Colored Map","Colored Powertips","Hermit","Minty Spire (QoL Compilation)","StSLib"],"gold_per_floor":[116,116,116,3,0,0,15,15,15,15,40,55,55,55,55,174,174,187,187,118,16,34,34,34,34,34,34,53,53,53,53,53,157,157,175,7,19,19,19],"floor_reached":38,"playtime":962,"items_purged":["Injury","Strike_R"],"score":501,"play_id":"f0e18224-cfdb-4f7d-b5a1-8670b086cefd","local_time":"20210111192505","is_ascension_mode":true,"campfire_choices":[{"floor":6.0,"key":"REST"},{"data":"Searing Blow","floor":8.0,"key":"SMITH"},{"data":"Searing Blow+1","floor":10.0,"key":"SMITH"},{"data":"Searing Blow+2","floor":13.0,"key":"SMITH"},{"data":"Searing Blow+3","floor":15.0,"key":"SMITH"},{"data":"Searing Blow+4","floor":23.0,"key":"SMITH"},{"data":"Searing Blow+5","floor":24.0,"key":"SMITH"},{"data":"Searing Blow+6","floor":25.0,"key":"SMITH"},{"floor":27.0,"key":"REST"},{"floor":29.0,"key":"REST"},{"data":"Searing Blow+7","floor":32.0,"key":"SMITH"}],"circlet_count":0,"master_deck":["Strike_R","Strike_R","Strike_R","Defend_R","Defend_R","Defend_R+1","Defend_R+1","Bash","Immolate","Second Wind","Inflame","Searing Blow+8","Warcry","Limit Break","Limit Break","Evolve","Power Through","Rampage","Flex","Impervious","True Grit","Metallicize","Inflame"],"relics":["Burning Blood","Bloody Idol","Pantograph","Mummified Hand","Velvet Choker","Nilry\u0027s Codex","WingedGreaves","War Paint","Cursed Key"],"acts_visited":["Exordium","TheCity","TheBeyond"],"potions_floor_usage":[38,38],"damage_taken":[{"damage":12.0,"enemies":"Small Slimes","floor":1.0,"turns":3.0},{"damage":14.0,"enemies":"Jaw Worm","floor":7.0,"turns":4.0},{"damage":10.0,"enemies":"2 Louse","floor":11.0,"turns":3.0},{"damage":6.0,"enemies":"Looter","floor":12.0,"turns":2.0},{"damage":43.0,"enemies":"The Guardian","floor":16.0,"turns":9.0},{"damage":30.0,"enemies":"Shell Parasite","floor":18.0,"turns":4.0},{"damage":23.0,"enemies":"2 Thieves","floor":22.0,"turns":4.0},{"damage":29.0,"enemies":"Snecko","floor":28.0,"turns":4.0},{"damage":86.0,"enemies":"Collector","floor":33.0,"turns":12.0},{"damage":32.0,"enemies":"3 Darklings","floor":35.0,"turns":7.0},{"damage":40,"enemies":"3 Shapes","floor":37,"turns":4},{"damage":34,"enemies":"Transient","floor":38,"turns":4}],"seed_played":"5646933043091200703","potions_obtained":[{"floor":7.0,"key":"BlessingOfTheForge"},{"floor":11.0,"key":"Energy Potion"},{"floor":28.0,"key":"AttackPotion"},{"floor":33.0,"key":"Weak Potion"},{"floor":37,"key":"Explosive Potion"}],"is_trial":false,"path_per_floor":["M","?","T","$","?","R","M","R","T","R","M","M","R","?","R","B",null,"M","?","?","$","M","R","R","R","T","R","M","R","?","?","R","B",null,"M","$","M","M"],"character_chosen":"IRONCLAD","items_purchased":["Inflame","FairyPotion","Metallicize"],"campfire_rested":3,"item_purchase_floors":[4,21,36],"current_hp_per_floor":[45,45,45,45,45,69,61,61,61,61,57,57,57,50,50,38,70,46,30,30,30,13,13,13,13,13,37,14,38,38,38,38,17,64,43,43,14,0,0],"gold":19,"neow_bonus":"THREE_RARE_CARDS","is_daily":false,"chose_seed":false,"campfire_upgraded":8,"win_rate":0.0,"timestamp":1610421905,"path_taken":["M","?","?","$","?","R","M","R","T","R","M","M","R","?","R","BOSS","M","?","?","$","?","R","R","R","T","R","M","R","?","?","R","BOSS","M","?","M","M"],"items_purchased_type":["Card","Potion","Card"],"build_version":"2020-12-22","purchased_purges":2,"victory":false,"max_hp_per_floor":[80,80,80,80,80,80,80,80,80,80,80,80,80,80,80,80,80,80,80,80,80,80,80,80,80,80,80,80,80,80,80,80,80,80,80,80,80,80,80],"card_choices":[{"not_picked":["Corruption","Demon Form"],"picked":"Immolate","floor":0.0},{"not_picked":["Wild Strike","Perfected Strike"],"picked":"Second Wind","floor":1.0},{"not_picked":["Havoc","Heavy Blade"],"picked":"Searing Blow","floor":7.0},{"not_picked":["Thunderclap","Perfected Strike"],"picked":"Warcry","floor":11.0},{"not_picked":["Armaments","Thunderclap"],"picked":"Limit Break","floor":12.0},{"not_picked":["Double Tap","Fiend Fire"],"picked":"Limit Break","floor":16.0},{"not_picked":["Warcry+1","Perfected Strike"],"picked":"Evolve","floor":18.0},{"not_picked":["Sword Boomerang+1","Thunderclap"],"picked":"Power Through","floor":22.0},{"not_picked":["Body Slam+1","Thunderclap","Entrench"],"picked":"SKIP","floor":28.0},{"not_picked":["Barricade","Double Tap"],"picked":"Impervious","floor":33.0},{"not_picked":["Anger","Thunderclap+1"],"picked":"True Grit","floor":35.0},{"not_picked":["Infernal Blade","Sword Boomerang"],"picked":"Inflame","floor":37}],"player_experience":473994,"relics_obtained":[{"floor":3.0,"key":"Pantograph"},{"floor":9.0,"key":"Mummified Hand"},{"floor":19.0,"key":"Nilry\u0027s Codex"},{"floor":26.0,"key":"War Paint"}],"event_choices":[{"damage_healed":0.0,"max_hp_gain":0.0,"max_hp_loss":0.0,"gold_gain":0.0,"event_name":"Golden Idol","player_choice":"Take Wound","floor":2.0,"gold_loss":0.0,"damage_taken":0.0,"relics_obtained":["Golden Idol"],"cards_obtained":["Injury"]},{"damage_healed":0.0,"max_hp_gain":0.0,"max_hp_loss":0.0,"gold_gain":0.0,"event_name":"World of Goop","player_choice":"Left Gold","floor":5.0,"gold_loss":3.0,"damage_taken":0.0},{"cards_removed":["Strike_R"],"damage_healed":0.0,"max_hp_gain":0.0,"max_hp_loss":0.0,"gold_gain":0.0,"event_name":"Golden Wing","player_choice":"Card Removal","floor":14.0,"gold_loss":0.0,"damage_taken":7.0},{"damage_healed":0.0,"max_hp_gain":0.0,"max_hp_loss":0.0,"gold_gain":0.0,"event_name":"Cursed Tome","player_choice":"Obtained Book","floor":19.0,"gold_loss":0.0,"damage_taken":16.0},{"damage_healed":0.0,"max_hp_gain":0.0,"max_hp_loss":0.0,"gold_gain":0.0,"event_name":"WeMeetAgain","player_choice":"Paid Gold","floor":20.0,"gold_loss":69.0,"damage_taken":0.0,"relics_obtained":["WingedGreaves"]},{"damage_healed":0.0,"max_hp_gain":0.0,"max_hp_loss":0.0,"gold_gain":0.0,"event_name":"Forgotten Altar","player_choice":"Gave Idol","floor":30.0,"relics_lost":["Golden Idol"],"gold_loss":0.0,"damage_taken":0.0,"relics_obtained":["Bloody Idol"]},{"damage_healed":0.0,"max_hp_gain":0.0,"max_hp_loss":0.0,"gold_gain":0.0,"event_name":"Match and Keep!","player_choice":"2 cards matched","floor":31.0,"gold_loss":0.0,"damage_taken":0.0,"cards_obtained":["Rampage","Flex"]}],"is_beta":false,"boss_relics":[{"not_picked":["Coffee Dripper","Philosopher\u0027s Stone"],"picked":"Velvet Choker"},{"not_picked":["Tiny House","Black Blood"],"picked":"Cursed Key"}],"items_purged_floors":[4,36],"is_endless":false,"potions_floor_spawned":[7,11,28,33,37],"killed_by":"Transient","ascension_level":8}}