{"host":"1a3cjta80tad0aqj","time":1610468442,"event":{"mods":["2.2 Compatiblity","AchievementEnabler","BaseMod","Colored Map","DeckTracker","KOR Keyword Fix","Keyboard Shortcuts","Minty Spire (QoL Compilation)","Permanent Neow","Quick Restart","Random Character Button","StSLib","SuperFastMode","everything is the same but u backflip on backflip"],"gold_per_floor":[117,192,205,14,14,14,41,54,103,103,120,138,151,165,165,264,264,277,163,175,23,39,39,68,68,93,8,8,40,40,58,58,162,162,181,107,107,34,84,84,84,129,129,147,165,215,234,244,244],"floor_reached":48,"playtime":2569,"items_purged":["Strike_B","Defend_B"],"score":472,"play_id":"280c8039-6c06-40db-83d7-9d4ba48c9dab","local_time":"20210113012042","is_ascension_mode":false,"campfire_choices":[{"data":"Dualcast","floor":6.0,"key":"SMITH"},{"floor":10.0,"key":"REST"},{"floor":15.0,"key":"REST"},{"floor":23.0,"key":"REST"},{"floor":28.0,"key":"REST"},{"floor":32.0,"key":"REST"},{"data":"Hologram","floor":40.0,"key":"SMITH"}],"circlet_count":0,"master_deck":["Zap","Dualcast+1","Hologram+1","Sunder","Ball Lightning","Lockon","Melter","Beam Cell","Defragment","Cold Snap","Echo Form","Chill+1","Leap","Turbo","Sunder+1","Electrodynamics","Sweeping Beam","Skim","Core Surge","Buffer","Scrape","Cold Snap","Barrage","Aggregate+1","Defragment","Madness","Madness","Hologram","Steam+1","Double Energy"],"relics":["Cracked Core","Membership Card","Lantern","Orichalcum","Philosopher\u0027s Stone","Bag of Marbles","Nunchaku","FossilizedHelix","Pen Nib","CaptainsWheel","Potion Belt","Pandora\u0027s Box","DollysMirror","Anchor","Gambling Chip","Mango","Eternal Feather","Akabeko"],"acts_visited":["Exordium","TheCity","TheBeyond"],"potions_floor_usage":[],"damage_taken":[{"damage":0.0,"enemies":"Jaw Worm","floor":1.0,"turns":4.0},{"damage":0.0,"enemies":"Small Slimes","floor":3.0,"turns":3.0},{"damage":31.0,"enemies":"3 Sentries","floor":7.0,"turns":8.0},{"damage":0.0,"enemies":"2 Louse","floor":8.0,"turns":2.0},{"damage":0.0,"enemies":"2 Fungi Beasts","floor":11.0,"turns":1.0},{"damage":7.0,"enemies":"Blue Slaver","floor":12.0,"turns":2.0},{"damage":0.0,"enemies":"Large Slime","floor":13.0,"turns":4.0},{"damage":0.0,"enemies":"3 Louse","floor":14.0,"turns":2.0},{"damage":25.0,"enemies":"The Guardian","floor":16.0,"turns":7.0},{"damage":19.0,"enemies":"2 Thieves","floor":18.0,"turns":3.0},{"damage":9.0,"enemies":"3 Byrds","floor":20.0,"turns":4.0},{"damage":1.0,"enemies":"3 Cultists","floor":22.0,"turns":5.0},{"damage":22.0,"enemies":"Slavers","floor":24.0,"turns":5.0},{"damage":15.0,"enemies":"Gremlin Leader","floor":29.0,"turns":5.0},{"damage":0.0,"enemies":"Shelled Parasite and Fungi","floor":31.0,"turns":3.0},{"damage":59.0,"enemies":"Automaton","floor":33.0,"turns":8.0},{"damage":0.0,"enemies":"Orb Walker","floor":35.0,"turns":4.0},{"damage":0.0,"enemies":"Mind Bloom Boss Battle","floor":39.0,"turns":4.0},{"damage":18.0,"enemies":"2 Orb Walkers","floor":42.0,"turns":4.0},{"damage":0.0,"enemies":"3 Shapes","floor":44.0,"turns":2.0},{"damage":0.0,"enemies":"Sphere and 2 Shapes","floor":45.0,"turns":4.0},{"damage":0.0,"enemies":"Jaw Worm Horde","floor":47.0,"turns":4.0},{"damage":0,"enemies":"4 Shapes","floor":48,"turns":3}],"seed_played":"8010900525862990249","potions_obtained":[{"floor":1.0,"key":"SkillPotion"},{"floor":7.0,"key":"DistilledChaos"},{"floor":12.0,"key":"Fire Potion"},{"floor":20.0,"key":"EssenceOfSteel"},{"floor":22.0,"key":"FairyPotion"},{"floor":29.0,"key":"SmokeBomb"},{"floor":31.0,"key":"SkillPotion"},{"floor":35.0,"key":"SmokeBomb"},{"floor":44.0,"key":"SpeedPotion"},{"floor":47.0,"key":"CultistPotion"}],"is_trial":false,"path_per_floor":["M","?","M","$","?","R","E","M","T","R","M","M","M","M","R","B",null,"M","$","M","$","M","R","E","?","T","?","R","E","?","M","R","B",null,"M","$","?","$","?","R","?","?","T","M","M","T","M","M"],"character_chosen":"DEFECT","items_purchased":["Membership Card","Lockon","Bag of Marbles","Leap","Nunchaku","DollysMirror","Anchor"],"campfire_rested":5,"item_purchase_floors":[4,4,19,21,21,36,38],"current_hp_per_floor":[75,64,64,64,57,57,26,26,26,48,48,41,41,41,63,38,75,56,56,47,47,46,68,46,46,46,46,68,53,53,53,75,16,75,75,75,66,66,66,66,66,62,62,62,62,62,62,62,62],"gold":244,"neow_bonus":"THREE_CARDS","is_daily":false,"chose_seed":true,"campfire_upgraded":2,"win_rate":0.0,"timestamp":1610468442,"path_taken":["M","?","M","$","?","R","E","M","T","R","M","M","M","M","R","BOSS","M","$","M","$","M","R","E","?","T","?","R","E","?","M","R","BOSS","M","$","?","$","?","R","?","?","T","M","M","?","?","M"],"items_purchased_type":["Relic","Card","Relic","Card","Relic","Relic","Relic"],"build_version":"2020-12-22","purchased_purges":2,"victory":false,"max_hp_per_floor":[75,75,75,75,75,75,75,75,75,75,75,75,75,75,75,75,75,75,75,75,75,75,75,75,75,75,75,75,75,75,75,75,75,75,75,75,75,75,75,75,75,89,89,89,89,89,89,89,89],"card_choices":[{"not_picked":["Leap","Stack"],"picked":"Hologram","floor":0.0},{"not_picked":["Steam Power","Go for the Eyes"],"picked":"Sunder","floor":1.0},{"not_picked":["Stack","Compile Driver"],"picked":"Ball Lightning","floor":3.0},{"not_picked":["Compile Driver","Hello World"],"picked":"Melter","floor":7.0},{"not_picked":["Stack","Gash"],"picked":"Beam Cell","floor":8.0},{"not_picked":["Undo","Barrage","Beam Cell"],"picked":"SKIP","floor":11.0},{"not_picked":["Barrage","Darkness"],"picked":"Hello World","floor":12.0},{"not_picked":["Scrape","Steam"],"picked":"Defragment","floor":13.0},{"not_picked":["Undo","Doom and Gloom"],"picked":"Cold Snap","floor":14.0},{"not_picked":["All For One","Hyperbeam"],"picked":"Echo Form","floor":16.0},{"not_picked":["Compile Driver","Hello World"],"picked":"Chill+1","floor":18.0},{"not_picked":["Ball Lightning","Chaos","Recycle"],"picked":"SKIP","floor":20.0},{"not_picked":["Compile Driver","Conserve Battery"],"picked":"Turbo","floor":22.0},{"not_picked":["Coolheaded","Beam Cell+1"],"picked":"Sunder+1","floor":24.0},{"not_picked":["Doom and Gloom+1","Cold Snap"],"picked":"Skim","floor":29.0},{"not_picked":["Gash","Leap"],"picked":"Core Surge","floor":31.0},{"not_picked":["Echo Form","Core Surge"],"picked":"Buffer","floor":33.0},{"not_picked":["Redo","Rebound"],"picked":"Aggregate+1","floor":35.0},{"not_picked":["Gash","Streamline"],"picked":"Hologram","floor":39.0},{"not_picked":["Turbo","Cold Snap+1","Sweeping Beam"],"picked":"SKIP","floor":44.0},{"not_picked":["Heatsinks","Redo+1"],"picked":"Steam+1","floor":45.0},{"not_picked":["Storm","Beam Cell"],"picked":"Double Energy","floor":47.0},{"not_picked":["Leap+1","Darkness+1","Loop"],"picked":"SKIP","floor":48}],"player_experience":330385,"relics_obtained":[{"floor":7.0,"key":"Lantern"},{"floor":9.0,"key":"Orichalcum"},{"floor":24.0,"key":"FossilizedHelix"},{"floor":26.0,"key":"Pen Nib"},{"floor":29.0,"key":"Potion Belt"},{"floor":39.0,"key":"Gambling Chip"},{"floor":42.0,"key":"Mango"},{"floor":43.0,"key":"Eternal Feather"},{"floor":46.0,"key":"Akabeko"}],"event_choices":[{"damage_healed":0.0,"max_hp_gain":0.0,"max_hp_loss":0.0,"gold_gain":75.0,"event_name":"World of Goop","player_choice":"Gather Gold","floor":2.0,"gold_loss":0.0,"damage_taken":11.0},{"cards_removed":["Defend_B"],"damage_healed":0.0,"max_hp_gain":0.0,"max_hp_loss":0.0,"gold_gain":0.0,"event_name":"Golden Wing","player_choice":"Card Removal","floor":5.0,"gold_loss":0.0,"damage_taken":7.0},{"damage_healed":0.0,"max_hp_gain":0.0,"max_hp_loss":0.0,"gold_gain":0.0,"cards_transformed":["Strike_B","Defend_B"],"event_name":"Drug Dealer","player_choice":"Became Test Subject","floor":25.0,"gold_loss":0.0,"damage_taken":0.0,"cards_obtained":["Electrodynamics","Sweeping Beam"]},{"damage_healed":0.0,"max_hp_gain":0.0,"max_hp_loss":0.0,"gold_gain":0.0,"event_name":"Addict","player_choice":"Obtained Relic","floor":27.0,"gold_loss":85.0,"damage_taken":0.0,"relics_obtained":["CaptainsWheel"]},{"damage_healed":0.0,"max_hp_gain":0.0,"max_hp_loss":0.0,"gold_gain":0.0,"event_name":"Vampires","player_choice":"Ignored","floor":30.0,"gold_loss":0.0,"damage_taken":0.0},{"damage_healed":0.0,"max_hp_gain":0.0,"max_hp_loss":0.0,"gold_gain":0.0,"event_name":"Winding Halls","player_choice":"Embrace Madness","floor":37.0,"gold_loss":0.0,"damage_taken":9.0,"cards_obtained":["Madness","Madness"]},{"damage_healed":0.0,"max_hp_gain":0.0,"max_hp_loss":0.0,"gold_gain":0.0,"event_name":"MindBloom","player_choice":"Fight","floor":39.0,"gold_loss":0.0,"damage_taken":0.0},{"cards_removed":["Hello World"],"damage_healed":0.0,"max_hp_gain":0.0,"max_hp_loss":0.0,"gold_gain":0.0,"event_name":"Falling","player_choice":"Removed Power","floor":41.0,"gold_loss":0.0,"damage_taken":0.0},{"damage_healed":0.0,"max_hp_gain":0.0,"max_hp_loss":0.0,"gold_gain":0.0,"event_name":"Mysterious Sphere","player_choice":"Fight","floor":42.0,"gold_loss":0.0,"damage_taken":0.0}],"is_beta":false,"boss_relics":[{"not_picked":["Black Star","Fusion Hammer"],"picked":"Philosopher\u0027s Stone"},{"not_picked":["Sozu","Runic Pyramid"],"picked":"Pandora\u0027s Box"}],"items_purged_floors":[19,21],"is_endless":false,"potions_floor_spawned":[1,7,12,16,20,22,29,31,35,44,47,48],"killed_by":"4 Shapes","ascension_level":0}}