{"host":"nkolxg4se00n20yf","time":1610478183,"event":{"mods":["BaseMod","CatGirl Mod","Chen","Colored Map","Colored Powertips","Downfall","Friendly Minions","Infinite Spire","Kiyohime????","Marisa????????","Minty Spire (QoL Compilation)","StSLib","Td1madao Mod","The Administrix","The Cursed","The Exalted","The Hierophant","The Servant 0.9.4"],"gold_per_floor":[114,114,131,131,147,147,147],"floor_reached":6,"language":"ENG","playtime":263,"items_purged":[],"score":70,"play_id":"dad42320-1f67-42af-932a-28bbe610fec5","local_time":"20210112200303","is_ascension_mode":true,"campfire_choices":[],"circlet_count":0,"master_deck":["AscendersBane","Strike_G","Strike_G","Strike_G","Strike_G","Defend_G","Defend_G","Defend_G","Defend_G","Defend_G","Survivor","Neutralize","expansioncontent:Chronoboost","Backflip","Dagger Throw","Dagger Spray"],"relics":["Ring of the Snake"],"acts_visited":["Exordium"],"potions_floor_usage":[],"damage_taken":[{"damage":6,"enemies":"Cultist","floor":1,"turns":5},{"damage":20,"enemies":"infinitespire:Voidling","floor":3,"turns":6},{"damage":4,"enemies":"2 Louse","floor":5,"turns":5},{"damage":21,"enemies":"Lagavulin","floor":6,"turns":7}],"seed_played":"7851439364694426916","potions_obtained":[{"floor":1,"key":"sneckomod:MuddlingPotion"}],"is_trial":false,"path_per_floor":["M","?","M","?","M","E"],"character_chosen":"THE_SILENT","items_purchased":[],"campfire_rested":0,"item_purchase_floors":[],"current_hp_per_floor":[53,44,38,38,34,13,13],"gold":147,"neow_bonus":"RANDOM_COLORLESS","is_daily":false,"chose_seed":false,"campfire_upgraded":0,"win_rate":0.0,"timestamp":1610478183,"path_taken":["M","?","?","?","M","E"],"items_purchased_type":[],"build_version":"2020-12-22","purchased_purges":0,"victory":false,"max_hp_per_floor":[66,66,66,66,66,66,66],"card_choices":[{"not_picked":["expansioncontent:Sear","expansioncontent:Hexaburn"],"picked":"expansioncontent:Chronoboost","floor":0},{"not_picked":["PiercingWail","Acrobatics"],"picked":"Backflip","floor":1},{"not_picked":["Bouncing Flask","Deflect"],"picked":"Dagger Throw","floor":3},{"not_picked":["Accuracy","Cloak And Dagger"],"picked":"Dagger Spray","floor":5}],"player_experience":1113556,"relics_obtained":[],"event_choices":[{"damage_healed":0,"gold_gain":0,"player_choice":"Damaged","damage_taken":9,"max_hp_gain":0,"max_hp_loss":0,"event_name":"Wheel of Change","floor":2,"gold_loss":0},{"cards_removed":["Strike_G"],"damage_healed":0,"gold_gain":0,"player_choice":"Purged","damage_taken":0,"max_hp_gain":0,"max_hp_loss":0,"event_name":"Purifier","floor":4,"gold_loss":0}],"is_beta":false,"boss_relics":[],"items_purged_floors":[],"is_endless":false,"potions_floor_spawned":[1],"killed_by":"Lagavulin","ascension_level":19}}