{"host":"ilhhjx796p2x2wmd","time":1610436727,"event":{"mods":["AchievementEnabler","BaseMod","BetterRewards","Colored Map","Colored Powertips","DeckTracker","Highlight Path","Minty Spire (QoL Compilation)","Permanent Neow","Rare Cards Sparkle","Shop Mod"],"gold_per_floor":[118,134,150,150,163,191,191,204,204,9,25,25,25],"floor_reached":12,"playtime":838,"items_purged":["Defend_P"],"score":86,"play_id":"daeb331b-9b84-4dee-89e5-4520446c8aab","local_time":"20210112163207","is_ascension_mode":true,"campfire_choices":[{"floor":7,"key":"REST"}],"circlet_count":0,"master_deck":["Strike_P","Strike_P","Strike_P","Defend_P","Defend_P","Defend_P+1","Eruption","Vigilance","CurseOfTheBell","EmptyBody+1","Crescendo","Vault","ThirdEye","PathToVictory","TalkToTheHand"],"relics":["Calling Bell","Strawberry","Matryoshka","Bird Faced Urn","Smiling Mask","War Paint","Mercury Hourglass","Damaru"],"acts_visited":["Exordium"],"potions_floor_usage":[5,6,12],"damage_taken":[{"damage":2,"enemies":"2 Louse","floor":1,"turns":3},{"damage":0,"enemies":"Small Slimes","floor":2,"turns":3},{"damage":4,"enemies":"Cultist","floor":3,"turns":5},{"damage":16,"enemies":"Lots of Slimes","floor":5,"turns":6},{"damage":56,"enemies":"Lagavulin","floor":6,"turns":13},{"damage":3,"enemies":"Looter","floor":8,"turns":5},{"damage":0,"enemies":"2 Fungi Beasts","floor":11,"turns":4},{"damage":25,"enemies":"3 Sentries","floor":12,"turns":5}],"seed_played":"-1199601580142467204","potions_obtained":[{"floor":2,"key":"DistilledChaos"},{"floor":3,"key":"Weak Potion"},{"floor":6,"key":"PowerPotion"}],"is_trial":false,"path_per_floor":["M","M","M","?","M","E","R","M","T","$","M","E"],"character_chosen":"WATCHER","items_purchased":["Damaru"],"campfire_rested":1,"item_purchase_floors":[10],"current_hp_per_floor":[77,77,73,73,57,1,24,21,21,21,21,0,0],"gold":25,"neow_bonus":"BOSS_RELIC","is_daily":false,"chose_seed":false,"campfire_upgraded":0,"win_rate":0.0,"timestamp":1610436727,"path_taken":["M","M","M","?","M","E","R","M","T","$","M","E"],"items_purchased_type":["Relic"],"build_version":"2020-12-22","purchased_purges":1,"victory":false,"max_hp_per_floor":[79,79,79,79,79,79,79,79,79,79,79,79,79],"card_choices":[{"not_picked":["FollowUp","Worship"],"picked":"EmptyBody","floor":1},{"not_picked":["Protect","ThirdEye"],"picked":"Crescendo","floor":2},{"not_picked":["Protect","ReachHeaven","FlurryOfBlows"],"picked":"SKIP","floor":3},{"not_picked":["Wallop","WindmillStrike","Fasting2"],"picked":"SKIP","floor":5},{"not_picked":["Weave","EmptyBody"],"picked":"ThirdEye","floor":6},{"not_picked":["WheelKick","Prostrate"],"picked":"PathToVictory","floor":8},{"not_picked":["EmptyFist","Nirvana"],"picked":"TalkToTheHand","floor":11}],"player_experience":287868,"relics_obtained":[{"floor":0,"key":"Strawberry"},{"floor":0,"key":"Matryoshka"},{"floor":0,"key":"Bird Faced Urn"},{"floor":6,"key":"Smiling Mask"},{"floor":9,"key":"War Paint"},{"floor":9,"key":"Mercury Hourglass"}],"event_choices":[{"damage_healed":0,"gold_gain":0,"cards_transformed":["Strike_P"],"player_choice":"Change","damage_taken":0,"max_hp_gain":0,"max_hp_loss":0,"event_name":"Living Wall","floor":4,"gold_loss":0,"cards_obtained":["Vault"]}],"is_beta":false,"boss_relics":[],"items_purged_floors":[10],"is_endless":false,"potions_floor_spawned":[2,3,6],"killed_by":"3 Sentries","ascension_level":1}}