{"host":"l84l8xigz5v5foa2","time":1610462338,"event":{"mods":["2.2 Compatiblity","AchievementEnabler","BaseMod","Better Note","Better Vampires","Card Filter","Colored Map","DeckTracker","Downfall","Gremlin Skip","Highlight Path","Keyboard Shortcuts","Minty Spire (QoL Compilation)","Permanent Neow","Quick Restart","Relic Filter","Relic Stats","StSLib","SuperFastMode","Transform Curses","Unknown Chances"],"gold_per_floor":[99,119,135,135,45,60,83,83,109,109,109,139,139,239,251,322,322,322,335,348,448,474,490,490,506,431,457,468,483,333,347,359,430,430,430,449,474,196,196,196,196,196,222,222,256,121,121,141,161,161,161,195,31,31,31],"floor_reached":56,"playtime":3070,"items_purged":["Pain","hexamod:Strike","hexamod:Strike"],"score":2374,"play_id":"019eef01-41a0-4be7-aec9-95fbfe3f484d","local_time":"20210112233858","is_ascension_mode":true,"campfire_choices":[{"data":"hexamod:Float","floor":1.0,"key":"SMITH"},{"data":"hexamod:SuperheatedStrike","floor":8.0,"key":"SMITH"},{"data":"hexamod:Rewind","floor":11.0,"key":"SMITH"},{"data":"hexamod:GhostOfSpireFuture","floor":13.0,"key":"SMITH"},{"data":"hexamod:EmpoweringStance","floor":18.0,"key":"SMITH"},{"floor":26.0,"key":"RECALL"},{"data":"hexamod:FastForward","floor":30.0,"key":"SMITH"},{"data":"hexamod:HexaLevel","floor":35.0,"key":"SMITH"},{"data":"expansioncontent:Chronoboost","floor":40.0,"key":"SMITH"},{"data":"hexamod:RecurringNightmare","floor":44.0,"key":"SMITH"},{"data":"hexamod:PowerFromBeyond","floor":47.0,"key":"SMITH"},{"data":"hexamod:TimeOfNeed","floor":54.0,"key":"SMITH"}],"circlet_count":0,"master_deck":["AscendersBane","hexamod:Strike+1","hexamod:Defend","hexamod:Defend","hexamod:Defend","hexamod:Defend","hexamod:Sear","hexamod:Float+1","hexamod:SearingWound","hexamod:GhostLash","hexamod:Hexaguard","hexamod:SuperheatedStrike+1","hexamod:TimeOfNeed+1","hexamod:Rewind+1","hexamod:GhostOfSpireFuture+1","hexamod:AdvancingGuard+1","hexamod:HauntingEcho","hexamod:SpectersWail","hexamod:EmpoweringStance+1","hexamod:TimeOfNeed+1","hexamod:RecurringNightmare+1","hexamod:NightmareGuise","hexamod:Haunt+1","hexamod:FastForward+1","hexamod:InspiringFlames+1","hexamod:FirstSeal","hexamod:HexaLevel+1","hexamod:RainOfEmbers+1","hexamod:PowerFromBeyond+1","expansioncontent:Chronoboost+1","expansioncontent:DecasProtection+1","hexamod:GhostShield","hexamod:StepThrough+1"],"relics":["hexamod:SpiritBrand","WarpedTongs","Toy Ornithopter","Mercury Hourglass","champ:DuelingGlove","Letter Opener","Philosopher\u0027s Stone","hexamod:TheBrokenSeal","downfall:HeartBlessingBlue","Art of War","downfall:HeartBlessingRed","downfall:HeartBlessingGreen","Cursed Key","CaptainsWheel","champ:Barbells","Molten Egg 2","Bottled Lightning","Guardian:GemstoneGun","hexamod:InflammatoryLetter","Nunchaku"],"acts_visited":["TheCity","TheBeyond","TheEnding"],"potions_floor_usage":[55],"damage_taken":[{"damage":0.0,"enemies":"Small Slimes","floor":2.0,"turns":3.0},{"damage":0.0,"enemies":"Cultist","floor":3.0,"turns":4.0},{"damage":3.0,"enemies":"downfall:FleeingMerchant","floor":5.0,"turns":4.0},{"damage":0.0,"enemies":"2 Louse","floor":6.0,"turns":2.0},{"damage":10.0,"enemies":"3 Sentries","floor":9.0,"turns":6.0},{"damage":11.0,"enemies":"Gremlin Nob","floor":12.0,"turns":3.0},{"damage":4.0,"enemies":"2 Fungi Beasts","floor":15.0,"turns":4.0},{"damage":27.0,"enemies":"downfall:Defect","floor":16.0,"turns":7.0},{"damage":0.0,"enemies":"Shell Parasite","floor":19.0,"turns":4.0},{"damage":18.0,"enemies":"3 Cultists","floor":20.0,"turns":5.0},{"damage":2.0,"enemies":"Snake Plant","floor":22.0,"turns":5.0},{"damage":0.0,"enemies":"Snecko","floor":23.0,"turns":3.0},{"damage":0.0,"enemies":"Shelled Parasite and Fungi","floor":25.0,"turns":3.0},{"damage":5.0,"enemies":"Book of Stabbing","floor":27.0,"turns":3.0},{"damage":0.0,"enemies":"Sentry and Sphere","floor":28.0,"turns":3.0},{"damage":0.0,"enemies":"3 Cultists","floor":29.0,"turns":3.0},{"damage":5.0,"enemies":"Centurion and Healer","floor":31.0,"turns":4.0},{"damage":0.0,"enemies":"Cultist and Chosen","floor":32.0,"turns":5.0},{"damage":9.0,"enemies":"downfall:Silent","floor":33.0,"turns":6.0},{"damage":6.0,"enemies":"Orb Walker","floor":36.0,"turns":3.0},{"damage":0.0,"enemies":"Mind Bloom Boss Battle","floor":37.0,"turns":6.0},{"damage":0.0,"enemies":"downfall:FleeingMerchant","floor":38.0,"turns":4.0},{"damage":0.0,"enemies":"Giant Head","floor":43.0,"turns":6.0},{"damage":0.0,"enemies":"Reptomancer","floor":45.0,"turns":6.0},{"damage":0.0,"enemies":"downfall:FleeingMerchant","floor":46.0,"turns":3.0},{"damage":0.0,"enemies":"3 Darklings","floor":48.0,"turns":3.0},{"damage":0.0,"enemies":"Transient","floor":49.0,"turns":6.0},{"damage":0.0,"enemies":"downfall:Ironclad","floor":50.0,"turns":8.0},{"damage":0.0,"enemies":"downfall:CharBossMerchant","floor":52.0,"turns":7.0},{"damage":29,"enemies":"downfall:NeowBoss","floor":55,"turns":17}],"seed_played":"4398106541745226449","potions_obtained":[{"floor":3.0,"key":"Strength Potion"},{"floor":9.0,"key":"SmokeBomb"},{"floor":12.0,"key":"SneckoOil"},{"floor":15.0,"key":"hexamod:EctoCoolerPotion"},{"floor":15.0,"key":"Ancient Potion"},{"floor":16.0,"key":"Slimebound:ThreeZeroPotion"},{"floor":20.0,"key":"hexamod:DoubleChargePotion"},{"floor":22.0,"key":"ColorlessPotion"},{"floor":23.0,"key":"sneckomod:MuddlingPotion"},{"floor":27.0,"key":"DuplicationPotion"},{"floor":43.0,"key":"FearPotion"},{"floor":45.0,"key":"Ancient Potion"}],"is_trial":false,"path_per_floor":["R","M","M","?","$","M","T","R","E","?","R","E","R","?","M","B",null,"R","M","M","?","M","M","T","M","R","E","M","M","R","M","M","B",null,"R","M","?","?","?","R","T","?","E","R","E","$","R","M","M","B",null,"E","$","R","B",null],"character_chosen":"THE_SPIRIT","items_purchased":["champ:Barbells","Guardian:GemstoneGun","Nunchaku"],"campfire_rested":0,"item_purchase_floors":[38,46,53],"current_hp_per_floor":[57,57,57,57,54,54,54,54,49,44,44,33,33,33,34,12,50,50,50,37,37,73,73,73,73,83,78,78,78,78,73,83,81,83,83,83,83,83,73,73,73,73,80,80,83,83,83,83,83,83,83,83,83,83,61],"gold":31,"neow_bonus":"TRANSFORM_CARD","is_daily":false,"chose_seed":false,"campfire_upgraded":11,"win_rate":0.0,"timestamp":1610462338,"path_taken":["R","M","M","?","$","?","T","R","E","?","R","E","R","?","M","BOSS","R","M","M","?","M","M","T","?","R","E","M","M","R","M","M","BOSS","R","M","?","?","?","R","T","?","E","R","E","$","R","M","M","BOSS","E","$","R","BOSS"],"items_purchased_type":["Relic","Relic","Relic"],"build_version":"2020-12-22","purchased_purges":3,"victory":true,"max_hp_per_floor":[63,63,63,63,63,63,63,63,63,63,63,63,63,63,63,63,63,63,63,63,63,73,73,73,73,83,83,83,83,83,83,83,83,83,83,83,83,83,83,83,83,83,83,83,83,83,83,83,83,83,83,83,83,83,83],"relic_stats":{"Nunchaku":[2],"counters":[30,145],"Art of War":[14],"Letter Opener":[358],"Cursed Key":0,"obtain_stats":[{"champ:DuelingGlove":10,"champ:Barbells":38,"downfall:HeartBlessingRed":30,"Guardian:GemstoneGun":46,"hexamod:TheBrokenSeal":22,"downfall:HeartBlessingGreen":30,"hexamod:InflammatoryLetter":52,"Letter Opener":12,"Cursed Key":34,"WarpedTongs":4,"Mercury Hourglass":9,"CaptainsWheel":37,"Nunchaku":53,"downfall:HeartBlessingBlue":26,"Philosopher\u0027s Stone":17,"Molten Egg 2":43,"Art of War":27,"Bottled Lightning":45,"hexamod:SpiritBrand":0,"Toy Ornithopter":7},{"champ:DuelingGlove":5,"champ:Barbells":22,"downfall:HeartBlessingRed":16,"Guardian:GemstoneGun":25,"hexamod:TheBrokenSeal":11,"downfall:HeartBlessingGreen":16,"hexamod:InflammatoryLetter":29,"Letter Opener":6,"Cursed Key":19,"WarpedTongs":2,"Mercury Hourglass":5,"CaptainsWheel":21,"Nunchaku":29,"downfall:HeartBlessingBlue":13,"Philosopher\u0027s Stone":8,"Molten Egg 2":23,"Art of War":14,"Bottled Lightning":24,"hexamod:SpiritBrand":0,"Toy Ornithopter":4},{"champ:DuelingGlove":19,"champ:Barbells":89,"downfall:HeartBlessingRed":61,"Guardian:GemstoneGun":104,"hexamod:TheBrokenSeal":46,"downfall:HeartBlessingGreen":61,"hexamod:InflammatoryLetter":128,"Letter Opener":22,"Cursed Key":76,"WarpedTongs":7,"Mercury Hourglass":19,"CaptainsWheel":85,"Nunchaku":128,"downfall:HeartBlessingBlue":53,"Philosopher\u0027s Stone":33,"Molten Egg 2":95,"Art of War":56,"Bottled Lightning":101,"hexamod:SpiritBrand":0,"Toy Ornithopter":13}],"Toy Ornithopter":30,"WarpedTongs":[131],"Mercury Hourglass":[348]},"card_choices":[{"not_picked":["hexamod:ThermalTransfer","hexamod:SwordOfDarkness"],"picked":"hexamod:ThirdSeal","floor":2.0},{"not_picked":["hexamod:PhantomCloak","hexamod:SpectralSpark"],"picked":"hexamod:GhostLash","floor":3.0},{"not_picked":["hexamod:HeatShield","hexamod:SpectralAdrenaline"],"picked":"hexamod:Hexaguard","floor":3.0},{"not_picked":["hexamod:ThermalTransfer","hexamod:BacktrackSmack"],"picked":"hexamod:SuperheatedStrike","floor":5.0},{"not_picked":["hexamod:GhostShield","hexamod:SpectersWail"],"picked":"hexamod:TimeOfNeed","floor":5.0},{"not_picked":["hexamod:AdvancingGuard","hexamod:PhantomFireball"],"picked":"hexamod:FourthSeal","floor":6.0},{"not_picked":["hexamod:SecondSeal","hexamod:SpectralSpark"],"picked":"hexamod:Rewind","floor":9.0},{"not_picked":["hexamod:BurningTouch","hexamod:InspiringFlames"],"picked":"hexamod:GhostOfSpireFuture","floor":9.0},{"not_picked":["hexamod:Toasty","hexamod:VolcanoVisage"],"picked":"hexamod:AdvancingGuard","floor":12.0},{"not_picked":["hexamod:ShieldOfDarkness","hexamod:AdvancingGuard","hexamod:GhostOfSpireFuture"],"picked":"SKIP","floor":12.0},{"not_picked":["hexamod:EtherealExpedition","hexamod:SpectersWail"],"picked":"hexamod:HauntingEcho","floor":15.0},{"not_picked":["hexamod:InspiringFlames","hexamod:ThermalTransfer"],"picked":"hexamod:SpectersWail","floor":15.0},{"not_picked":["hexamod:SixthSeal","hexamod:ParanormalForm"],"picked":"hexamod:FifthSeal","floor":16.0},{"not_picked":["hexamod:UnleashSpirits","hexamod:TimeOfNeed"],"picked":"hexamod:EmpoweringStance","floor":16.0},{"not_picked":["hexamod:SearingWound","hexamod:CrushingStance"],"picked":"hexamod:TimeOfNeed","floor":16.0},{"not_picked":["hexamod:SkipABeat","hexamod:ThermalTransfer"],"picked":"hexamod:RecurringNightmare","floor":19.0},{"not_picked":["hexamod:FirstSeal","hexamod:SecondSeal"],"picked":"hexamod:SixthSeal","floor":19.0},{"not_picked":["hexamod:SpectersWail+1","hexamod:NightmareGuise","hexamod:BurningTouch"],"picked":"SKIP","floor":19.0},{"not_picked":["hexamod:SpectersWail+1","hexamod:BurningTouch"],"picked":"hexamod:NightmareGuise","floor":19.0},{"not_picked":["hexamod:HeatShield","hexamod:ExtraCrispy"],"picked":"hexamod:SecondSeal","floor":20.0},{"not_picked":["hexamod:SecondSeal","hexamod:ThirdSeal"],"picked":"hexamod:FirstSeal","floor":20.0},{"not_picked":["hexamod:NightmareStrike","hexamod:GhostOfSpirePresent"],"picked":"hexamod:Haunt","floor":20.0},{"not_picked":["hexamod:PowerFromBeyond","hexamod:Firestarter","hexamod:Hexaguard"],"picked":"SKIP","floor":22.0},{"not_picked":["hexamod:AdvancingGuard","hexamod:GhostflameInferno","hexamod:BacktrackSmack"],"picked":"SKIP","floor":23.0},{"not_picked":["hexamod:ShieldOfDarkness","hexamod:GhostShield"],"picked":"hexamod:FastForward","floor":25.0},{"not_picked":["hexamod:NightmareGuise","hexamod:DynamicBlow","hexamod:Toasty"],"picked":"SKIP","floor":27.0},{"not_picked":["hexamod:ShieldOfDarkness","hexamod:SpectersWail","hexamod:NightmareGuise"],"picked":"SKIP","floor":28.0},{"not_picked":["hexamod:RetreatToShadows","hexamod:FastForward+1"],"picked":"hexamod:InspiringFlames+1","floor":29.0},{"not_picked":["hexamod:GhostShield","hexamod:BurningTouch"],"picked":"hexamod:FirstSeal","floor":31.0},{"not_picked":["hexamod:SkipABeat","hexamod:NightmareGuise","hexamod:WildfireWeapon"],"picked":"SKIP","floor":32.0},{"not_picked":["hexamod:UnleashSpirits","hexamod:GiftsFromTheDead"],"picked":"hexamod:HexaLevel","floor":33.0},{"not_picked":["hexamod:BurningTouch","hexamod:InspiringFlames","hexamod:AdvancingGuard"],"picked":"SKIP","floor":36.0},{"not_picked":["hexamod:Hexaguard","hexamod:Firestarter"],"picked":"hexamod:RainOfEmbers+1","floor":37.0},{"not_picked":["hexamod:RecurringNightmare","hexamod:NightmareStrike+1"],"picked":"hexamod:PowerFromBeyond","floor":38.0},{"not_picked":["expansioncontent:BronzeBeam","expansioncontent:HyperBeam"],"picked":"expansioncontent:Chronoboost","floor":39.0},{"not_picked":["expansioncontent:YouAreMine","expansioncontent:HyperBeam"],"picked":"expansioncontent:DecasProtection","floor":39.0},{"not_picked":["hexamod:CatchUp","hexamod:BacktrackSmack+1","hexamod:DynamicBlow+1"],"picked":"SKIP","floor":43.0},{"not_picked":["hexamod:FirstSeal","hexamod:SpectersWail+1"],"picked":"hexamod:GhostShield","floor":45.0},{"not_picked":["hexamod:GhostShield+1","hexamod:PhantomFireball+1"],"picked":"hexamod:StepThrough+1","floor":46.0},{"not_picked":["hexamod:Hexaguard","hexamod:NightmareStrike+1","hexamod:EtherealExpedition"],"picked":"SKIP","floor":48.0},{"not_picked":["hexamod:RainOfEmbers+1","hexamod:NightmareGuise","hexamod:RecurringNightmare"],"picked":"SKIP","floor":49.0},{"not_picked":["hexamod:SuperheatedStrike+1","hexamod:Hexaguard","hexamod:GhostflameBarrier"],"picked":"SKIP","floor":52.0}],"player_experience":3128089,"relics_obtained":[{"floor":7.0,"key":"Toy Ornithopter"},{"floor":9.0,"key":"Mercury Hourglass"},{"floor":12.0,"key":"Letter Opener"},{"floor":27.0,"key":"Art of War"},{"floor":37.0,"key":"CaptainsWheel"},{"floor":43.0,"key":"Molten Egg 2"},{"floor":45.0,"key":"Bottled Lightning"},{"floor":52.0,"key":"hexamod:InflammatoryLetter"}],"event_choices":[{"damage_healed":0.0,"max_hp_gain":0.0,"max_hp_loss":0.0,"gold_gain":0.0,"event_name":"Accursed Blacksmith","player_choice":"Rummage","floor":4.0,"gold_loss":0.0,"damage_taken":0.0,"relics_obtained":["WarpedTongs"],"cards_obtained":["Pain"]},{"damage_healed":0.0,"max_hp_gain":0.0,"max_hp_loss":0.0,"gold_gain":0.0,"event_name":"Scrap Ooze","player_choice":"Success","floor":10.0,"gold_loss":0.0,"damage_taken":5.0,"relics_obtained":["champ:DuelingGlove"]}],"is_beta":false,"boss_relics":[{"not_picked":["SacredBark","Busted Crown"],"picked":"Philosopher\u0027s Stone"},{"not_picked":["Astrolabe","Sozu"],"picked":"Cursed Key"}],"items_purged_floors":[5,38,46],"is_endless":false,"potions_floor_spawned":[3,15,22,23,27,31,43,45,48],"ascension_level":20}}