{"host":"fworv1gvvajf3x0f","time":1610465006,"event":{"mods":["AchievementEnabler","Aspiration","BaseMod","Better Vampires","Colored Map","Colored Powertips","Highlight Path","Minty Spire (QoL Compilation)","Poor People Problems","Replay The Spire","StSLib"],"gold_per_floor":[113,6,6,25,38,63,81,81,81],"floor_reached":8,"playtime":887,"items_purged":[],"score":67,"play_id":"73d090a9-a31b-47f3-9e5f-67f5b83a4311","local_time":"20210112232326","is_ascension_mode":true,"campfire_choices":[],"circlet_count":0,"master_deck":["Strike_G","Strike_G","Strike_G","Strike_G","Strike_G","Defend_G","Defend_G","Defend_G","Defend_G","Survivor","Neutralize","Reflex","Catalyst","Footwork","Noxious Fumes","Deadly Poison"],"relics":["Ring of the Snake","aspiration:DSix","aspiration:Lifesprig"],"acts_visited":["Exordium"],"potions_floor_usage":[6,7],"damage_taken":[{"damage":17,"enemies":"Jaw Worm","floor":1,"turns":8},{"damage":6,"enemies":"Cultist","floor":4,"turns":4},{"damage":0,"enemies":"Small Slimes","floor":5,"turns":4},{"damage":45,"enemies":"Gremlin Nob","floor":6,"turns":6},{"damage":1,"enemies":"Exordium Wildlife","floor":7,"turns":4},{"damage":12,"enemies":"Lagavulin","floor":8,"turns":2}],"seed_played":"5644227630355356122","potions_obtained":[{"floor":1,"key":"SpeedPotion"},{"floor":4,"key":"DuplicationPotion"}],"is_trial":false,"path_per_floor":["M","$","?","M","M","E","M","E"],"character_chosen":"THE_SILENT","items_purchased":["Catalyst","Footwork"],"campfire_rested":0,"item_purchase_floors":[2,2],"current_hp_per_floor":[53,53,53,47,47,2,1,0,0],"gold":81,"neow_bonus":"DSIX","is_daily":false,"chose_seed":false,"campfire_upgraded":0,"win_rate":0.0,"timestamp":1610465006,"path_taken":["M","$","?","M","M","E","M","E"],"items_purchased_type":["Card","Card"],"build_version":"2020-12-22","purchased_purges":0,"victory":false,"max_hp_per_floor":[70,70,70,70,70,70,70,70,70],"card_choices":[{"not_picked":["Toxin Wave","Quick Slash"],"picked":"Reflex","floor":1},{"not_picked":["Dagger Throw","Crippling Poison"],"picked":"Noxious Fumes","floor":4},{"not_picked":["Flying Knee","Dagger Throw","Cloak And Dagger"],"picked":"SKIP","floor":5},{"not_picked":["Blur","PiercingWail"],"picked":"Deadly Poison","floor":6},{"not_picked":["Cloak And Dagger","Deadly Poison","Heel Hook"],"picked":"SKIP","floor":7}],"player_experience":191282,"relics_obtained":[{"floor":6,"key":"aspiration:Lifesprig"}],"event_choices":[{"cards_removed":["Defend_G"],"damage_healed":0,"gold_gain":0,"player_choice":"Purged","damage_taken":0,"max_hp_gain":0,"max_hp_loss":0,"event_name":"Purifier","floor":3,"gold_loss":0}],"is_beta":false,"boss_relics":[],"items_purged_floors":[],"is_endless":false,"potions_floor_spawned":[1,4],"killed_by":"Lagavulin","ascension_level":3}}