{"host":"wwy36mgtdouptwjr","time":1610464437,"event":{"mods":["AchievementEnabler","Aspiration","BaseMod","Better Third Choice","BetterRewards","Colored Map","Colored Powertips","Downfall","Hermit","Highlight Path","Hubris","Minty Spire (QoL Compilation)","Replay The Spire","StSLib","Td1madao Mod","The Cursed","The Necromancer","The Servant 0.9.4"],"gold_per_floor":[119,130,143,154,154,154,180,180,180,198,233,249,263,294,294,391,391,404,404,422,432,0,0,10,44,44,71,81,81,95,111,111,206,206,221,221,271,321,321,321,339,339,339,9,20,51,51,88,88,88],"floor_reached":51,"playtime":4915,"items_purged":[],"score":806,"play_id":"fd11b0c8-4735-42cb-b1a0-abe35428295e","local_time":"20210112181357","is_ascension_mode":true,"campfire_choices":[{"data":"Bouncing Flask","floor":6.0,"key":"SMITH"},{"data":"Crippling Poison","floor":8.0,"key":"SMITH"},{"floor":15.0,"key":"REST"},{"data":"Neutralize","floor":23,"key":"SMITH"},{"floor":29,"key":"REST"},{"floor":32,"key":"REST"},{"data":"After Image","floor":42,"key":"SMITH"},{"floor":47,"key":"REST"},{"floor":49,"key":"REST"}],"circlet_count":0,"master_deck":["Strike_G","Strike_G","Strike_G","Strike_G","Strike_G","Defend_G","Defend_G","Defend_G","Defend_G","Defend_G","Survivor","Neutralize+1","Deadly Poison","Dodge and Roll","Flechettes","Bouncing Flask+1","Crippling Poison+1","Terror+1","Deadly Poison+1","Terror+1","Toxin Wave+1","Distraction+1","After Image+1","Dodge and Roll+1","PiercingWail+1","Poison Darts+1","Noxious Fumes+1","Secret Technique+1","Blade Dance+1","Sucker Punch+1","Blur+1","ReplayTheSpireMod:Speed Training+1","Backflip+1","Acrobatics+1","Bouncing Flask+1","Burst+1","PiercingWail+1","Draining Mist+1","Footwork","hubris:Disease","All Out Attack","Dodge and Roll+1","Well Laid Plans"],"relics":["Ring of the Serpent","hubris:ToyBattleship","Boot","Blue Doll","Toxic Egg 2","Lantern","Snake Skull","Ring of Chaos","hubris:Icosahedron","Bronze Scales","Akabeko","hubris:BottledRain","Pen Nib","Replay:Multitool","Vampiric Spirits","Ring of Fangs","Ring of Panic","Bottled Lightning","Iron Hammer","Bottled Tornado","CeramicFish"],"acts_visited":["Exordium","TheCity","TheBeyond"],"potions_floor_usage":[25,27,33,33,45,45,46,50,50],"damage_taken":[{"damage":4.0,"enemies":"Cultist","floor":1.0,"turns":4.0},{"damage":0.0,"enemies":"Jaw Worm","floor":2.0,"turns":4.0},{"damage":0.0,"enemies":"Small Slimes","floor":3.0,"turns":4.0},{"damage":9.0,"enemies":"Exordium Wildlife","floor":4.0,"turns":5.0},{"damage":4.0,"enemies":"Gremlin Nob","floor":7.0,"turns":3.0},{"damage":4.0,"enemies":"Looter","floor":10.0,"turns":3.0},{"damage":11.0,"enemies":"3 Sentries","floor":11.0,"turns":6.0},{"damage":3.0,"enemies":"3 Louse","floor":12.0,"turns":3.0},{"damage":8.0,"enemies":"Large Slime","floor":13.0,"turns":5.0},{"damage":10.0,"enemies":"Gremlin Nob","floor":14.0,"turns":3.0},{"damage":22.0,"enemies":"Fading Forest","floor":16.0,"turns":11.0},{"damage":0.0,"enemies":"Chosen","floor":18.0,"turns":3.0},{"damage":12.0,"enemies":"2 Thieves","floor":20.0,"turns":4.0},{"damage":11.0,"enemies":"Snake Plant","floor":21.0,"turns":4.0},{"damage":11,"enemies":"Snecko","floor":24,"turns":4},{"damage":0,"enemies":"Slavers","floor":25,"turns":3},{"damage":8,"enemies":"Gremlin Leader","floor":27,"turns":5},{"damage":21,"enemies":"Sentry and Sphere","floor":28,"turns":4},{"damage":6,"enemies":"Snake Plant","floor":30,"turns":3},{"damage":5,"enemies":"Snecko","floor":31,"turns":3},{"damage":36,"enemies":"Collector","floor":33,"turns":7},{"damage":5,"enemies":"3 Shapes","floor":35,"turns":3},{"damage":32,"enemies":"2 Orb Walkers","floor":37,"turns":4},{"damage":0,"enemies":"Mind Bloom Boss Battle","floor":38,"turns":5},{"damage":0,"enemies":"3 Darklings","floor":41,"turns":3},{"damage":0,"enemies":"Transient","floor":45,"turns":5},{"damage":60,"enemies":"Giant Head","floor":46,"turns":8},{"damage":3,"enemies":"Reptomancer","floor":48,"turns":5},{"damage":69,"enemies":"Donu and Deca","floor":50,"turns":8}],"seed_played":"1785851451433996710","potions_obtained":[{"floor":4.0,"key":"AttackPotion"},{"floor":7.0,"key":"LiquidBronze"},{"floor":13.0,"key":"Swift Potion"},{"floor":14.0,"key":"Block Potion"},{"floor":16.0,"key":"Fire Potion"},{"floor":18.0,"key":"EssenceOfSteel"},{"floor":21.0,"key":"SpeedPotion"},{"floor":25,"key":"Fire Potion"},{"floor":28,"key":"BlessingOfTheForge"},{"floor":30,"key":"Explosive Potion"},{"floor":33,"key":"SpeedPotion"},{"floor":41,"key":"FearPotion"},{"floor":45,"key":"Block Potion"},{"floor":48,"key":"Regen Potion"}],"is_trial":false,"path_per_floor":["M","M","M","M","?","R","E","R","T","M","E","M","M","E","R","B",null,"M","?","M","M","$","R","M","E","T","E","M","R","M","M","R","B",null,"M","?","?","?","?","R","M","R","T","$","M","E","R","E","R","B",null],"character_chosen":"THE_SILENT","items_purchased":["Bronze Scales","Noxious Fumes+1","Secret Technique+1","Blade Dance+1","Iron Hammer","LiquidMemories"],"campfire_rested":5,"item_purchase_floors":[22,22,22,22,44,44],"current_hp_per_floor":[66,66,66,57,50,50,46,46,46,42,31,28,20,10,31,19,70,70,70,58,47,47,47,36,36,36,28,7,28,22,17,38,2,70,65,65,33,33,33,54,54,54,54,54,64,8,29,31,52,10],"gold":88,"neow_bonus":"RANDOM_COMMON_RELIC","is_daily":false,"chose_seed":false,"campfire_upgraded":4,"win_rate":0.0,"timestamp":1610464437,"path_taken":["M","M","M","?","?","R","E","R","T","M","E","M","M","E","R","BOSS","M","?","M","M","$","R","M","E","T","E","M","R","M","M","R","BOSS","M","?","?","?","?","R","M","R","T","$","M","E","R","E","R","BOSS"],"items_purchased_type":["Relic","Card","Card","Card","Relic","Potion"],"build_version":"2020-12-22","purchased_purges":0,"victory":true,"max_hp_per_floor":[70,70,70,70,70,70,70,70,70,70,70,70,70,70,70,70,70,70,70,70,70,70,70,70,70,70,70,70,70,70,70,70,70,70,70,70,70,70,70,70,70,70,70,70,70,70,70,70,70,70],"card_choices":[{"not_picked":["Flying Knee","Quick Slash"],"picked":"Deadly Poison","floor":1.0},{"not_picked":["ReplayTheSpireMod:Shiv Toss","Sucker Punch"],"picked":"Dodge and Roll","floor":2.0},{"not_picked":["Bane","Hidden Blade"],"picked":"Flechettes","floor":3.0},{"not_picked":["Distraction","PiercingWail"],"picked":"Bouncing Flask","floor":4.0},{"not_picked":["Acrobatics","After Image"],"picked":"Crippling Poison","floor":7.0},{"not_picked":["Backstab","Slice"],"picked":"Terror+1","floor":10.0},{"not_picked":["Dagger Spray","Hidden Blade+1"],"picked":"Deadly Poison+1","floor":11.0},{"not_picked":["Sneak Up+1","Cloak And Dagger+1"],"picked":"Terror+1","floor":12.0},{"not_picked":["hubris:SlightOfHand+1","Underhanded Strike"],"picked":"Toxin Wave+1","floor":13.0},{"not_picked":["Bane","Deflect+1"],"picked":"Distraction+1","floor":14.0},{"not_picked":["Night Terror+1","aspiration:Lunge"],"picked":"After Image","floor":16.0},{"not_picked":["Sucker Punch","Blade Dance+1"],"picked":"Dodge and Roll+1","floor":18.0},{"not_picked":["Blade Dance+1","Sucker Punch+1"],"picked":"PiercingWail+1","floor":20.0},{"not_picked":["Leg Sweep+1","Cloak And Dagger+1"],"picked":"Poison Darts+1","floor":21.0},{"not_picked":["Eviscerate","hubris:SlightOfHand+1"],"picked":"Sucker Punch","floor":24},{"not_picked":["Dodge and Roll+1","Escape Plan+1"],"picked":"Blur+1","floor":25},{"not_picked":["Masterful Stab","Flying Knee"],"picked":"ReplayTheSpireMod:Speed Training+1","floor":27},{"not_picked":["Concentrate+1","Bane+1"],"picked":"Backflip+1","floor":28},{"not_picked":["Prepared+1","Underhanded Strike"],"picked":"Acrobatics+1","floor":30},{"not_picked":["hubris:SlightOfHand+1","Hidden Blade+1"],"picked":"Bouncing Flask+1","floor":31},{"not_picked":["Envenom","Atom Bomb"],"picked":"Burst+1","floor":33},{"not_picked":["Hidden Blade+1","Dodge and Roll+1"],"picked":"PiercingWail+1","floor":35},{"not_picked":["Heel Hook+1","ReplayTheSpireMod:Shiv Toss+1"],"picked":"Draining Mist+1","floor":37},{"not_picked":["Acrobatics+1","Cloak And Dagger+1"],"picked":"Footwork","floor":38},{"not_picked":["Dodge and Roll+1","Bane+1"],"picked":"All Out Attack","floor":41},{"not_picked":["Wraith Form v2","Poisoned Stab"],"picked":"Dodge and Roll+1","floor":45},{"not_picked":["ReplayTheSpireMod:Scrap Shanks+1","Slice+1","Eviscerate+1"],"picked":"SKIP","floor":46},{"not_picked":["Blade Dance+1","Finisher"],"picked":"Well Laid Plans","floor":48}],"player_experience":369365,"relics_obtained":[{"floor":7.0,"key":"Blue Doll"},{"floor":9.0,"key":"Toxic Egg 2"},{"floor":11.0,"key":"Lantern"},{"floor":14.0,"key":"Snake Skull"},{"floor":25,"key":"Akabeko"},{"floor":26,"key":"hubris:BottledRain"},{"floor":27,"key":"Pen Nib"},{"floor":37,"key":"Replay:Multitool"},{"floor":38,"key":"Vampiric Spirits"},{"floor":39,"key":"Ring of Fangs"},{"floor":39,"key":"Ring of Panic"},{"floor":43,"key":"Bottled Lightning"},{"floor":46,"key":"Bottled Tornado"},{"floor":48,"key":"CeramicFish"}],"event_choices":[{"damage_healed":0.0,"max_hp_gain":0.0,"max_hp_loss":0.0,"gold_gain":0.0,"event_name":"betterThird:BetterScrap","player_choice":"Relic ","floor":5.0,"gold_loss":0.0,"damage_taken":7.0,"cards_obtained":["ConjureBlade"]},{"damage_healed":0,"gold_gain":0,"player_choice":"Fight","damage_taken":0,"max_hp_gain":0,"max_hp_loss":0,"event_name":"Mysterious Sphere","floor":37,"gold_loss":0},{"damage_healed":0,"gold_gain":0,"player_choice":"Fight","damage_taken":0,"max_hp_gain":0,"max_hp_loss":0,"event_name":"MindBloom","floor":38,"gold_loss":0}],"is_beta":false,"boss_relics":[{"not_picked":["Kintsugi","Snecko Eye"],"picked":"Ring of Chaos"},{"not_picked":["aspiration:ServantSkillbook","aspiration:DefectSkillbook"],"picked":"Ring of the Serpent"}],"items_purged_floors":[],"is_endless":false,"potions_floor_spawned":[4,7,13,14,16,18,21,25,28,30,33,41,45,48],"ascension_level":1}}