{"host":"19kf8tqwqindyscq","time":1610466614,"event":{"mods":["2.2 Compatiblity","AchievementEnabler","Aspiration","BaseMod","Colored Map","Colored Powertips","Conspire","Downfall","Gremlin Mod","Hermit","Hubris","Infinite Spire","Minty Spire (QoL Compilation)","Quick Restart","Rare Cards Sparkle","Replay The Spire","Somnambulant","StSLib","SuperFastMode","The Bladedancer","The Bug Knight","The Construct","The Cursed","The Mystic","The Necromancer"],"gold_per_floor":[111,122,140,153,173,204,204,222,222,222,241,274,274,6,6,105,105,116,135,148,162,72,98,98,127,174,186,201,217,230,230,230,328,328,339,384,384,403,421,449,449,466,466,466,466,466,92,109,109,109,109],"floor_reached":50,"playtime":2218,"items_purged":[],"score":655,"play_id":"655eb878-c4f4-4b1f-8b3a-5d8175a90a91","local_time":"20210112125014","is_ascension_mode":false,"campfire_choices":[{"floor":7,"key":"REST"},{"floor":13,"key":"REST"},{"floor":15,"key":"REST"},{"floor":24,"key":"REST"},{"floor":32,"key":"REST"},{"floor":41,"key":"RECALL"},{"floor":44,"key":"DIG"}],"circlet_count":0,"master_deck":["Strike_B","Strike_B","Strike_B","Defend_B+1","Defend_B","Defend_B","Defend_B","Zap","Dualcast","Gash","Sunder","Sweeping Beam","Leap","Beam Cell","FTL","Go for the Eyes","Master of Strategy","All For One","Gash","Recycle+1","Go for the Eyes","Gash","Replay:Fractal Strike","infinitespire:Starlight","ReplayTheSpireMod:Haul","Hyperbeam","Double Energy","ReplayGash+1","Gash+1","Beam Cell","Panacea","Reboot","infinitespire:FutureSight"],"relics":["Cracked Core","NeowsBlessing","Cables","construct:FoamFinger","MealTicket","infinitespire:EmpoweringShard","conspire:SpecialSausage","conspire:BottledYoYo","Pet Ghost","hubris:Stopwatch","Replay:Ringing Soul","Philosopher\u0027s Stone","Replay:Multitool","Replay:Antivirus Software","Question Card","Durian","Replay:Lucky Slots"],"acts_visited":["Exordium","TheCity","TheBeyond"],"potions_floor_usage":[6,11,20,30,36,50,50,50],"damage_taken":[{"damage":0,"enemies":"Small Slimes","floor":1,"turns":1},{"damage":0,"enemies":"Jaw Worm","floor":2,"turns":1},{"damage":0,"enemies":"Cultist","floor":3,"turns":1},{"damage":14,"enemies":"Blue Slaver","floor":4,"turns":4},{"damage":6,"enemies":"Lots of Slimes","floor":5,"turns":3},{"damage":13,"enemies":"3 Sentries","floor":6,"turns":3},{"damage":15,"enemies":"Gremlin Gang","floor":8,"turns":4},{"damage":6,"enemies":"Exordium Wildlife","floor":11,"turns":3},{"damage":6,"enemies":"Gremlin Nob","floor":12,"turns":3},{"damage":0,"enemies":"Slime Boss","floor":16,"turns":6},{"damage":0,"enemies":"Chosen","floor":18,"turns":2},{"damage":5,"enemies":"Shell Parasite","floor":19,"turns":3},{"damage":15,"enemies":"Snake Plant","floor":20,"turns":3},{"damage":16,"enemies":"Centurion and Healer","floor":21,"turns":5},{"damage":4,"enemies":"Nightmare","floor":23,"turns":5},{"damage":2,"enemies":"Book of Stabbing","floor":25,"turns":3},{"damage":1,"enemies":"3 Cultists","floor":27,"turns":3},{"damage":1,"enemies":"Snecko","floor":28,"turns":3},{"damage":0,"enemies":"Snake Plant","floor":29,"turns":3},{"damage":4,"enemies":"Centurion and Healer","floor":30,"turns":2},{"damage":24,"enemies":"Automaton","floor":33,"turns":5},{"damage":2,"enemies":"Orb Walker","floor":35,"turns":2},{"damage":10,"enemies":"2 Orb Walkers","floor":36,"turns":3},{"damage":0,"enemies":"3 Darklings","floor":38,"turns":3},{"damage":8,"enemies":"Jaw Worm Horde","floor":39,"turns":3},{"damage":0,"enemies":"Giant Head","floor":40,"turns":3},{"damage":22,"enemies":"Spire Growth","floor":42,"turns":4},{"damage":0,"enemies":"Transient","floor":48,"turns":5},{"damage":86,"enemies":"Time Eater","floor":50,"turns":7}],"seed_played":"2648983549630705843","potions_obtained":[{"floor":2,"key":"PowerPotion"},{"floor":8,"key":"Adrenaline Potion"},{"floor":12,"key":"Elixir"},{"floor":16,"key":"Slimebound:ThreeZeroPotion"},{"floor":21,"key":"Swift Potion"},{"floor":25,"key":"AttackPotion"},{"floor":33,"key":"FearPotion"},{"floor":38,"key":"FearPotion"}],"is_trial":false,"path_per_floor":["M","M","M","M","M","E","R","M","T","?","M","E","R","$","R","B",null,"M","M","M","M","?","NM","R","E","T","M","M","M","M","AVR","R","B",null,"M","?","?","M","M","E","R","M","T","R","?","?","$","M","R","B"],"character_chosen":"DEFECT","items_purchased":["Master of Strategy","Energy Potion","FearPotion","Replay:Lucky Slots","Beam Cell","Panacea","Fire Potion"],"campfire_rested":5,"item_purchase_floors":[14,14,14,47,47,47,47],"current_hp_per_floor":[75,75,75,61,55,42,64,49,49,31,25,19,41,56,75,75,75,75,70,55,39,39,35,57,55,55,54,53,53,49,52,75,54,81,79,69,72,75,77,87,87,68,68,73,73,73,91,94,72,0,0],"gold":109,"neow_bonus":"THREE_ENEMY_KILL","is_daily":false,"chose_seed":false,"campfire_upgraded":0,"win_rate":0.0,"timestamp":1610466614,"path_taken":["M","M","M","M","M","E","R","M","T","?","M","E","R","$","R","BOSS","M","M","M","M","?","NM","R","E","T","M","M","M","M","AVR","R","BOSS","M","?","?","?","M","E","R","?","T","R","?","?","$","?","R","BOSS"],"items_purchased_type":["Card","Potion","Potion","Relic","Card","Card","Potion"],"build_version":"2020-12-22","purchased_purges":0,"victory":false,"max_hp_per_floor":[75,75,75,75,75,75,75,75,75,75,75,75,75,75,75,75,75,75,75,75,75,75,75,75,75,75,75,75,75,75,78,78,81,81,81,81,84,87,87,87,87,90,90,95,95,95,98,101,104,104,104],"card_choices":[{"not_picked":["Cold Snap","Streamline"],"picked":"Capacitor","floor":1},{"not_picked":["Stack","Streamline"],"picked":"Hello World","floor":2},{"not_picked":["Force Field","Hello World"],"picked":"Gash","floor":3},{"not_picked":["Hologram","Panic Button"],"picked":"Sunder","floor":4},{"not_picked":["Compile Driver","Cold Snap"],"picked":"Sweeping Beam","floor":5},{"not_picked":["Panic Button","Redo"],"picked":"Leap","floor":6},{"not_picked":["Leap","Consume"],"picked":"Beam Cell","floor":8},{"not_picked":["Fusion","ReplayRNGCard"],"picked":"FTL","floor":11},{"not_picked":["Self Repair","Conserve Battery"],"picked":"Go for the Eyes","floor":12},{"not_picked":["Electrodynamics","Hyperbeam"],"picked":"All For One","floor":16},{"not_picked":["Compile Driver+1","BasicCrystalCard","Crystallizer"],"picked":"SKIP","floor":18},{"not_picked":["Steam Power","Stack"],"picked":"Gash","floor":19},{"not_picked":["Panic Button","Scrape"],"picked":"Recycle+1","floor":20},{"not_picked":["Rebound","hubris:SpecializedCircuitry"],"picked":"Go for the Eyes","floor":21},{"not_picked":["Recycle","hubris:Ukulele","Turbo"],"picked":"SKIP","floor":23},{"not_picked":["Barrage","Genetic Algorithm","Cold Snap+1"],"picked":"SKIP","floor":25},{"not_picked":["ReplayTheSpireMod:System Scan","Undo+1","Steam"],"picked":"SKIP","floor":27},{"not_picked":["Conserve Battery","BasicCrystalCard"],"picked":"Gash","floor":28},{"not_picked":["Blizzard","Heatsinks","Rebound+1"],"picked":"SKIP","floor":29},{"not_picked":["ReplaySort","Tempest","Reinforced Body"],"picked":"SKIP","floor":30},{"not_picked":["Fission","ReplayRNGCard"],"picked":"Hyperbeam","floor":33},{"not_picked":["Ball Lightning","Compile Driver+1","Steam+1"],"picked":"SKIP","floor":35},{"not_picked":["Reinforced Body+1","Stack"],"picked":"ReplayGash+1","floor":38},{"not_picked":["Consume+1","Tempest+1","Steam"],"picked":"SKIP","floor":39},{"not_picked":["Double Energy","Coolheaded","Capacitor+1"],"picked":"SKIP","floor":40},{"not_picked":["Reprogram","Loop+1"],"picked":"Gash+1","floor":42},{"not_picked":["Sunder+1","Compile Driver","Leap"],"picked":"Reboot","floor":48},{"not_picked":["ReplayTheSpireMod:Echoes of Time","infinitespire:UltimateForm"],"picked":"infinitespire:FutureSight","floor":49}],"player_experience":157236,"relics_obtained":[{"floor":6,"key":"Cables"},{"floor":9,"key":"construct:FoamFinger"},{"floor":12,"key":"infinitespire:EmpoweringShard"},{"floor":23,"key":"conspire:BottledYoYo"},{"floor":25,"key":"Pet Ghost"},{"floor":36,"key":"Replay:Multitool"},{"floor":40,"key":"Replay:Antivirus Software"},{"floor":43,"key":"Question Card"},{"floor":44,"key":"Durian"}],"event_choices":[{"damage_healed":0,"gold_gain":0,"player_choice":"Success","damage_taken":18,"relics_obtained":["MealTicket"],"max_hp_gain":0,"max_hp_loss":0,"event_name":"Scrap Ooze","floor":10,"gold_loss":0},{"cards_removed":["Capacitor"],"damage_healed":0,"gold_gain":0,"player_choice":"Upgrade and Remove","damage_taken":0,"max_hp_gain":0,"max_hp_loss":0,"event_name":"Designer","floor":22,"gold_loss":90,"cards_upgraded":["Defend_B"]},{"damage_healed":0,"gold_gain":0,"player_choice":"Fight","damage_taken":0,"max_hp_gain":0,"max_hp_loss":0,"event_name":"Mysterious Sphere","floor":36,"gold_loss":0},{"damage_healed":0,"gold_gain":0,"cards_transformed":["Strike_B"],"player_choice":"Transformed","damage_taken":0,"max_hp_gain":0,"max_hp_loss":0,"event_name":"Transmorgrifier","floor":37,"gold_loss":0,"cards_obtained":["Double Energy"]},{"damage_healed":0,"gold_gain":0,"player_choice":"Ignored","damage_taken":0,"max_hp_gain":0,"max_hp_loss":0,"event_name":"Tomb of Lord Red Mask","floor":45,"gold_loss":0},{"cards_removed":["Hello World"],"damage_healed":0,"gold_gain":0,"player_choice":"Purged","damage_taken":0,"max_hp_gain":0,"max_hp_loss":0,"event_name":"Purifier","floor":46,"gold_loss":0}],"is_beta":false,"boss_relics":[{"not_picked":["Empty Cage","SlaversCollar"],"picked":"conspire:SpecialSausage"},{"not_picked":["Astrolabe","Fusion Hammer"],"picked":"Philosopher\u0027s Stone"}],"items_purged_floors":[],"is_endless":false,"potions_floor_spawned":[2,8,12,16,19,21,25,33,38,39,40,48],"killed_by":"Time Eater","ascension_level":0}}