{"host":"9l4mw5jqza9qz9hr","time":1610462159,"event":{"mods":["AchievementEnabler","Always Whale","BaseMod","Colored Map","Minty Spire (QoL Compilation)","StSLib","SuperFastMode"],"gold_per_floor":[109,122,122,122,122,166,192,192,192,206,242,255,288,22,22,121,121,134,59,109,130,151,151,195,195,219,239,239,279,295,295,295],"floor_reached":31,"playtime":805,"items_purged":["Strike_B"],"score":566,"play_id":"5303c49f-6ce2-4029-8a4a-476384db26a8","local_time":"20210112233559","is_ascension_mode":true,"campfire_choices":[{"data":"Zap","floor":8.0,"key":"SMITH"},{"floor":15.0,"key":"REST"},{"floor":23,"key":"REST"},{"floor":25,"key":"REST"}],"circlet_count":0,"master_deck":["AscendersBane","Strike_B","Strike_B","Defend_B","Defend_B","Defend_B","Defend_B","Zap+1","Dualcast","Coolheaded+1","Genetic Algorithm+1","Tempest","Ball Lightning","Coolheaded","FTL","Ball Lightning","Buffer","Compile Driver","Barrage","Electrodynamics","Hologram","Conserve Battery","Force Field"],"relics":["Cracked Core","NeowsBlessing","Golden Idol","Thread and Needle","White Beast Statue","Odd Mushroom","Lantern","Shuriken","The Courier","Sling","Black Star","Ancient Tea Set","Bronze Scales","Strawberry","InkBottle","Mummified Hand"],"acts_visited":["Exordium","TheCity"],"potions_floor_usage":[21,21,24,24,29,29,31,31],"damage_taken":[{"damage":0.0,"enemies":"2 Louse","floor":1.0,"turns":1.0},{"damage":6.0,"enemies":"Small Slimes","floor":2.0,"turns":2.0},{"damage":0.0,"enemies":"Gremlin Nob","floor":6.0,"turns":1.0},{"damage":9.0,"enemies":"The Mushroom Lair","floor":7.0,"turns":4.0},{"damage":0.0,"enemies":"Cultist","floor":10.0,"turns":2.0},{"damage":0.0,"enemies":"3 Sentries","floor":11.0,"turns":7.0},{"damage":0.0,"enemies":"Blue Slaver","floor":12.0,"turns":2.0},{"damage":12.0,"enemies":"Gremlin Nob","floor":13.0,"turns":3.0},{"damage":15.0,"enemies":"The Guardian","floor":16.0,"turns":11.0},{"damage":13.0,"enemies":"2 Thieves","floor":18.0,"turns":4.0},{"damage":19,"enemies":"Shell Parasite","floor":21,"turns":6},{"damage":14,"enemies":"Chosen and Byrds","floor":22,"turns":5},{"damage":13,"enemies":"Slavers","floor":24,"turns":3},{"damage":12,"enemies":"Snecko","floor":27,"turns":3},{"damage":21,"enemies":"Book of Stabbing","floor":29,"turns":5},{"damage":9,"enemies":"Centurion and Healer","floor":30,"turns":6},{"damage":4,"enemies":"Slavers","floor":31,"turns":1}],"seed_played":"7059518296080978183","potions_obtained":[{"floor":1.0,"key":"AttackPotion"},{"floor":7.0,"key":"Fire Potion"},{"floor":10.0,"key":"Weak Potion"},{"floor":11.0,"key":"LiquidMemories"},{"floor":13.0,"key":"SkillPotion"},{"floor":21,"key":"DistilledChaos"},{"floor":22,"key":"FocusPotion"},{"floor":24,"key":"BlessingOfTheForge"},{"floor":27,"key":"ColorlessPotion"},{"floor":29,"key":"SpeedPotion"},{"floor":30,"key":"Weak Potion"}],"is_trial":false,"path_per_floor":["M","M","?","?","?","E","?","R","T","M","E","M","E","$","R","B",null,"M","?","?","M","M","R","E","R","T","M","?","E","M","E"],"character_chosen":"DEFECT","items_purchased":["Compile Driver","Barrage","Sling"],"campfire_rested":3,"item_purchase_floors":[14,14,14],"current_hp_per_floor":[68,62,47,47,40,40,31,31,31,31,31,31,19,19,39,24,58,45,45,45,26,12,32,19,39,46,34,34,13,4,0,0],"gold":295,"neow_bonus":"THREE_ENEMY_KILL","is_daily":false,"chose_seed":false,"campfire_upgraded":1,"win_rate":0.0,"timestamp":1610462159,"path_taken":["M","M","?","?","?","E","?","R","T","M","E","M","E","$","R","BOSS","M","?","?","M","?","R","E","R","T","M","?","E","M","E"],"items_purchased_type":["Card","Card","Relic"],"build_version":"2020-12-22","purchased_purges":1,"victory":false,"max_hp_per_floor":[75,75,75,69,69,69,69,69,69,69,69,69,69,69,69,69,69,69,69,69,69,69,69,69,69,76,76,76,76,76,76,76],"card_choices":[{"not_picked":["Skim","Go for the Eyes"],"picked":"Coolheaded","floor":1.0},{"not_picked":["Steam Power","Beam Cell"],"picked":"Genetic Algorithm","floor":2.0},{"not_picked":["Static Discharge","Beam Cell"],"picked":"Tempest","floor":6.0},{"not_picked":["Barrage","Darkness"],"picked":"Ball Lightning","floor":7.0},{"not_picked":["Auto Shields","Redo"],"picked":"Coolheaded","floor":10.0},{"not_picked":["Tempest","Sweeping Beam"],"picked":"FTL","floor":11.0},{"not_picked":["Beam Cell","Streamline"],"picked":"Ball Lightning","floor":12.0},{"not_picked":["Gash","Coolheaded"],"picked":"Buffer","floor":13.0},{"not_picked":["All For One","Creative AI"],"picked":"Electrodynamics","floor":16.0},{"not_picked":["Redo","Gash"],"picked":"Hologram","floor":18.0},{"not_picked":["Steam","Stack","Streamline"],"picked":"SKIP","floor":21},{"not_picked":["Streamline","Compile Driver"],"picked":"Conserve Battery","floor":22},{"not_picked":["Streamline+1","Conserve Battery","Redo"],"picked":"SKIP","floor":24},{"not_picked":["Steam","Reprogram","Auto Shields"],"picked":"SKIP","floor":27},{"not_picked":["Redo","Ball Lightning"],"picked":"Force Field","floor":29},{"not_picked":["Sweeping Beam","Gash","Rebound"],"picked":"SKIP","floor":30}],"player_experience":223173,"relics_obtained":[{"floor":6.0,"key":"White Beast Statue"},{"floor":7.0,"key":"Odd Mushroom"},{"floor":9.0,"key":"Lantern"},{"floor":11.0,"key":"Shuriken"},{"floor":13.0,"key":"The Courier"},{"floor":24,"key":"Ancient Tea Set"},{"floor":24,"key":"Bronze Scales"},{"floor":26,"key":"Strawberry"},{"floor":29,"key":"InkBottle"},{"floor":29,"key":"Mummified Hand"}],"event_choices":[{"damage_healed":0.0,"max_hp_gain":0.0,"max_hp_loss":0.0,"gold_gain":0.0,"event_name":"Shining Light","player_choice":"Entered Light","floor":3.0,"gold_loss":0.0,"damage_taken":15.0,"cards_upgraded":["Genetic Algorithm","Coolheaded"]},{"damage_healed":0.0,"max_hp_gain":0.0,"max_hp_loss":6.0,"gold_gain":0.0,"event_name":"Golden Idol","player_choice":"Lose Max HP","floor":4.0,"gold_loss":0.0,"damage_taken":0.0,"relics_obtained":["Golden Idol"]},{"damage_healed":0.0,"max_hp_gain":0.0,"max_hp_loss":0.0,"gold_gain":0.0,"event_name":"Scrap Ooze","player_choice":"Success","floor":5.0,"gold_loss":0.0,"damage_taken":7.0,"relics_obtained":["Thread and Needle"]},{"damage_healed":0.0,"max_hp_gain":0.0,"max_hp_loss":0.0,"gold_gain":0.0,"event_name":"Mushrooms","player_choice":"Fought Mushrooms","floor":7.0,"gold_loss":0.0,"damage_taken":0.0},{"cards_removed":["Strike_B"],"damage_healed":0.0,"max_hp_gain":0.0,"max_hp_loss":0.0,"gold_gain":0.0,"event_name":"Beggar","player_choice":"Gave Gold","floor":19.0,"gold_loss":75.0,"damage_taken":0.0},{"damage_healed":0,"gold_gain":100,"player_choice":"Bet on Murderer","damage_taken":0,"max_hp_gain":0,"max_hp_loss":0,"event_name":"The Joust","floor":20,"gold_loss":50},{"damage_healed":0,"gold_gain":0,"player_choice":"Ignored","damage_taken":0,"max_hp_gain":0,"max_hp_loss":0,"event_name":"Vampires","floor":28,"gold_loss":0}],"is_beta":false,"boss_relics":[{"not_picked":["Empty Cage","Coffee Dripper"],"picked":"Black Star"}],"items_purged_floors":[14],"is_endless":false,"potions_floor_spawned":[1,7,10,11,12,13,16,18,21,22,24,27,29,30],"killed_by":"Slavers","ascension_level":13}}