{"host":"w3q5ijqu8eoknil3","time":1610410916,"event":{"mods":["AchievementEnabler","BaseMod","Block Reminder","Colored Powertips","Curses Come First","Minty Spire (QoL Compilation)","Quick Restart","Relic Stats","StSLib","ojb\u0027s Better Paths Mod","ojb\u0027s Info Mod","slay the spire mod where everything is the same but ironclad has a cowboy hat"],"gold_per_floor":[110,110,35,35,45,79,95,95,95,95,120,120,138,172,172,172,172],"floor_reached":16,"playtime":374,"items_purged":[],"score":272,"play_id":"f44521b1-90d4-4b20-843a-a74ad0f4e233","local_time":"20210112002156","is_ascension_mode":true,"campfire_choices":[{"data":"Predator","floor":8,"key":"SMITH"},{"floor":12,"key":"REST"},{"floor":15,"key":"REST"}],"circlet_count":0,"master_deck":["AscendersBane","Strike_G","Strike_G","Strike_G","Strike_G+1","Defend_G","Defend_G","Defend_G","Defend_G","Defend_G","Survivor","Neutralize+1","Dagger Spray","Envenom","Predator+1","PiercingWail","Deadly Poison","Phantasmal Killer"],"relics":["Ring of the Snake","NeowsBlessing","Kunai","Pen Nib","Paper Crane","Letter Opener","Anchor"],"acts_visited":["Exordium"],"potions_floor_usage":[14],"damage_taken":[{"damage":0,"enemies":"2 Louse","floor":1,"turns":1},{"damage":0,"enemies":"Jaw Worm","floor":5,"turns":1},{"damage":0,"enemies":"Lagavulin","floor":6,"turns":1},{"damage":4,"enemies":"Small Slimes","floor":7,"turns":4},{"damage":28,"enemies":"Gremlin Nob","floor":11,"turns":4},{"damage":9,"enemies":"Exordium Thugs","floor":13,"turns":4},{"damage":13,"enemies":"3 Sentries","floor":14,"turns":6},{"damage":19,"enemies":"Slime Boss","floor":16,"turns":4}],"seed_played":"-4790133344064299922","potions_obtained":[{"floor":7,"key":"SpeedPotion"},{"floor":13,"key":"EssenceOfSteel"},{"floor":14,"key":"Energy Potion"}],"is_trial":false,"path_per_floor":["M","?","?","T","M","E","M","R","T","?","E","R","M","E","R","B"],"character_chosen":"THE_SILENT","items_purchased":[],"campfire_rested":2,"item_purchase_floors":[],"current_hp_per_floor":[59,39,39,39,39,39,35,35,35,35,7,26,17,4,23,4,4],"gold":172,"neow_bonus":"THREE_ENEMY_KILL","is_daily":false,"chose_seed":false,"campfire_upgraded":1,"win_rate":0.0,"timestamp":1610410916,"path_taken":["M","?","?","?","M","E","M","R","T","?","E","R","?","E","R","BOSS"],"items_purchased_type":[],"build_version":"2020-12-22","purchased_purges":0,"victory":false,"max_hp_per_floor":[66,66,66,66,66,66,66,66,66,66,66,66,66,66,66,66,66],"relic_stats":{"counters":[8,25],"Pen Nib":[3],"Kunai":[5],"Letter Opener":[15],"obtain_stats":[{"Anchor":14,"NeowsBlessing":0,"Pen Nib":6,"Kunai":4,"Letter Opener":11,"Paper Crane":9,"Ring of the Snake":0},{"Anchor":7,"NeowsBlessing":0,"Pen Nib":3,"Kunai":1,"Letter Opener":5,"Paper Crane":4,"Ring of the Snake":0},{"Anchor":21,"NeowsBlessing":0,"Pen Nib":3,"Kunai":1,"Letter Opener":11,"Paper Crane":7,"Ring of the Snake":0}],"Ring of the Snake":[16]},"card_choices":[{"not_picked":["Quick Slash","Deflect","Heel Hook"],"picked":"SKIP","floor":1},{"not_picked":["Quick Slash","Prepared"],"picked":"Dagger Spray","floor":5},{"not_picked":["Sucker Punch","Dodge and Roll"],"picked":"Envenom","floor":6},{"not_picked":["Slice","Acrobatics"],"picked":"Predator","floor":7},{"not_picked":["Dagger Throw","Dagger Spray"],"picked":"PiercingWail","floor":11},{"not_picked":["Well Laid Plans","Acrobatics"],"picked":"Deadly Poison","floor":13},{"not_picked":["Poisoned Stab","Leg Sweep"],"picked":"Phantasmal Killer","floor":14}],"player_experience":964109,"relics_obtained":[{"floor":4,"key":"Kunai"},{"floor":6,"key":"Pen Nib"},{"floor":9,"key":"Paper Crane"},{"floor":11,"key":"Letter Opener"},{"floor":14,"key":"Anchor"}],"event_choices":[{"damage_healed":0,"gold_gain":0,"player_choice":"Entered Light","damage_taken":20,"max_hp_gain":0,"max_hp_loss":0,"event_name":"Shining Light","floor":2,"gold_loss":0,"cards_upgraded":["Neutralize","Strike_G"]},{"cards_removed":["Strike_G"],"damage_healed":0,"gold_gain":0,"player_choice":"Card Removal","damage_taken":0,"max_hp_gain":0,"max_hp_loss":0,"event_name":"The Cleric","floor":3,"gold_loss":75},{"damage_healed":0,"gold_gain":0,"player_choice":"Ignored","damage_taken":0,"max_hp_gain":0,"max_hp_loss":0,"event_name":"Liars Game","floor":10,"gold_loss":0}],"is_beta":false,"boss_relics":[],"items_purged_floors":[],"is_endless":false,"potions_floor_spawned":[7,13,14],"killed_by":"Slime Boss","ascension_level":18}}