{"host":"eejrqhjknvwl59ep","time":1610456488,"event":{"mods":["BaseMod","Downfall","Hubris","Infinite Spire","Minty Spire (QoL Compilation)","StSLib"],"gold_per_floor":[112,62,73,89,89,119,149,149,202,267,267,26,26,70,70,178,178,205,205,214,214,223,223,245,245,245,245],"floor_reached":25,"playtime":988,"items_purged":[],"score":290,"play_id":"65a5ccff-4479-492d-811e-109d1683829a","local_time":"20210112140128","daily_mods":["Draft","Heirloom","Time Dilation","Flight"],"is_ascension_mode":false,"campfire_choices":[{"data":"Slimebound:OozeBath","floor":8,"key":"SMITH"},{"data":"Slimebound:Schlurp","floor":11,"key":"SMITH"},{"data":"Slimebound:TongueLash","floor":15,"key":"SMITH"},{"data":"J.A.X.","floor":23,"key":"SMITH"}],"circlet_count":0,"master_deck":["Slimebound:SlimeSpikes","Slimebound:TongueLash+1","Slimebound:ViciousTackle","Slimebound:ViciousTackle","Slimebound:SplitMire","Slimebound:BestDefense","Slimebound:LeadByExample+1","Slimebound:RollThrough","Slimebound:SlimeSpikes","Slimebound:SlimeSpikes","Slimebound:SlimeSpikes","Slimebound:LevelUp","Slimebound:SplitMire","Slimebound:ForwardTackle","Slimebound:SplitLeeching","Slimebound:HungryTackle","Slimebound:Gluttony","Slimebound:OozeBath+1","Slimebound:AcidTongue","Slimebound:Schlurp+1","Panache","Slimebound:Nibble+1","Slimebound:Recollect","Slimebound:Recycling","Slimebound:Gluttony+1","infinitespire:Fortify","J.A.X.+1","Slimebound:LivingWall"],"relics":["Slimebound:AbsorbEndCombat","hexamod:BolsterEngine","Happy Flower","Oddly Smooth Stone","CeramicFish","Omamori","Slimebound:TarBlob","Red Mask","infinitespire:BottledMercury"],"acts_visited":["Exordium","TheCity"],"potions_floor_usage":[14,25],"damage_taken":[{"damage":8,"enemies":"Cultist","floor":1,"turns":3},{"damage":18,"enemies":"Small Slimes","floor":3,"turns":3},{"damage":11,"enemies":"2 Louse","floor":4,"turns":2},{"damage":43,"enemies":"Gremlin Nob","floor":6,"turns":4},{"damage":15,"enemies":"Lagavulin","floor":7,"turns":5},{"damage":10,"enemies":"Gremlin Nob","floor":10,"turns":4},{"damage":8,"enemies":"3 Sentries","floor":14,"turns":3},{"damage":23,"enemies":"Hexaghost","floor":16,"turns":5},{"damage":34,"enemies":"Shell Parasite","floor":18,"turns":4},{"damage":0,"enemies":"3 Byrds","floor":24,"turns":1},{"damage":33,"enemies":"Slavers","floor":25,"turns":4}],"seed_played":"-2421860045832486129","potions_obtained":[{"floor":1,"key":"Explosive Potion"},{"floor":6,"key":"Ancient Potion"},{"floor":7,"key":"DistilledChaos"},{"floor":14,"key":"ColorlessPotion"}],"is_trial":true,"path_per_floor":["M","?","M","M","?","E","E","R","T","?","R","$","?","E","R","B",null,"M","?","?","?","?","R","M","E"],"character_chosen":"SLIMEBOUND","items_purchased":["Panache","Slimebound:Nibble"],"campfire_rested":0,"item_purchase_floors":[12,12],"current_hp_per_floor":[60,60,54,51,51,20,21,21,21,17,17,17,17,27,27,24,60,40,30,30,30,30,30,30,0,0,0],"gold":245,"neow_bonus":"","is_daily":false,"chose_seed":false,"campfire_upgraded":4,"win_rate":0.0,"timestamp":1610456488,"path_taken":["M","?","M","M","?","E","E","R","T","?","R","$","?","E","R","BOSS","M","?","?","?","?","R","M","E"],"items_purchased_type":["Card","Card"],"build_version":"2020-12-22","purchased_purges":0,"victory":false,"max_hp_per_floor":[60,60,60,60,60,60,60,60,60,60,60,60,60,60,60,60,60,60,65,65,65,65,65,65,65,65,65],"card_choices":[{"not_picked":["Slimebound:SplitMire","Slimebound:Grow"],"picked":"Slimebound:SlimeSpikes","floor":0},{"not_picked":["Slimebound:PressTheAttack","Slimebound:DivideAndConquer"],"picked":"Slimebound:TongueLash","floor":0},{"not_picked":["Slimebound:DivideAndConquer","Slimebound:LeechingTouch"],"picked":"Slimebound:ViciousTackle","floor":0},{"not_picked":["Slimebound:GrowthPunch","Slimebound:FormOfPuddle"],"picked":"Slimebound:ViciousTackle","floor":0},{"not_picked":["Slimebound:ProtectTheBoss","Slimebound:LeechingTouch"],"picked":"Slimebound:SplitMire","floor":0},{"not_picked":["Slimebound:SplitLeeching","Slimebound:GoopSpray"],"picked":"Slimebound:BestDefense","floor":0},{"not_picked":["Slimebound:GrowthPunch","Slimebound:DisruptingSlam"],"picked":"Slimebound:LeadByExample","floor":0},{"not_picked":["Slimebound:FlameTackle","Slimebound:GoopSpray"],"picked":"Slimebound:RollThrough","floor":0},{"not_picked":["Slimebound:LeechingTouch","Slimebound:ItLooksTasty"],"picked":"Slimebound:SlimeSpikes","floor":0},{"not_picked":["Slimebound:ComboTackle","Slimebound:ViciousTackle"],"picked":"Slimebound:SlimeSpikes","floor":0},{"not_picked":["Slimebound:SamplingLick","Slimebound:GoopSpray"],"picked":"Slimebound:SlimeSpikes","floor":0},{"not_picked":["Slimebound:SplitBruiser","Slimebound:GrowthPunch"],"picked":"Slimebound:LevelUp","floor":0},{"not_picked":["Slimebound:RollThrough","Slimebound:LeechEnergy"],"picked":"Slimebound:SplitMire","floor":0},{"not_picked":["Slimebound:LeechingTouch","Slimebound:Repurpose"],"picked":"Slimebound:ForwardTackle","floor":0},{"not_picked":["Slimebound:GrowthPunch","Slimebound:SplitAcid"],"picked":"Slimebound:LeechEnergy","floor":0},{"not_picked":["Slimebound:GoopSpray","Slimebound:ViciousTackle"],"picked":"Slimebound:SplitLeeching","floor":1},{"not_picked":["Slimebound:ComboTackle","Slimebound:ViciousTackle"],"picked":"Slimebound:HungryTackle","floor":3},{"not_picked":["Slimebound:GrowthPunch","Slimebound:ComboTackle"],"picked":"Slimebound:Gluttony","floor":4},{"not_picked":["Slimebound:SplitLeeching","Slimebound:SlimeBarrage"],"picked":"Slimebound:OozeBath","floor":6},{"not_picked":["Slimebound:SplitLeeching","Slimebound:GrowthPunch"],"picked":"Slimebound:AcidTongue","floor":7},{"not_picked":["Slimebound:HauntingLick","Slimebound:ViciousTackle"],"picked":"Slimebound:Schlurp","floor":10},{"not_picked":["Slimebound:FinishingTackle","Slimebound:SamplingLick"],"picked":"Slimebound:Recollect","floor":14},{"not_picked":["Slimebound:CheckThePlaybook","Slimebound:LeechLife"],"picked":"Slimebound:Recycling","floor":16},{"not_picked":["Slimebound:SplitAcid","Slimebound:GrowthPunch+1"],"picked":"Slimebound:Gluttony+1","floor":18},{"not_picked":["infinitespire:UltimateForm","infinitespire:FutureSight"],"picked":"infinitespire:Fortify","floor":20},{"not_picked":["Slimebound:SplitBruiser","Slimebound:LeechingTouch+1"],"picked":"Slimebound:LivingWall","floor":24}],"player_experience":247187,"relics_obtained":[{"floor":6,"key":"hexamod:BolsterEngine"},{"floor":7,"key":"Happy Flower"},{"floor":9,"key":"Oddly Smooth Stone"},{"floor":10,"key":"CeramicFish"},{"floor":14,"key":"Omamori"},{"floor":20,"key":"Red Mask"}],"event_choices":[{"cards_removed":["Slimebound:LeechEnergy"],"damage_healed":0,"gold_gain":0,"player_choice":"Card Removal","damage_taken":0,"max_hp_gain":0,"max_hp_loss":0,"event_name":"The Cleric","floor":2,"gold_loss":50},{"damage_healed":0,"gold_gain":0,"player_choice":"Searched \u00271\u0027 times","damage_taken":0,"max_hp_gain":0,"max_hp_loss":0,"event_name":"Dead Adventurer","floor":10,"gold_loss":0},{"damage_healed":0,"gold_gain":0,"player_choice":"Shed Blood","damage_taken":15,"max_hp_gain":5,"max_hp_loss":0,"event_name":"Forgotten Altar","floor":19,"gold_loss":0},{"damage_healed":0,"gold_gain":0,"player_choice":"Stole Relic","damage_taken":0,"relics_obtained":["infinitespire:BottledMercury"],"max_hp_gain":0,"max_hp_loss":0,"event_name":"Addict","floor":21,"gold_loss":0,"cards_obtained":["Shame"]},{"damage_healed":0,"gold_gain":0,"player_choice":"Obtain J.A.X.","damage_taken":0,"max_hp_gain":0,"max_hp_loss":0,"event_name":"Drug Dealer","floor":22,"gold_loss":0,"cards_obtained":["J.A.X."]}],"is_beta":false,"boss_relics":[{"not_picked":["Astrolabe","hubris:BlackHole"],"picked":"Slimebound:TarBlob"}],"items_purged_floors":[],"is_endless":false,"potions_floor_spawned":[1,6,7,14,18],"killed_by":"Slavers","ascension_level":0}}