{"host":"7l2t4psy44vpcd9q","time":1610474652,"event":{"mods":["AchievementEnabler","BaseMod","DeckTracker","Minty Spire (QoL Compilation)","SuperFastMode"],"gold_per_floor":[116,116,135,155,167,167,203,225,248,264,287,300,300,310,310,393,393,406,406,406],"floor_reached":19,"playtime":884,"items_purged":[],"score":350,"play_id":"9dcf549a-e3d3-4b31-aaa3-90674b0f7acd","local_time":"20210113030412","is_ascension_mode":true,"campfire_choices":[{"floor":6,"key":"REST"},{"floor":13,"key":"REST"},{"data":"Armaments","floor":15,"key":"SMITH"}],"circlet_count":0,"master_deck":["AscendersBane","Strike_R","Strike_R","Strike_R","Strike_R","Strike_R","Defend_R","Defend_R","Defend_R","Defend_R","Bash+1","Armaments+1","Carnage","Disarm","Rage","Spot Weakness","True Grit","Impervious","Juggernaut"],"relics":["Burning Blood","CeramicFish","Smiling Mask","SlaversCollar"],"acts_visited":["Exordium","TheCity"],"potions_floor_usage":[10,12,16,16,18,19],"damage_taken":[{"damage":14.0,"enemies":"2 Louse","floor":1.0,"turns":3.0},{"damage":6,"enemies":"Cultist","floor":3,"turns":3},{"damage":7,"enemies":"Jaw Worm","floor":4,"turns":3},{"damage":35,"enemies":"Exordium Wildlife","floor":5,"turns":7},{"damage":33,"enemies":"Gremlin Nob","floor":7,"turns":4},{"damage":7,"enemies":"Blue Slaver","floor":8,"turns":4},{"damage":7,"enemies":"2 Fungi Beasts","floor":10,"turns":3},{"damage":7,"enemies":"Large Slime","floor":11,"turns":7},{"damage":8,"enemies":"Gremlin Gang","floor":12,"turns":5},{"damage":14,"enemies":"Exordium Thugs","floor":14,"turns":4},{"damage":27,"enemies":"The Guardian","floor":16,"turns":12},{"damage":57,"enemies":"Chosen","floor":18,"turns":8},{"damage":12,"enemies":"Spheric Guardian","floor":19,"turns":3}],"seed_played":"7846936899028302952","potions_obtained":[{"floor":7,"key":"PowerPotion"},{"floor":8,"key":"Explosive Potion"},{"floor":10,"key":"PowerPotion"},{"floor":14,"key":"PowerPotion"},{"floor":16,"key":"LiquidBronze"},{"floor":18,"key":"EssenceOfSteel"}],"is_trial":false,"path_per_floor":["M","?","M","M","M","R","E","M","T","M","M","M","R","M","R","B",null,"M","M"],"character_chosen":"IRONCLAD","items_purchased":[],"campfire_rested":2,"item_purchase_floors":[],"current_hp_per_floor":[60,60,60,59,30,52,25,24,24,23,22,20,42,34,34,13,60,9,0,0],"gold":406,"neow_bonus":"UPGRADE_CARD","is_daily":false,"chose_seed":false,"campfire_upgraded":1,"win_rate":0.0,"timestamp":1610474652,"path_taken":["M","?","M","?","M","R","E","M","T","?","M","M","R","M","R","BOSS","M","M"],"items_purchased_type":[],"build_version":"2020-12-22","purchased_purges":0,"victory":false,"max_hp_per_floor":[75,75,75,75,75,75,75,75,75,75,75,75,75,75,75,75,75,75,75,75],"card_choices":[{"not_picked":["Havoc","Pommel Strike"],"picked":"Armaments","floor":1.0},{"not_picked":["Sword Boomerang","Armaments"],"picked":"Carnage","floor":3},{"not_picked":["Havoc","Headbutt"],"picked":"Disarm","floor":4},{"not_picked":["Perfected Strike","Body Slam"],"picked":"Rage","floor":5},{"not_picked":["Rupture","Bloodletting"],"picked":"Spot Weakness","floor":7},{"not_picked":["Body Slam","Iron Wave"],"picked":"True Grit","floor":8},{"not_picked":["Spot Weakness","Sentinel","Evolve"],"picked":"SKIP","floor":10},{"not_picked":["Shrug It Off","Havoc"],"picked":"Impervious","floor":11},{"not_picked":["Hemokinesis","Armaments","Flex"],"picked":"SKIP","floor":12},{"not_picked":["Sever Soul","Flex","Reckless Charge"],"picked":"SKIP","floor":14},{"not_picked":["Bludgeon","Impervious"],"picked":"Juggernaut","floor":16},{"not_picked":["Havoc","Whirlwind+1","Armaments"],"picked":"SKIP","floor":18}],"player_experience":1224795,"relics_obtained":[{"floor":7,"key":"CeramicFish"},{"floor":9,"key":"Smiling Mask"}],"event_choices":[{"damage_healed":0,"gold_gain":0,"player_choice":"Leave","damage_taken":0,"max_hp_gain":0,"max_hp_loss":0,"event_name":"FaceTrader","floor":2,"gold_loss":0}],"is_beta":false,"boss_relics":[{"not_picked":["Pandora\u0027s Box","Runic Cube"],"picked":"SlaversCollar"}],"items_purged_floors":[],"is_endless":false,"potions_floor_spawned":[7,8,10,14,16,18],"killed_by":"Spheric Guardian","ascension_level":20}}