{"host":"rupmf8lnk599ormj","time":1610473691,"event":{"mods":["2.2 Compatiblity","AchievementEnabler","BaseMod","Better Match","Better Third Choice","BetterRewards","ChefMod","Colored Map","Colored Powertips","Downfall","Evolution","Gold Saver","Googly Eyes","Hero for Fun","Hubris","Minty Spire (QoL Compilation)","Quick Restart","Rare Cards Sparkle","Replay The Spire","Spicy Shops","StSLib","The Cursed","The Poker Player"],"gold_per_floor":[2419,2434,2449,2464,2479,2479,2479,2479,1456,1471,1486,1501,1426,1441,1456,1556,1556,1556,1556,1556],"floor_reached":19,"playtime":1158,"items_purged":[],"score":213,"play_id":"8643c6f1-a2c4-4cf7-8cb2-d5bfdc971dd4","local_time":"20210112124811","daily_mods":["SealedDeck","Green Cards","Lethality"],"is_ascension_mode":false,"campfire_choices":[{"floor":1,"key":"RECALL"},{"floor":13,"key":"REST"},{"data":"Genetic Algorithm","floor":18,"key":"SMITH"}],"circlet_count":0,"master_deck":["Flying Knee","Static Discharge","Coolheaded","Auto Shields","Gash","Gash","Turbo","Undo+1","Concentrate","Noxious Fumes","Underhanded Strike","ReplayTheSpireMod:Scrap Shanks","Replay:Poison Smokescreen","Genetic Algorithm+1","ReplayRNGCard","Injury","Crow Ritual","FTL","Body Slam+1","Crystallizer","expansioncontent:GoopSpray","FIFO Queue","Ball Lightning","Scorching Beam","Skim","Reinforced Body","Poison Darts"],"relics":["EVO:Axolotl","Akabeko","Iron Core","Lantern","Nunchaku","Art of War","downfall:HeartBlessingRed","Ring of Chaos"],"acts_visited":["Exordium","TheCity"],"potions_floor_usage":[11,11,16],"damage_taken":[{"damage":7,"enemies":"Cultist","floor":2,"turns":3},{"damage":0,"enemies":"2 Louse","floor":3,"turns":3},{"damage":9,"enemies":"Jaw Worm","floor":4,"turns":3},{"damage":7,"enemies":"Looter","floor":5,"turns":3},{"damage":24,"enemies":"downfall:FleeingMerchant","floor":9,"turns":4},{"damage":1,"enemies":"Gremlin Gang","floor":10,"turns":4},{"damage":14,"enemies":"Large Slime","floor":11,"turns":3},{"damage":3,"enemies":"Red Slaver","floor":12,"turns":2},{"damage":0,"enemies":"Looter","floor":14,"turns":1},{"damage":12,"enemies":"Exordium Thugs","floor":15,"turns":3},{"damage":0,"enemies":"The Guardian","floor":16,"turns":10},{"damage":80,"enemies":"3 Byrds","floor":19,"turns":3}],"seed_played":"-5514344210177769252","potions_obtained":[{"floor":2,"key":"PotionOfCapacity"},{"floor":3,"key":"Fire Potion"},{"floor":10,"key":"champ:CounterPotion"},{"floor":12,"key":"SkillPotion"},{"floor":14,"key":"Venom Potion"}],"is_trial":false,"path_per_floor":["R","M","M","M","M","?","T","?","$","M","M","M","R","M","M","B",null,"R_BF","M"],"character_chosen":"DEFECT","items_purchased":["Lantern","Nunchaku","Art of War","Crow Ritual","FTL","Body Slam+1","Crystallizer","expansioncontent:GoopSpray"],"campfire_rested":1,"item_purchase_floors":[9,9,9,9,9,9,9,9],"current_hp_per_floor":[78,71,71,62,55,55,55,55,31,30,16,13,36,36,24,24,78,78,0,0],"gold":1556,"neow_bonus":"","is_daily":true,"chose_seed":false,"campfire_upgraded":1,"win_rate":0.0,"timestamp":1610473691,"path_taken":["R","M","M","?","M","?","T","?","$","M","M","M","R","M","M","BOSS","R_BF","M"],"items_purchased_type":["Relic","Relic","Relic","Card","Card","Card","Card","Card"],"build_version":"2020-12-22","purchased_purges":0,"victory":false,"max_hp_per_floor":[78,78,78,78,78,78,78,78,78,78,78,78,78,78,78,78,78,78,78,78],"card_choices":[{"not_picked":["Acrobatics","Dagger Throw"],"picked":"Underhanded Strike","floor":2},{"not_picked":["Cold Snap","Cloak And Dagger"],"picked":"ReplayTheSpireMod:Scrap Shanks","floor":3},{"not_picked":["BasicCrystalCard","Stack"],"picked":"Replay:Poison Smokescreen","floor":4},{"not_picked":["Loop","hubris:Counter"],"picked":"Genetic Algorithm","floor":5},{"not_picked":["Consume","Fluid Movement"],"picked":"ReplayRNGCard","floor":9},{"not_picked":["Cold Snap","Steam"],"picked":"FIFO Queue","floor":10},{"not_picked":["Flechettes","Fire Breathing"],"picked":"Ball Lightning","floor":11},{"not_picked":["Double Energy","Riddle With Holes"],"picked":"Scorching Beam","floor":12},{"not_picked":["Headbutt","Slice"],"picked":"Skim","floor":14},{"not_picked":["Coolheaded","Dagger Throw"],"picked":"Reinforced Body","floor":15},{"not_picked":["ReplayTheSpireMod:Fabricate Wheel","A Thousand Cuts"],"picked":"Poison Darts","floor":16}],"player_experience":199180,"relics_obtained":[{"floor":7,"key":"Akabeko"}],"event_choices":[],"is_beta":false,"boss_relics":[{"not_picked":["hubris:RunicObelisk","SacredBark"],"picked":"Ring of Chaos"}],"items_purged_floors":[],"is_endless":false,"potions_floor_spawned":[2,3,10,12,14],"killed_by":"3 Byrds","ascension_level":0}}