{"host":"61r95uy0hn86b9iu","time":1610426169,"event":{"mods":["AchievementEnabler","BaseMod","Better Vampires","BetterRewards","Colored Powertips","Hubris","Minty Spire (QoL Compilation)","Shop Mod","StSLib"],"gold_per_floor":[135,135,135,135,135,147,194,206,243,280,292,304,316,360,372,478,490,520,532,577,331,342,342,394,394,394],"floor_reached":25,"playtime":790,"items_purged":["Regret"],"score":522,"play_id":"c768fd74-f77d-469f-8013-09aa653477e8","local_time":"20210111223609","is_ascension_mode":true,"campfire_choices":[{"data":"Defragment","floor":6.0,"key":"SMITH"},{"floor":13.0,"key":"REST"},{"floor":15.0,"key":"REST"},{"floor":23.0,"key":"REST"}],"circlet_count":0,"master_deck":["AscendersBane","Strike_B","Strike_B","Strike_B","Strike_B","Defend_B","Defend_B","Defend_B","Defend_B","Zap","Dualcast","Defragment","Defragment+1","HandOfGreed","Conserve Battery","FTL","Leap","Conserve Battery","Reboot","Fission","Go for the Eyes+1","Doom and Gloom+1","Conserve Battery"],"relics":["Cracked Core","Juzu Bracelet","Eternal Feather","Symbiotic Virus","Tiny Chest","hubris:OldNail","hubris:Towel","Molten Egg 2","Pantograph","DataDisk","Singing Bowl","Letter Opener","hubris:RunicObelisk","MerchantsRug"],"acts_visited":["Exordium","TheCity"],"potions_floor_usage":[25,25],"damage_taken":[{"damage":5.0,"enemies":"Cultist","floor":1.0,"turns":4.0},{"damage":10.0,"enemies":"Lagavulin","floor":7.0,"turns":6.0},{"damage":18.0,"enemies":"Gremlin Nob","floor":10.0,"turns":4.0},{"damage":7.0,"enemies":"Jaw Worm","floor":14.0,"turns":3.0},{"damage":26.0,"enemies":"Slime Boss","floor":16.0,"turns":7.0},{"damage":4.0,"enemies":"2 Thieves","floor":18.0,"turns":3.0},{"damage":20.0,"enemies":"Shell Parasite","floor":20.0,"turns":7.0},{"damage":32.0,"enemies":"Snake Plant","floor":22.0,"turns":4.0},{"damage":22.0,"enemies":"Shelled Parasite and Fungi","floor":24.0,"turns":5.0},{"damage":35,"enemies":"Sentry and Sphere","floor":25,"turns":5}],"seed_played":"851148707836735323","potions_obtained":[{"floor":1.0,"key":"Ancient Potion"},{"floor":7.0,"key":"SpeedPotion"},{"floor":18.0,"key":"ColorlessPotion"},{"floor":24.0,"key":"SkillPotion"}],"is_trial":false,"path_per_floor":["M","T","?","?","T","R","E","$","T","E","?","$","R","M","R","B",null,"M","$","M","$","M","R","M","M"],"character_chosen":"DEFECT","items_purchased":["Juzu Bracelet","Defragment","Eternal Feather","Symbiotic Virus","Defragment","HandOfGreed","Tiny Chest","Conserve Battery","FTL","Doom and Gloom+1","MerchantsRug"],"campfire_rested":3,"item_purchase_floors":[0,0,0,0,0,0,0,0,0,21,21],"current_hp_per_floor":[38,38,38,38,38,47,37,37,37,19,19,19,52,47,73,47,67,65,65,45,45,15,50,28,0,0],"gold":394,"neow_bonus":"","is_daily":false,"chose_seed":false,"campfire_upgraded":1,"win_rate":0.0,"timestamp":1610426169,"path_taken":["M","?","?","?","?","R","E","$","T","E","?","$","R","M","R","BOSS","M","$","M","$","M","R","M","M"],"items_purchased_type":["Relic","Card","Relic","Relic","Card","Card","Relic","Card","Card","Card","Relic"],"build_version":"2020-12-22","purchased_purges":1,"victory":false,"max_hp_per_floor":[71,71,71,71,71,71,71,71,71,71,71,71,71,73,73,73,73,75,75,75,75,77,77,77,77,77],"card_choices":[{"not_picked":["Streamline","Barrage"],"picked":"Leap","floor":1.0},{"not_picked":["Stack","Steam"],"picked":"Conserve Battery","floor":7.0},{"not_picked":["Streamline+1","Coolheaded"],"picked":"Reboot","floor":10.0},{"not_picked":["Force Field","Hologram","Steam"],"picked":"Singing Bowl","floor":14.0},{"not_picked":["Biased Cognition","Reboot"],"picked":"Fission","floor":16.0},{"not_picked":["Compile Driver+1","Conserve Battery","Recycle+1"],"picked":"Singing Bowl","floor":18.0},{"not_picked":["Coolheaded","Aggregate"],"picked":"Go for the Eyes+1","floor":20.0},{"not_picked":["Fusion","Stack+1","Sweeping Beam+1"],"picked":"Singing Bowl","floor":22.0},{"not_picked":["Redo","Heatsinks"],"picked":"Conserve Battery","floor":24.0}],"player_experience":3280655,"relics_obtained":[{"floor":2.0,"key":"hubris:OldNail"},{"floor":5.0,"key":"MawBank"},{"floor":7.0,"key":"Pantograph"},{"floor":9.0,"key":"DataDisk"},{"floor":10.0,"key":"Singing Bowl"}],"event_choices":[{"damage_healed":0.0,"max_hp_gain":0.0,"max_hp_loss":0.0,"gold_gain":0.0,"event_name":"Big Fish","player_choice":"Box","floor":4.0,"gold_loss":0.0,"damage_taken":0.0,"relics_obtained":["Molten Egg 2"],"cards_obtained":["Regret"]},{"damage_healed":0.0,"max_hp_gain":0.0,"max_hp_loss":0.0,"gold_gain":0.0,"event_name":"Dead Adventurer","player_choice":"Searched \u00272\u0027 times","floor":11.0,"gold_loss":0.0,"damage_taken":0.0,"relics_obtained":["Letter Opener"]}],"is_beta":false,"boss_relics":[{"not_picked":["Runic Pyramid","SacredBark"],"picked":"hubris:RunicObelisk"}],"items_purged_floors":[21],"is_endless":false,"potions_floor_spawned":[1,7,18,24],"killed_by":"Sentry and Sphere","ascension_level":14}}