{"host":"1zjc08c6hob33401","time":1610485563,"event":{"mods":["AchievementEnabler","Act Like it!","Aspiration","BaseMod","Downfall","Energized Spire","Evolution","GifTheSpireLib","Hubris","Infinite Spire","Jedi Mod","Minty Spire (QoL Compilation)","Pale of the Ancients","Quick Restart","Replay The Spire","Retaliation","Shop Mod","StSLib","Stuff the Spire","The Blue Laboratory","Wandering Minibosses","vexMod"],"gold_per_floor":[109,109,184,184,29,29,57,76,76,76,91,101,101,112,112,208,208,220,6,6,6,22,22,54,70,93,93,132,132,182,214,214,326,326,355,332,332,332],"floor_reached":37,"playtime":7959,"items_purged":[],"score":662,"play_id":"2ec1c3df-c4cb-48fa-8f2d-db1b4a04e165","local_time":"20210112230603","is_ascension_mode":true,"campfire_choices":[{"data":"Replay:SS_forest_6","floor":6.0,"key":"SMITH"},{"data":"StuffTheSpire:Synthwave","floor":10.0,"key":"SMITH"},{"data":"ReplayRNGCard","floor":13.0,"key":"SMITH"},{"data":"Loop","floor":15.0,"key":"SMITH"},{"floor":23.0,"key":"REST"},{"data":"ReplayTheSpireMod:Fabricate Wheel","floor":27.0,"key":"SMITH"},{"floor":29.0,"key":"REST"},{"floor":32.0,"key":"REST"}],"circlet_count":0,"master_deck":["Compile Driver","Compile Driver","Compile Driver","Compile Driver","jedi:blockon","jedi:blockon","Defend_B+1","Defend_B+1","Zap","Dualcast","Replay:SS_forest_6+1","StuffTheSpire:Synthwave+1","Pot Of Greed","Pot Of Greed","Rip and Tear","ReplayRNGCard+1","Steam","Loop+1","Buffer","Self Repair","Madness+1","BasicCrystalCard+1","Double Energy","Pot Of Greed","Machine Learning","FTL","Auto Shields","Fusion+1","Sweeping Beam","ReplayRNGCard","Blizzard+1","StuffTheSpire:Synthwave","Strike_B","ReplayTheSpireMod:Repulse","infinitespire:FinalStrike"],"relics":["Cracked Core","EVO:Axolotl","hubris:Towel","infinitespire:PuzzleCube","Grinning Jar","Simple Rune","vexMod:TanglingVine","Omamori","WingedGreaves","CeramicFish","Prayer Wheel","Replay:Bronze Core","energizedSpire:HugeHouse"],"acts_visited":["Exordium","TheCity","TheBeyond"],"potions_floor_usage":[],"damage_taken":[{"damage":0.0,"enemies":"Jaw Worm","floor":1.0,"turns":2.0},{"damage":33.0,"enemies":"3 Sentries","floor":7.0,"turns":7.0},{"damage":3.0,"enemies":"Small Slimes","floor":8.0,"turns":4.0},{"damage":14.0,"enemies":"infinitespire:Voidling","floor":11.0,"turns":4.0},{"damage":6.0,"enemies":"3 Louse","floor":12.0,"turns":4.0},{"damage":22.0,"enemies":"Exordium Thugs","floor":14.0,"turns":4.0},{"damage":0.0,"enemies":"Fading Forest","floor":16.0,"turns":11.0},{"damage":30.0,"enemies":"Spheric Guardian","floor":18.0,"turns":6.0},{"damage":25.0,"enemies":"Shell Parasite","floor":22.0,"turns":4.0},{"damage":3.0,"enemies":"Nightmare","floor":24.0,"turns":7.0},{"damage":38.0,"enemies":"Sentry and Sphere","floor":25.0,"turns":6.0},{"damage":26.0,"enemies":"Centurion and Healer","floor":28.0,"turns":6.0},{"damage":16.0,"enemies":"Snake Plant","floor":31.0,"turns":4.0},{"damage":45.0,"enemies":"Automaton","floor":33.0,"turns":11.0},{"damage":50.0,"enemies":"3 Darklings","floor":35.0,"turns":7.0},{"damage":22,"enemies":"3 Shapes","floor":37,"turns":1}],"seed_played":"-4136649418724880536","potions_obtained":[{"floor":7.0,"key":"EssenceOfSteel"},{"floor":12.0,"key":"blueLaboratory:AbyssPotion"},{"floor":14.0,"key":"blueLaboratory:PolymorphPotion"},{"floor":16.0,"key":"blueLaboratory:RecallPotion"},{"floor":18.0,"key":"blueLaboratory:FruitPunch"},{"floor":22.0,"key":"jedi:tentaclejuice"},{"floor":33.0,"key":"blueLaboratory:NullPotion"}],"is_trial":false,"path_per_floor":["M","?","?","?","$","R","E","M","T","R","M","M","R","M","R","B",null,"M","$","?","?","M","R","NM","M","T","R","M","R","?","M","R","B",null,"M","AVR","M"],"character_chosen":"DEFECT","items_purchased":["infinitespire:PuzzleCube","Self Repair","Omamori"],"campfire_rested":3,"item_purchase_floors":[5,19,19],"current_hp_per_floor":[68,68,57,75,75,75,42,51,51,51,54,48,48,38,38,46,68,50,50,50,50,46,69,73,42,42,42,23,46,46,37,60,22,63,20,20,0,0],"gold":332,"neow_bonus":"RANDOM_COLORLESS","is_daily":false,"chose_seed":false,"campfire_upgraded":5,"win_rate":0.0,"timestamp":1610485563,"path_taken":["M","?","?","?","$","R","E","?","T","R","M","M","R","M","R","BOSS","M","$","?","?","M","R","NM","?","T","R","M","R","?","M","R","BOSS","M","AVR","?"],"items_purchased_type":["Relic","Card","Relic"],"build_version":"2020-12-22","purchased_purges":0,"victory":false,"max_hp_per_floor":[75,75,75,75,75,75,75,75,75,75,75,75,75,75,75,75,75,75,75,75,75,77,77,77,77,77,77,77,77,77,77,77,77,77,77,72,72,72],"card_choices":[{"not_picked":["Deep Breath","expansioncontent:DarkVoid"],"picked":"Replay:SS_forest_6","floor":0.0},{"not_picked":["Rebound","Compile Driver"],"picked":"StuffTheSpire:Synthwave","floor":1.0},{"not_picked":["BasicCrystalCard","Defragment"],"picked":"Reboot","floor":7.0},{"not_picked":["Steam Power","Panic Button"],"picked":"Rip and Tear","floor":8.0},{"not_picked":["Redo","ReplayTheSpireMod:GoodbyeWorld"],"picked":"ReplayRNGCard","floor":11.0},{"not_picked":["Hello World","Turbo"],"picked":"Steam","floor":12.0},{"not_picked":["BasicCrystalCard","Go for the Eyes"],"picked":"Loop","floor":14.0},{"not_picked":["ReplayRNGCard","Fission"],"picked":"Buffer","floor":16.0},{"not_picked":["Panic Button+1","Hologram"],"picked":"StuffTheSpire:SnapShoot+1","floor":18.0},{"not_picked":["Sweeping Beam","Panic Button+1"],"picked":"BasicCrystalCard+1","floor":22.0},{"not_picked":["jedi:sharpshooter","jedi:hex"],"picked":"Double Energy","floor":24.0},{"not_picked":["Gash+1","Defragment"],"picked":"ReplayTheSpireMod:Fabricate Wheel","floor":25.0},{"not_picked":["Stack","BasicCrystalCard"],"picked":"FTL","floor":28.0},{"not_picked":["Redo","jedi:spotbugs"],"picked":"Auto Shields","floor":28.0},{"not_picked":["Static Discharge","Hologram"],"picked":"Fusion+1","floor":31.0},{"not_picked":["Time Bomb","Turbo+1"],"picked":"Sweeping Beam","floor":31.0},{"not_picked":["StuffTheSpire:LaunchingStrike","ReplayTheSpireMod:Fabricate Wheel"],"picked":"ReplayRNGCard","floor":33.0},{"not_picked":["Panic Button","jedi:blockon"],"picked":"Blizzard+1","floor":35.0},{"not_picked":["jedi:blockon+1","hubris:PowerSurge"],"picked":"StuffTheSpire:Synthwave","floor":35.0}],"player_experience":557476,"relics_obtained":[{"floor":7.0,"key":"Grinning Jar"},{"floor":9.0,"key":"Simple Rune"},{"floor":24.0,"key":"WingedGreaves"},{"floor":26.0,"key":"CeramicFish"}],"event_choices":[{"damage_healed":0.0,"max_hp_gain":0.0,"max_hp_loss":0.0,"gold_gain":75.0,"event_name":"World of Goop","player_choice":"Gather Gold","floor":3.0,"gold_loss":0.0,"damage_taken":11.0},{"damage_healed":18.0,"max_hp_gain":0.0,"max_hp_loss":0.0,"gold_gain":0.0,"event_name":"Wheel of Change","player_choice":"Full Heal","floor":4.0,"gold_loss":0.0,"damage_taken":0.0},{"damage_healed":0.0,"max_hp_gain":0.0,"max_hp_loss":0.0,"gold_gain":100.0,"event_name":"The Joust","player_choice":"Bet on Murderer","floor":30.0,"gold_loss":50.0,"damage_taken":0.0}],"is_beta":false,"boss_relics":[{"not_picked":["Astrolabe","Runic Dome"],"picked":"vexMod:TanglingVine"},{"not_picked":["Tiny House","hubris:HollowSoul"],"picked":"Replay:Bronze Core"}],"items_purged_floors":[],"is_endless":false,"potions_floor_spawned":[7,12,14,16,18,22,33],"killed_by":"3 Shapes","ascension_level":8}}