{"host":"f3zi5bw4of71qj4o","time":1610466339,"event":{"mods":["BaseMod","DeckTracker","Highlight Path","Minty Spire (QoL Compilation)","Relic Stats","StSLib","SuperFastMode"],"gold_per_floor":[112,187,187,197,216,243,243,272,272,297,297,315,341,355,355,426,426,437,452,465,87,104,104,123,123,149,174,189,223,223,8,8,80,80,96,110,47,47,58,77,107,107,107,141,153,180,192,229,241,253,265,277,289,141,169,169],"floor_reached":57,"playtime":3597,"items_purged":["Strike_R","Strike_R","Strike_R","Anger"],"score":3359,"play_id":"591db8a4-b7c3-4bec-b6a6-2e5926acc8b2","local_time":"20210112164539","is_ascension_mode":true,"campfire_choices":[{"data":"Bludgeon","floor":7,"key":"SMITH"},{"data":"Bash","floor":15,"key":"SMITH"},{"data":"Impervious","floor":23,"key":"SMITH"},{"data":"Disarm","floor":25,"key":"SMITH"},{"data":"Flame Barrier","floor":32,"key":"SMITH"},{"floor":42,"key":"RECALL"},{"floor":45,"key":"REST"},{"floor":49,"key":"REST"},{"floor":53,"key":"REST"}],"circlet_count":0,"master_deck":["AscendersBane","Strike_R","Defend_R","Defend_R","Defend_R","Defend_R","Bash+1","Bludgeon+1","Dropkick","Reckless Charge","Disarm+1","Fiend Fire","Spot Weakness","Barricade","Clothesline","Body Slam","Juggernaut","Pommel Strike","Armaments+1","Impervious+1","Entrench","Flame Barrier+1","Entrench","Offering","Impervious+1","Shrug It Off"],"relics":["Burning Blood","Centennial Puzzle","Gambling Chip","Blue Candle","MealTicket","Bottled Tornado","Snecko Eye","Membership Card","Blood Vial","Oddly Smooth Stone","Kunai","Red Mask","MutagenicStrength","DollysMirror","Fusion Hammer","CeramicFish","MawBank","Vajra","OrangePellets","Paper Frog"],"acts_visited":["Exordium","TheCity","TheBeyond","TheEnding"],"potions_floor_usage":[6,12,14,16,19,20,29,48,56,56],"damage_taken":[{"damage":0,"enemies":"Small Slimes","floor":1,"turns":2},{"damage":7,"enemies":"2 Louse","floor":4,"turns":3},{"damage":0,"enemies":"Cultist","floor":5,"turns":2},{"damage":0,"enemies":"Gremlin Nob","floor":6,"turns":2},{"damage":18,"enemies":"Lagavulin","floor":8,"turns":5},{"damage":8,"enemies":"Gremlin Nob","floor":10,"turns":3},{"damage":0,"enemies":"Looter","floor":12,"turns":1},{"damage":18,"enemies":"Lagavulin","floor":13,"turns":5},{"damage":23,"enemies":"Gremlin Gang","floor":14,"turns":5},{"damage":37,"enemies":"Hexaghost","floor":16,"turns":10},{"damage":7,"enemies":"3 Byrds","floor":18,"turns":4},{"damage":11,"enemies":"2 Thieves","floor":19,"turns":2},{"damage":49,"enemies":"Shelled Parasite and Fungi","floor":20,"turns":4},{"damage":14,"enemies":"Centurion and Healer","floor":22,"turns":4},{"damage":0,"enemies":"Cultist and Chosen","floor":24,"turns":6},{"damage":15,"enemies":"Slavers","floor":27,"turns":4},{"damage":9,"enemies":"Snake Plant","floor":28,"turns":3},{"damage":0,"enemies":"Masked Bandits","floor":29,"turns":4},{"damage":6,"enemies":"Collector","floor":33,"turns":7},{"damage":6,"enemies":"Orb Walker","floor":35,"turns":2},{"damage":6,"enemies":"3 Darklings","floor":36,"turns":2},{"damage":0,"enemies":"Maw","floor":39,"turns":6},{"damage":6,"enemies":"Writhing Mass","floor":40,"turns":6},{"damage":6,"enemies":"Reptomancer","floor":41,"turns":1},{"damage":0,"enemies":"Giant Head","floor":44,"turns":5},{"damage":0,"enemies":"Jaw Worm Horde","floor":46,"turns":4},{"damage":6,"enemies":"Reptomancer","floor":48,"turns":3},{"damage":6,"enemies":"Time Eater","floor":50,"turns":8},{"damage":3,"enemies":"Awakened One","floor":51,"turns":10},{"damage":12,"enemies":"Shield and Spear","floor":55,"turns":7},{"damage":0,"enemies":"The Heart","floor":56,"turns":12}],"seed_played":"2951311271465438750","potions_obtained":[{"floor":3,"key":"FearPotion"},{"floor":3,"key":"SmokeBomb"},{"floor":5,"key":"BloodPotion"},{"floor":10,"key":"Energy Potion"},{"floor":13,"key":"BloodPotion"},{"floor":14,"key":"BloodPotion"},{"floor":16,"key":"ColorlessPotion"},{"floor":19,"key":"Ancient Potion"},{"floor":20,"key":"EssenceOfSteel"},{"floor":24,"key":"AttackPotion"},{"floor":41,"key":"Fruit Juice"},{"floor":48,"key":"PowerPotion"}],"is_trial":false,"path_per_floor":["M","?","?","M","M","E","R","E","T","E","?","M","E","M","R","B",null,"M","M","M","$","M","R","M","R","T","E","M","?","?","$","R","B",null,"M","M","$","?","M","M","E","R","T","E","R","M","?","E","R","B","B",null,"R","$","E","B",null],"character_chosen":"IRONCLAD","items_purchased":["Membership Card","Impervious","Blood Vial","Entrench","DollysMirror","Shrug It Off","CultistPotion","OrangePellets"],"campfire_rested":3,"item_purchase_floors":[21,21,21,21,31,31,31,54],"current_hp_per_floor":[56,45,45,44,50,56,56,44,44,42,42,48,36,34,34,18,61,60,55,27,42,36,36,44,44,44,37,36,44,44,59,59,61,72,74,75,75,71,71,71,71,71,71,71,71,71,71,76,76,76,76,76,76,76,70,76],"gold":169,"neow_bonus":"THREE_RARE_CARDS","is_daily":false,"chose_seed":false,"campfire_upgraded":5,"win_rate":0.0,"timestamp":1610466339,"path_taken":["M","?","?","M","?","E","R","E","T","E","?","M","E","M","R","BOSS","M","M","M","$","?","R","M","R","T","E","M","?","?","$","R","BOSS","M","M","$","?","M","M","E","R","T","E","R","M","?","E","R","BOSS","BOSS","R","$","E","BOSS"],"items_purchased_type":["Relic","Card","Relic","Card","Relic","Card","Potion","Relic"],"build_version":"2020-12-22","purchased_purges":4,"victory":true,"max_hp_per_floor":[75,75,75,75,75,75,75,75,75,75,75,75,75,75,75,75,75,75,75,75,75,75,75,75,75,75,75,75,75,75,75,75,75,75,75,75,75,71,71,71,71,71,71,71,71,71,71,76,76,76,76,76,76,76,76,76],"relic_stats":{"counters":[31,142],"Blue Candle":[0],"CeramicFish":0,"MawBank":120,"Burning Blood":163,"Blood Vial":17,"OrangePellets":[6],"Centennial Puzzle":[60],"Gambling Chip":[79],"Snecko Eye":[176,200,176,177],"MealTicket":30,"Kunai":[13],"obtain_stats":[{"Blue Candle":9,"CeramicFish":41,"Oddly Smooth Stone":26,"Vajra":48,"Bottled Tornado":13,"MawBank":44,"Burning Blood":0,"Blood Vial":21,"OrangePellets":54,"Centennial Puzzle":6,"DollysMirror":31,"Gambling Chip":8,"MutagenicStrength":30,"Snecko Eye":17,"MealTicket":10,"Fusion Hammer":34,"Red Mask":29,"Membership Card":21,"Kunai":27,"Paper Frog":55},{"Blue Candle":5,"CeramicFish":24,"Oddly Smooth Stone":15,"Vajra":27,"Bottled Tornado":8,"MawBank":25,"Burning Blood":0,"Blood Vial":13,"OrangePellets":29,"Centennial Puzzle":4,"DollysMirror":18,"Gambling Chip":5,"MutagenicStrength":18,"Snecko Eye":10,"MealTicket":6,"Fusion Hammer":19,"Red Mask":18,"Membership Card":13,"Kunai":16,"Paper Frog":30},{"Blue Candle":14,"CeramicFish":93,"Oddly Smooth Stone":58,"Vajra":105,"Bottled Tornado":23,"MawBank":98,"Burning Blood":0,"Blood Vial":48,"OrangePellets":123,"Centennial Puzzle":9,"DollysMirror":69,"Gambling Chip":14,"MutagenicStrength":69,"Snecko Eye":38,"MealTicket":17,"Fusion Hammer":76,"Red Mask":69,"Membership Card":48,"Kunai":62,"Paper Frog":130}]},"card_choices":[{"not_picked":["Barricade","Brutality"],"picked":"Bludgeon","floor":0},{"not_picked":["True Grit","Flame Barrier"],"picked":"Dropkick","floor":1},{"not_picked":["Armaments","Fire Breathing"],"picked":"Anger","floor":4},{"not_picked":["Second Wind","Dual Wield"],"picked":"Reckless Charge","floor":5},{"not_picked":["True Grit","Metallicize"],"picked":"Disarm","floor":6},{"not_picked":["Rage","Metallicize"],"picked":"Fiend Fire","floor":8},{"not_picked":["Wild Strike","Warcry"],"picked":"Spot Weakness","floor":10},{"not_picked":["Heavy Blade","Havoc"],"picked":"Clothesline","floor":12},{"not_picked":["Clothesline","Carnage"],"picked":"Body Slam","floor":13},{"not_picked":["Clothesline","Thunderclap","Iron Wave"],"picked":"SKIP","floor":14},{"not_picked":["Exhume","Demon Form"],"picked":"Juggernaut","floor":16},{"not_picked":["Clothesline","Havoc"],"picked":"Pommel Strike","floor":18},{"not_picked":["Shrug It Off","Wild Strike"],"picked":"Armaments+1","floor":19},{"not_picked":["Headbutt","Anger","True Grit"],"picked":"SKIP","floor":20},{"not_picked":["Rupture","Flex","Reckless Charge"],"picked":"SKIP","floor":22},{"not_picked":["Twin Strike","Clothesline","Wild Strike"],"picked":"SKIP","floor":24},{"not_picked":["Battle Trance+1","Pommel Strike"],"picked":"Flame Barrier","floor":27},{"not_picked":["Sword Boomerang","Metallicize"],"picked":"Entrench","floor":28},{"not_picked":["Thunderclap","Shrug It Off"],"picked":"Offering","floor":29},{"not_picked":["Clash","Thunderclap","Hemokinesis"],"picked":"SKIP","floor":35},{"not_picked":["Perfected Strike","Armaments+1","Combust"],"picked":"SKIP","floor":36},{"not_picked":["Pommel Strike","Intimidate+1","Perfected Strike"],"picked":"SKIP","floor":39},{"not_picked":["Warcry","Flex","Armaments"],"picked":"SKIP","floor":40},{"not_picked":["Barricade","Spot Weakness+1","Burning Pact"],"picked":"SKIP","floor":41},{"not_picked":["Armaments","Metallicize","Hemokinesis+1"],"picked":"SKIP","floor":44},{"not_picked":["Whirlwind","Twin Strike","Clothesline"],"picked":"SKIP","floor":46},{"not_picked":["Sentinel","Power Through","Clothesline"],"picked":"SKIP","floor":48},{"not_picked":["Shrug It Off","Cleave","Combust"],"picked":"SKIP","floor":55}],"player_experience":2553267,"relics_obtained":[{"floor":6,"key":"Centennial Puzzle"},{"floor":8,"key":"Gambling Chip"},{"floor":9,"key":"Blue Candle"},{"floor":10,"key":"MealTicket"},{"floor":13,"key":"Bottled Tornado"},{"floor":26,"key":"Oddly Smooth Stone"},{"floor":27,"key":"Kunai"},{"floor":29,"key":"Red Mask"},{"floor":41,"key":"CeramicFish"},{"floor":44,"key":"MawBank"},{"floor":48,"key":"Vajra"},{"floor":55,"key":"Paper Frog"}],"event_choices":[{"damage_healed":0,"gold_gain":75,"player_choice":"Gather Gold","damage_taken":11,"max_hp_gain":0,"max_hp_loss":0,"event_name":"World of Goop","floor":2,"gold_loss":0},{"damage_healed":0,"gold_gain":0,"player_choice":"Got Potions","damage_taken":0,"max_hp_gain":0,"max_hp_loss":0,"event_name":"Lab","floor":3,"gold_loss":0},{"damage_healed":0,"gold_gain":0,"cards_transformed":["Strike_R"],"player_choice":"Transformed","damage_taken":0,"max_hp_gain":0,"max_hp_loss":0,"event_name":"Transmorgrifier","floor":11,"gold_loss":0,"cards_obtained":["Barricade"]},{"damage_healed":0,"gold_gain":0,"player_choice":"Fought Bandits","damage_taken":0,"max_hp_gain":0,"max_hp_loss":0,"event_name":"Masked Bandits","floor":29,"gold_loss":0},{"damage_healed":0,"gold_gain":0,"player_choice":"Inject Mutagens","damage_taken":0,"relics_obtained":["MutagenicStrength"],"max_hp_gain":0,"max_hp_loss":0,"event_name":"Drug Dealer","floor":30,"gold_loss":0},{"damage_healed":0,"gold_gain":0,"player_choice":"Max HP","damage_taken":0,"max_hp_gain":0,"max_hp_loss":4,"event_name":"Winding Halls","floor":38,"gold_loss":0},{"damage_healed":0,"gold_gain":0,"player_choice":"Memory 1","damage_taken":0,"max_hp_gain":0,"max_hp_loss":0,"event_name":"SensoryStone","floor":47,"gold_loss":0}],"is_beta":false,"boss_relics":[{"not_picked":["Philosopher\u0027s Stone","Tiny House"],"picked":"Snecko Eye"},{"not_picked":["Calling Bell","Empty Cage"],"picked":"Fusion Hammer"}],"items_purged_floors":[21,31,37,54],"is_endless":false,"potions_floor_spawned":[5,10,13,14,16,19,20,24,40,41,48],"ascension_level":20}}