{"host":"Qube","time":1610490618,"event":{"mods":["AchievementEnabler","BaseMod","Colored Map","Colored Powertips","Minty Spire (QoL Compilation)","Quick Restart","Random Character Button","StSLib"],"gold_per_floor":[119,138,154,171,171,171,198,198,198,198,217,278,278,310,310,310,310],"floor_reached":16,"language":"ENG","playtime":779,"items_purged":[],"score":224,"play_id":"ba4389f1-ba1b-42b2-bc19-eb6da20d95e1","local_time":"20210112143018","is_ascension_mode":true,"campfire_choices":[{"data":"Distraction","floor":6.0,"key":"SMITH"},{"data":"Neutralize","floor":8.0,"key":"SMITH"},{"data":"Poisoned Stab","floor":10.0,"key":"SMITH"},{"floor":15.0,"key":"REST"}],"circlet_count":0,"master_deck":["AscendersBane","Strike_G","Strike_G","Strike_G","Strike_G","Strike_G","Defend_G","Defend_G","Defend_G","Survivor","Neutralize+1","Terror+1","Distraction+1","Poisoned Stab+1","Slice","Backflip","Poisoned Stab","Malaise","Footwork","Crippling Poison"],"relics":["Ring of the Snake","Eternal Feather","Torii","Thread and Needle","Juzu Bracelet"],"acts_visited":["Exordium"],"potions_floor_usage":[],"damage_taken":[{"damage":1.0,"enemies":"2 Louse","floor":1.0,"turns":4.0},{"damage":0.0,"enemies":"Cultist","floor":2.0,"turns":4.0},{"damage":0.0,"enemies":"Small Slimes","floor":3.0,"turns":2.0},{"damage":8.0,"enemies":"Blue Slaver","floor":4.0,"turns":4.0},{"damage":15.0,"enemies":"3 Sentries","floor":7.0,"turns":10.0},{"damage":3.0,"enemies":"Exordium Wildlife","floor":11.0,"turns":5.0},{"damage":26.0,"enemies":"Gremlin Nob","floor":12.0,"turns":4.0},{"damage":0.0,"enemies":"Exordium Thugs","floor":13.0,"turns":1.0},{"damage":19.0,"enemies":"Lagavulin","floor":14.0,"turns":5.0},{"damage":1,"enemies":"Slime Boss","floor":16,"turns":6}],"seed_played":"7119532456665233810","potions_obtained":[{"floor":1.0,"key":"AttackPotion"},{"floor":3.0,"key":"BlessingOfTheForge"},{"floor":7.0,"key":"SmokeBomb"},{"floor":11.0,"key":"ColorlessPotion"}],"is_trial":false,"path_per_floor":["M","M","M","M","?","R","E","R","T","R","M","?","M","E","R","B"],"character_chosen":"THE_SILENT","items_purchased":[],"campfire_rested":1,"item_purchase_floors":[],"current_hp_per_floor":[58,58,58,50,50,50,35,44,44,53,50,24,24,5,35,34,34],"gold":310,"neow_bonus":"TRANSFORM_TWO_CARDS","is_daily":false,"chose_seed":false,"campfire_upgraded":3,"win_rate":0.0,"timestamp":1610490618,"path_taken":["M","M","M","M","?","R","E","R","T","R","?","?","M","E","R","BOSS"],"items_purchased_type":[],"build_version":"2020-12-18","purchased_purges":0,"victory":false,"max_hp_per_floor":[60,60,60,60,60,60,60,60,60,60,60,60,60,60,60,60,60],"card_choices":[{"not_picked":["Dagger Spray","Calculated Gamble"],"picked":"Poisoned Stab","floor":1.0},{"not_picked":["Prepared","Bouncing Flask"],"picked":"Slice","floor":2.0},{"not_picked":["Prepared","Deadly Poison"],"picked":"Backflip","floor":3.0},{"not_picked":["PiercingWail","Dagger Throw"],"picked":"Poisoned Stab","floor":4.0},{"not_picked":["Heel Hook","Blade Dance"],"picked":"Malaise","floor":7.0},{"not_picked":["Expertise","Reflex"],"picked":"Footwork","floor":11.0},{"not_picked":["Prepared","Tactician"],"picked":"Crippling Poison","floor":12.0},{"not_picked":["Riddle With Holes","Backstab","Outmaneuver"],"picked":"SKIP","floor":14.0}],"player_experience":875824,"relics_obtained":[{"floor":7.0,"key":"Eternal Feather"},{"floor":9.0,"key":"Torii"},{"floor":14.0,"key":"Juzu Bracelet"}],"event_choices":[{"damage_healed":0.0,"max_hp_gain":0.0,"max_hp_loss":0.0,"gold_gain":0.0,"event_name":"Upgrade Shrine","player_choice":"Upgraded","floor":5.0,"gold_loss":0.0,"damage_taken":0.0,"cards_upgraded":["Terror"]},{"damage_healed":0.0,"max_hp_gain":0.0,"max_hp_loss":0.0,"gold_gain":0.0,"event_name":"Dead Adventurer","player_choice":"Searched \u00273\u0027 times","floor":12.0,"gold_loss":0.0,"damage_taken":0.0,"relics_obtained":["Thread and Needle"]}],"is_beta":true,"boss_relics":[],"items_purged_floors":[],"is_endless":false,"potions_floor_spawned":[1,3,7,11],"killed_by":"Slime Boss","ascension_level":20}}