{"host":"0xtpc43j5kblke7u","time":1611805935,"event":{"mods":["AchievementEnabler","BaseMod","Colored Map","Highlight Path","Minty Spire (QoL Compilation)"],"gold_per_floor":[115,26,26,26,26,53,53,69,69,69,69],"floor_reached":10,"language":"ENG","playtime":472,"items_purged":[],"score":77,"play_id":"998eceaf-5a7f-4be4-8c13-a65cb930d864","local_time":"20210127225215","is_ascension_mode":true,"campfire_choices":[{"data":"Eruption","floor":7,"key":"SMITH"}],"circlet_count":0,"master_deck":["Strike_P","Strike_P","Strike_P","Strike_P","Defend_P","Defend_P","Defend_P","Defend_P","Eruption+1","Vigilance","BowlingBash","Blind+1","EmptyMind","DeceiveReality"],"relics":["PureWater","Bag of Marbles","Peace Pipe","Yang"],"acts_visited":["Exordium"],"potions_floor_usage":[],"damage_taken":[{"damage":0,"enemies":"Small Slimes","floor":1,"turns":3},{"damage":34,"enemies":"3 Sentries","floor":6,"turns":10},{"damage":4,"enemies":"Jaw Worm","floor":8,"turns":2},{"damage":38,"enemies":"Gremlin Nob","floor":10,"turns":4}],"seed_played":"1409433619256993275","potions_obtained":[{"floor":6,"key":"BlessingOfTheForge"}],"is_trial":false,"path_per_floor":["M","$","?","$","?","E","R","M","T","E"],"character_chosen":"WATCHER","items_purchased":["Blind"],"campfire_rested":0,"item_purchase_floors":[2],"current_hp_per_floor":[79,79,67,67,67,33,33,29,29,0,0],"gold":69,"neow_bonus":"TEN_PERCENT_HP_BONUS","is_daily":false,"chose_seed":false,"campfire_upgraded":1,"win_rate":0.0,"timestamp":1611805935,"path_taken":["M","$","?","$","?","E","R","M","T","E"],"items_purchased_type":["Card"],"build_version":"2020-12-22","purchased_purges":0,"victory":false,"max_hp_per_floor":[79,79,79,79,79,79,79,79,79,79,79],"card_choices":[{"not_picked":["Evaluate","FlyingSleeves"],"picked":"BowlingBash","floor":1},{"not_picked":["WaveOfTheHand","EmptyBody"],"picked":"EmptyMind","floor":6},{"not_picked":["Fasting2","JustLucky"],"picked":"DeceiveReality","floor":8}],"player_experience":649450,"relics_obtained":[{"floor":6,"key":"Peace Pipe"},{"floor":9,"key":"Yang"}],"event_choices":[{"damage_healed":0,"gold_gain":0,"player_choice":"Success","damage_taken":12,"relics_obtained":["Bag of Marbles"],"max_hp_gain":0,"max_hp_loss":0,"event_name":"Scrap Ooze","floor":3,"gold_loss":0},{"damage_healed":0,"gold_gain":0,"player_choice":"Grow","damage_taken":0,"max_hp_gain":0,"max_hp_loss":0,"event_name":"Living Wall","floor":5,"gold_loss":0,"cards_upgraded":["Blind"]}],"is_beta":false,"boss_relics":[],"items_purged_floors":[],"is_endless":false,"potions_floor_spawned":[6],"killed_by":"Gremlin Nob","ascension_level":4}}