{"host":"na09lpbrez4gbfiz","time":1611861735,"event":{"mods":["Act Like it!","BaseMod","BetterRewards","Colored Map","Colored Powertips","DeckTracker","Googly Eyes","Highlight Path","Minty Spire (QoL Compilation)","Quick Restart","Spicy Shops","StSLib","SuperFastMode","Synergy Search"],"gold_per_floor":[118,293,368,70,70,102,120,120,120,136,136,36,36,55,55,133,133,145,145,70,70,80,112,112,125,125,0,15,15,15],"floor_reached":29,"language":"ENG","playtime":591,"items_purged":["Doubt","Strike_R","Strike_R"],"score":521,"play_id":"b5918995-f4b8-479d-bc33-8b872ad9c2a5","local_time":"20210128202215","is_ascension_mode":true,"campfire_choices":[{"data":"Demon Form","floor":8,"key":"SMITH"},{"data":"Inflame","floor":13,"key":"SMITH"},{"data":"Inflame","floor":15,"key":"SMITH"},{"data":"Offering","floor":24,"key":"SMITH"}],"circlet_count":0,"master_deck":["AscendersBane","Strike_R+1","Strike_R+1","Defend_R","Defend_R","Defend_R","Defend_R","Bash","Shrug It Off","Inflame+1","Warcry","Inflame+1","Demon Form+1","Twin Strike","Shrug It Off","Offering+1","True Grit+1"],"relics":["Black Blood","NeowsBlessing","Orrery","Ornamental Fan","Question Card","Charon\u0027s Ashes","Molten Egg 2","Gremlin Horn","Du-Vu Doll"],"acts_visited":["Exordium","TheCity"],"potions_floor_usage":[16,23,23,28],"damage_taken":[{"damage":0,"enemies":"Jaw Worm","floor":1,"turns":1},{"damage":0,"enemies":"3 Sentries","floor":6,"turns":1},{"damage":0,"enemies":"Small Slimes","floor":7,"turns":2},{"damage":1,"enemies":"2 Louse","floor":10,"turns":3},{"damage":18,"enemies":"Blue Slaver","floor":14,"turns":3},{"damage":0,"enemies":"Slime Boss","floor":16,"turns":7},{"damage":37,"enemies":"2 Thieves","floor":18,"turns":4},{"damage":24,"enemies":"Shell Parasite","floor":22,"turns":4},{"damage":34,"enemies":"Gremlin Leader","floor":23,"turns":5},{"damage":15,"enemies":"3 Cultists","floor":25,"turns":5},{"damage":33,"enemies":"Snake Plant","floor":28,"turns":4},{"damage":26,"enemies":"Slavers","floor":29,"turns":1}],"seed_played":"838757227326301875","potions_obtained":[{"floor":10,"key":"Fire Potion"},{"floor":16,"key":"GamblersBrew"},{"floor":22,"key":"Dexterity Potion"},{"floor":25,"key":"Energy Potion"}],"is_trial":false,"path_per_floor":["M","?","?","$","?","E","M","R","T","M","?","$","R","M","R","B",null,"M","?","?","T","M","E","R","M","T","$","M","E"],"character_chosen":"IRONCLAD","items_purchased":["Orrery","Inflame"],"campfire_rested":0,"item_purchase_floors":[4,4],"current_hp_per_floor":[78,78,67,67,51,57,63,63,63,68,65,65,65,53,53,59,75,50,76,76,76,64,42,42,39,39,39,18,0,0],"gold":15,"neow_bonus":"THREE_ENEMY_KILL","is_daily":false,"chose_seed":false,"campfire_upgraded":4,"win_rate":0.0,"timestamp":1611861735,"path_taken":["M","?","?","$","?","E","M","R","T","M","?","$","R","M","R","BOSS","M","?","?","?","M","E","R","M","T","?","?","E"],"items_purchased_type":["Relic","Card"],"build_version":"2020-12-22","purchased_purges":3,"victory":false,"max_hp_per_floor":[80,80,80,80,80,80,80,80,80,80,80,80,80,80,80,80,80,80,80,80,80,80,80,80,80,80,80,80,80,80],"card_choices":[{"not_picked":["Havoc","Iron Wave","Headbutt"],"picked":"SKIP","floor":1},{"not_picked":["Intimidate","Clash"],"picked":"Shrug It Off","floor":4},{"not_picked":["Heavy Blade","Wild Strike"],"picked":"Inflame","floor":4},{"not_picked":["Clash","Cleave"],"picked":"Warcry","floor":4},{"not_picked":["Intimidate","Armaments"],"picked":"Demon Form","floor":6},{"not_picked":["Wild Strike","Reckless Charge"],"picked":"Twin Strike","floor":7},{"not_picked":["Inflame","Havoc","Burning Pact","Flex"],"picked":"SKIP","floor":10},{"not_picked":["Metallicize","Warcry","Clothesline"],"picked":"Shrug It Off","floor":14},{"not_picked":["Impervious","Corruption","Bludgeon"],"picked":"Offering","floor":16},{"not_picked":["Pommel Strike","Armaments","Body Slam","Clash+1"],"picked":"SKIP","floor":18},{"not_picked":["Rage","Dark Embrace","Iron Wave+1","Anger+1"],"picked":"SKIP","floor":22},{"not_picked":["Barricade","Whirlwind+1","Sword Boomerang+1"],"picked":"True Grit+1","floor":23},{"not_picked":["Iron Wave+1","Feel No Pain+1","Flex","Pommel Strike+1"],"picked":"SKIP","floor":25},{"not_picked":["Pommel Strike+1","Shrug It Off","Headbutt+1","Whirlwind+1"],"picked":"SKIP","floor":28}],"player_experience":195165,"relics_obtained":[{"floor":6,"key":"Ornamental Fan"},{"floor":9,"key":"Question Card"},{"floor":21,"key":"Molten Egg 2"},{"floor":23,"key":"Gremlin Horn"},{"floor":26,"key":"Du-Vu Doll"}],"event_choices":[{"damage_healed":0,"gold_gain":175,"player_choice":"AGREE","damage_taken":0,"max_hp_gain":0,"max_hp_loss":0,"event_name":"Liars Game","floor":2,"gold_loss":0,"cards_obtained":["Doubt"]},{"damage_healed":0,"gold_gain":75,"player_choice":"Gather Gold","damage_taken":11,"max_hp_gain":0,"max_hp_loss":0,"event_name":"World of Goop","floor":3,"gold_loss":0},{"damage_healed":0,"gold_gain":0,"player_choice":"Entered Light","damage_taken":16,"max_hp_gain":0,"max_hp_loss":0,"event_name":"Shining Light","floor":5,"gold_loss":0,"cards_upgraded":["Strike_R","Strike_R"]},{"damage_healed":0,"gold_gain":0,"player_choice":"Success","damage_taken":3,"relics_obtained":["Charon\u0027s Ashes"],"max_hp_gain":0,"max_hp_loss":0,"event_name":"Scrap Ooze","floor":11,"gold_loss":0},{"damage_healed":26,"gold_gain":0,"player_choice":"Heal","damage_taken":0,"max_hp_gain":0,"max_hp_loss":0,"event_name":"The Library","floor":19,"gold_loss":0},{"cards_removed":["Strike_R"],"damage_healed":0,"gold_gain":0,"player_choice":"Gave Gold","damage_taken":0,"max_hp_gain":0,"max_hp_loss":0,"event_name":"Beggar","floor":20,"gold_loss":75}],"is_beta":false,"boss_relics":[{"not_picked":["Empty Cage","Astrolabe"],"picked":"Black Blood"}],"items_purged_floors":[4,12,27],"is_endless":false,"potions_floor_spawned":[10,16,22,25],"killed_by":"Slavers","ascension_level":13}}