{"host":"d17dpptiltdcqz9s","time":1611807607,"event":{"mods":["BaseMod","Colored Powertips","Minty Spire (QoL Compilation)","Replay The Spire","StSLib"],"gold_per_floor":[117,117,5,17,36,52,52,52,52,52,62,62,62,77,77,172,172,183,183,98,18,38,38,38,36,36,36,50,50,80,93,93,188,238,257,257,276,276,32,32,64,64,64,64,414,198,78,78,78,197,197,217,217,15,40,81,81,81,81,81,81,81,81,81,31,31,154,154,173,193,2,2,27,27,27,27,66,87,111,196,196,220,220,343,343,409,409,1408,1741,1766,1766,147,147,225,225,168,168,268,16,16,119,119,151,109,59,9,28,28,28,55,81,81,99,99,99,110,110,205,205,216,236,71,71,21,21,56,56,86,86,36,36,56,56,56,158,158,215,215,49,74,74,74,74,24,81,81,81,115,115,65,65,245,245,265,265],"floor_reached":154,"language":"ZHS","playtime":6917,"items_purged":["Echo Form","Cleave","Overencumbered","ReplayTheSpireMod:Splinters","Shame","CommonCold","Looming Evil","ReplayTheSpireMod:Splinters","Normality","Normality","Writhe","Writhe","ReplayTheSpireMod:Restless Dread","ReplayTheSpireMod:Restless Dread","Looming Evil","Armaments+1"],"score":3568,"play_id":"96c6bd65-29be-4ca2-9d99-dcd065073c9d","local_time":"20210128122007","daily_mods":["SealedDeck","Vintage","Heirloom","Time Dilation","Flight","Lethality"],"is_ascension_mode":false,"campfire_choices":[{"data":"1","floor":7.0,"key":"LIFT"},{"data":"2","floor":8.0,"key":"LIFT"},{"data":"3","floor":13.0,"key":"LIFT"},{"data":"DevaForm","floor":15.0,"key":"PURGE"},{"floor":23.0,"key":"REST"},{"floor":27.0,"key":"REST"},{"data":"Limit Break","floor":42.0,"key":"SMITH"},{"floor":44.0,"key":"DIG"},{"floor":49.0,"key":"DIG"},{"floor":57.0,"key":"DIG"},{"data":"ReplayTheSpireMod:Faulty Equipment","floor":61.0,"key":"SMITH"},{"data":"Parasite","floor":64.0,"key":"PURGE"},{"data":"Bloodletting","floor":76.0,"key":"SMITH"},{"floor":81.0,"key":"REST"},{"floor":91.0,"key":"DIG"},{"data":"ReplayTheSpireMod:Corrosion Curse","floor":93.0,"key":"PURGE"},{"data":"ReplayTheSpireMod:Faulty Equipment","floor":97.0,"key":"SMITH"},{"data":"ReplayTheSpireMod:Strike From Hell+1","floor":100.0,"key":"PURGE"},{"floor":109.0,"key":"DIG"},{"floor":114.0,"key":"DIG"},{"floor":115.0,"key":"DIG"},{"floor":117.0,"key":"DIG"},{"floor":125.0,"key":"DIG"},{"floor":129.0,"key":"DIG"},{"floor":131.0,"key":"DIG"},{"floor":134.0,"key":"DIG"},{"floor":142,"key":"DIG"},{"floor":143,"key":"DIG"},{"floor":146,"key":"DIG"},{"floor":149,"key":"DIG"},{"floor":151,"key":"DIG"}],"circlet_count":0,"master_deck":["Demon Form","Sword Boomerang+1","Sword Boomerang+1","ReplayTheSpireMod:Muscle Training","ReplayTheSpireMod:Muscle Training","Shockwave+1","Limit Break+1","Rupture+1","Combust+1","Hemogenesis","ReplayTheSpireMod:Limb From Limb","Offering+1","Heavy Blade","Flex+1","Offering","Pommel Strike+1","Sword Boomerang+1","Feed+1","Bloodletting+1","Disarm","Demon Form+1","Heavy Blade+1","Jack Of All Trades","Flex","Inflame+1","Brutality+1","Panache+1","J.A.X.+1","ReplayTheSpireMod:Muscle Training+1","Offering","Hallucinations","ReplayTheSpireMod:Faulty Equipment","Injury","Shame","Amnesia","Parasite","Rupture+1","Reaper+1","Demon Form+1","Reaper+1","Doubt","Doubt","Demon Form+1","Pot Of Greed+1","Pot Of Greed+1","Pot Of Greed+1","Pot Of Greed+1","Rupture+1","Flex+1","Pot Of Greed+1","Clumsy","Bloodletting+1","Decay","Voices","Hallucinations","Demonic Infusion+1"],"relics":["Burning Blood","replay:Trail_Library","Durian","StoneCalendar","Meat on the Bone","Girya","Happy Flower","The Courier","MealTicket","Divine Protection","Fusion Hammer","Ornamental Fan","InkBottle","Matryoshka","ReplayTheSpireMod:CursedCoin","Nunchaku","Molten Egg 2","War Paint","Replay:Bottled Steam","ReplayTheSpireMod:Ninjato","Tiny House","Replay:Multitool","Chameleon Ring","Oddly Smooth Stone","Strawberry","CaptainsWheel","Mercury Hourglass","Quantum Egg","Replay:Baseball","Ring of Greed","Old Coin","ReplayTheSpireMod:Ring of Challenge","Brimstone","Frozen Egg 2","Tiny Chest","Honey Jar","ReplayTheSpireMod:Spearhead","Pear","ReplayFunnel","Bronze Scales","Whetstone","Smiling Mask","Replay:Kaleidoscope","Blue Candle","Omamori","Centennial Puzzle","Darkstone Periapt","Orichalcum","Calipers","Pet Ghost","Mummified Hand","Replay:Towering Pillar of Hats","Thread and Needle","ReplayTheSpireMod:Shallot","Champion Belt","Medical Kit","Bottled Lightning","Pen Nib","Replay:Wax Seal","Boot","Replay:Bottled Flurry","Ancient Tea Set","Replay:Mystery Machine","Toxic Egg 2","Shovel","Potion Belt","Toy Ornithopter","Bag of Preparation","Pocketwatch","Blue Doll","Anchor","Golden Egg","Regal Pillow","ClockworkSouvenir","MutagenicStrength","PreservedInsect","Dream Catcher","Iron Hammer","Blood Vial","Spirit Poop","Bird Faced Urn","Grinning Jar","BargainBundle","Torii","Replay:Bandana","Gambling Chip","Lantern","Shuriken","Kunai","Bag of Marbles"],"acts_visited":["Exordium","TheCity","TheBeyond","TheCity","TheBeyond","Exordium","TheCity","TheBeyond","Exordium"],"potions_floor_usage":[137,138,148,152,152,152,152,154],"damage_taken":[{"damage":1.0,"enemies":"2 Louse","floor":1.0,"turns":1.0},{"damage":1.0,"enemies":"Cultist","floor":4.0,"turns":1.0},{"damage":6.0,"enemies":"Small Slimes","floor":5.0,"turns":2.0},{"damage":12.0,"enemies":"Exordium Wildlife","floor":6.0,"turns":2.0},{"damage":2.0,"enemies":"Large Slime","floor":11.0,"turns":2.0},{"damage":0.0,"enemies":"Looter","floor":14.0,"turns":1.0},{"damage":14.0,"enemies":"Fading Forest","floor":16.0,"turns":7.0},{"damage":11.0,"enemies":"Chosen","floor":18.0,"turns":3.0},{"damage":15.0,"enemies":"2 Thieves","floor":22.0,"turns":2.0},{"damage":0.0,"enemies":"Sentry and Sphere","floor":28.0,"turns":3.0},{"damage":31.0,"enemies":"Slavers","floor":30.0,"turns":3.0},{"damage":2.0,"enemies":"3 Cultists","floor":31.0,"turns":3.0},{"damage":18.0,"enemies":"Collector","floor":33.0,"turns":3.0},{"damage":0.0,"enemies":"Orb Walker","floor":35.0,"turns":1.0},{"damage":13.0,"enemies":"3 Shapes","floor":37.0,"turns":2.0},{"damage":50.0,"enemies":"Nemesis","floor":41.0,"turns":3.0},{"damage":30.0,"enemies":"Awakened One","floor":50.0,"turns":3.0},{"damage":8.0,"enemies":"Cultist","floor":52.0,"turns":1.0},{"damage":0.0,"enemies":"2 Louse","floor":55.0,"turns":1.0},{"damage":6.0,"enemies":"3 Sentries","floor":56.0,"turns":2.0},{"damage":16.0,"enemies":"The Guardian","floor":67.0,"turns":3.0},{"damage":14.0,"enemies":"Shell Parasite","floor":69.0,"turns":2.0},{"damage":45.0,"enemies":"3 Byrds","floor":70.0,"turns":2.0},{"damage":0.0,"enemies":"Sentry and Sphere","floor":73.0,"turns":2.0},{"damage":7.0,"enemies":"Replay:Snechameleon","floor":77.0,"turns":2.0},{"damage":3.0,"enemies":"Snecko","floor":78.0,"turns":2.0},{"damage":36.0,"enemies":"Centurion and Healer","floor":79.0,"turns":2.0},{"damage":41.0,"enemies":"Book of Stabbing","floor":80.0,"turns":2.0},{"damage":43.0,"enemies":"Snake Plant","floor":82.0,"turns":2.0},{"damage":18.0,"enemies":"Champ","floor":84.0,"turns":2.0},{"damage":19.0,"enemies":"Orb Walker","floor":86.0,"turns":2.0},{"damage":22.0,"enemies":"R_Hoarder","floor":90.0,"turns":3.0},{"damage":20.0,"enemies":"Giant Head","floor":94.0,"turns":3.0},{"damage":30.0,"enemies":"Replay:Hell Engine","floor":101.0,"turns":2.0},{"damage":35.0,"enemies":"2 Louse","floor":103.0,"turns":3.0},{"damage":49.0,"enemies":"Small Slimes","floor":104.0,"turns":2.0},{"damage":16.0,"enemies":"Cultist","floor":107.0,"turns":2.0},{"damage":6.0,"enemies":"Gremlin Nob","floor":110.0,"turns":2.0},{"damage":16.0,"enemies":"Lagavulin","floor":111.0,"turns":3.0},{"damage":5.0,"enemies":"Looter","floor":113.0,"turns":2.0},{"damage":56.0,"enemies":"3 Louse","floor":116.0,"turns":3.0},{"damage":4.0,"enemies":"Slime Boss","floor":118.0,"turns":3.0},{"damage":26.0,"enemies":"2 Thieves","floor":120.0,"turns":2.0},{"damage":16.0,"enemies":"Shell Parasite","floor":121.0,"turns":2.0},{"damage":25.0,"enemies":"Book of Stabbing","floor":126.0,"turns":2.0},{"damage":52.0,"enemies":"Slavers","floor":128.0,"turns":2.0},{"damage":16.0,"enemies":"Snake Plant","floor":132.0,"turns":2.0},{"damage":48.0,"enemies":"Pondfish","floor":135.0,"turns":3.0},{"damage":98,"enemies":"3 Shapes","floor":137,"turns":3},{"damage":0,"enemies":"R_Hoarder","floor":138,"turns":1},{"damage":16,"enemies":"Nemesis","floor":140,"turns":3},{"damage":3,"enemies":"Reptomancer","floor":145,"turns":2},{"damage":6,"enemies":"3 Darklings","floor":148,"turns":2},{"damage":63,"enemies":"Donu and Deca","floor":152,"turns":4},{"damage":0,"enemies":"Jaw Worm","floor":154,"turns":2}],"seed_played":"-65051343220747440","potions_obtained":[{"floor":11.0,"key":"ElixirPotion"},{"floor":14.0,"key":"Weak Potion"},{"floor":16.0,"key":"Swift Potion"},{"floor":18.0,"key":"Dexterity Potion"},{"floor":33.0,"key":"Venom Potion"},{"floor":34.0,"key":"Ancient Potion"},{"floor":37.0,"key":"Adrenaline Potion"},{"floor":52.0,"key":"Weak Potion"},{"floor":55.0,"key":"Milkshake"},{"floor":59.0,"key":"LiquidBronze"},{"floor":59.0,"key":"SpeedPotion"},{"floor":66.0,"key":"DistilledChaos"},{"floor":66.0,"key":"Weak Potion"},{"floor":73.0,"key":"SpeedPotion"},{"floor":77.0,"key":"Doom Potion"},{"floor":78.0,"key":"DistilledChaos"},{"floor":84.0,"key":"FearPotion"},{"floor":94.0,"key":"Weak Potion"},{"floor":101.0,"key":"Elixir"},{"floor":104.0,"key":"Block Potion"},{"floor":110.0,"key":"DuplicationPotion"},{"floor":113.0,"key":"Dexterity Potion"},{"floor":116.0,"key":"Toxic Potion"},{"floor":120.0,"key":"Swift Potion"},{"floor":127.0,"key":"ColorlessPotion"},{"floor":127.0,"key":"EssenceOfSteel"},{"floor":132.0,"key":"Elixir"},{"floor":135.0,"key":"SmokeBomb"},{"floor":152,"key":"Strength Potion"},{"floor":154,"key":"ColorlessPotion"}],"is_trial":true,"path_per_floor":["M","?","$","M","M","M","R","R","T","?","M","?","R","M","R","B",null,"M","?","?","$","M","R","?","$","T","R","M","$","E","M","R","B",null,"M","?","M","?","$","R","E","R","T","R","?","$","$","T","R","B",null,"M","?","$","M","E","R","$","R","T","R","R","?","R","$","R","B",null,"M","M","$","?","M","R","R","R","E","M","M","E","R","M","R","B",null,"M","?","?","?","E","R","$","R","E","?","$","R","?","$","R","B",null,"M","M","$","$","M","R","R","E","E","?","M","R","R","M","R","B",null,"M","M","$","?","$","R","E","R","E","R","$","R","M","?","R","B",null,"M","E","$","E","?","R","R","$","E","R","?","M","R","$","R","B",null,"M"],"character_chosen":"IRONCLAD","items_purchased":["Rupture","ReplayTheSpireMod:CursedCoin","Offering","Heavy Blade","Oddly Smooth Stone","Strawberry","Brimstone","Pear","Panache+1","Mummified Hand","Replay:Towering Pillar of Hats","Thread and Needle","ReplayTheSpireMod:Shallot","Champion Belt","Medical Kit","Bottled Lightning","Pen Nib","Replay:Wax Seal","Boot","Replay:Bottled Flurry","ClockworkSouvenir","BargainBundle","Death Potion","Weak Potion","Adrenaline Potion","Rupture+1","Flex+1"],"campfire_rested":3,"item_purchase_floors":[3,25,25,25,39,39,46,54,71,92,92,92,92,92,92,92,92,96,96,99,122,139,139,139,139,139,139],"current_hp_per_floor":[85,85,85,85,85,79,79,79,79,79,83,88,88,90,90,90,90,85,85,85,90,81,90,72,87,87,95,95,95,70,79,79,67,100,100,100,93,93,107,107,63,63,63,63,63,78,93,93,93,82,111,111,111,121,121,125,125,125,125,125,125,125,122,122,122,122,119,122,122,87,102,102,108,126,126,126,125,126,96,77,116,86,125,118,130,117,117,171,183,184,184,199,199,204,216,222,222,234,234,234,234,234,205,168,183,198,209,244,244,244,244,220,221,221,221,199,199,248,248,247,248,248,248,248,248,254,254,254,254,254,254,254,254,254,261,264,270,270,270,274,274,274,274,274,280,280,280,280,280,280,280,302,302,302,302],"gold":265,"neow_bonus":"","is_daily":false,"chose_seed":false,"campfire_upgraded":4,"win_rate":0.0,"timestamp":1611807607,"path_taken":["M","?","$","?","M","?","R","R","T","?","M","?","R","M","R","BOSS","M","?","?","?","M","R","?","?","T","R","M","$","E","?","R","BOSS","M","?","?","?","$","R","E","R","T","R","?","$","$","?","R","BOSS","M","?","?","?","?","R","$","R","T","R","R","?","R","$","R","BOSS","M","M","$","?","?","R","R","R","E","M","M","?","R","M","R","BOSS","M","?","?","?","?","R","$","R","E","?","$","R","?","$","R","BOSS","M","?","$","$","M","R","R","?","E","?","M","R","R","M","R","BOSS","M","?","$","?","$","R","?","R","E","R","$","R","?","?","R","BOSS","M","?","$","?","?","R","R","?","E","R","?","M","R","$","R","BOSS","M"],"items_purchased_type":["Card","Relic","Card","Card","Relic","Relic","Relic","Relic","Card","Relic","Relic","Relic","Relic","Relic","Relic","Relic","Relic","Relic","Relic","Relic","Relic","Relic","Potion","Potion","Potion","Card","Card"],"build_version":"2020-12-22","purchased_purges":16,"victory":false,"max_hp_per_floor":[85,85,85,85,85,85,85,85,85,85,85,90,90,90,90,90,90,90,90,90,90,90,90,95,95,95,95,95,95,95,95,95,95,100,100,100,100,100,107,107,107,107,107,107,107,107,107,107,107,111,111,111,111,121,121,125,125,125,125,125,125,125,125,122,122,122,122,122,122,126,126,126,126,126,126,126,126,126,126,130,130,130,130,130,130,130,130,184,196,200,200,200,200,210,216,222,222,234,234,234,234,234,234,240,240,240,244,244,244,244,244,244,244,244,244,248,248,248,248,248,248,248,248,248,248,254,254,254,254,254,254,254,254,254,264,264,270,270,270,274,274,274,274,274,280,280,280,280,280,280,280,302,302,302,302],"card_choices":[{"not_picked":["Juggernaut","Fiend Fire"],"picked":"Hemogenesis","floor":16.0},{"not_picked":["Fire Breathing","Clash+1","Clothesline+1"],"picked":"SKIP","floor":30.0},{"not_picked":["Immolate+1","Barricade"],"picked":"Offering","floor":33.0},{"not_picked":["Cleave+1","Seeing Red+1"],"picked":"Pommel Strike+1","floor":34.0},{"not_picked":["Body Slam+1","Havoc"],"picked":"Feed+1","floor":41.0},{"not_picked":["Replay:Many Hands","Impervious"],"picked":"Demon Form+1","floor":50.0},{"not_picked":["Thunderclap+1","ReplayTheSpireMod:Strike From Hell+1","Double Tap"],"picked":"ReplayTheSpireMod:Corrosion Curse","floor":56.0},{"not_picked":["Eclipse","Berserk+1","Double Tap"],"picked":"Brutality+1","floor":67.0},{"not_picked":["Reckless Charge+1","Second Wind+1","Headbutt+1"],"picked":"ReplayTheSpireMod:Muscle Training+1","floor":77.0},{"not_picked":["ReplayTheSpireMod:Stacked","Defy Death+1","Bloodletting","Twin Strike+1"],"picked":"SKIP","floor":80.0},{"not_picked":["Fiend Fire+1","Impervious","Replay:Many Hands"],"picked":"Offering","floor":84.0},{"not_picked":["Metallicize+1","Sentinel+1","Replay:Undeath\u0027s Touch+1","Whirlwind+1"],"picked":"SKIP","floor":90.0},{"not_picked":["Warcry","Combust+1","Infernal Blade","Cleave+1"],"picked":"SKIP","floor":94.0},{"not_picked":["Seeing Red","Warcry","Evolve+1"],"picked":"Rupture+1","floor":98.0},{"not_picked":["Havoc+1","Clash+1","Feel No Pain+1"],"picked":"Reaper+1","floor":98.0},{"not_picked":["Impervious","Bludgeon+1","Hemogenesis+1"],"picked":"Demon Form+1","floor":101.0},{"not_picked":["Replay:Undeath\u0027s Touch+1","Cleave+1","Perfected Strike+1","Flame Barrier+1"],"picked":"SKIP","floor":110.0},{"not_picked":["Iron Wave+1","Headbutt+1","ReplayTheSpireMod:Corrosion Curse+1","Sever Soul+1"],"picked":"SKIP","floor":111.0},{"not_picked":["Juggernaut+1","Hemogenesis+1","Demon Form+1"],"picked":"Reaper+1","floor":118.0},{"not_picked":["Massacre+1","Twin Strike+1","Uppercut+1","Wild Strike+1"],"picked":"SKIP","floor":126.0},{"not_picked":["Armaments+1","ReplayTheSpireMod:Corrosion Curse+1","Sentinel+1","Heavy Blade+1"],"picked":"SKIP","floor":128.0},{"not_picked":["Immolate+1","Corruption+1","Impervious+1"],"picked":"Demon Form+1","floor":135.0},{"not_picked":["ReplayTheSpireMod:LeadingStrike+1","True Grit+1","Clothesline+1","Anger+1"],"picked":"SKIP","floor":140},{"not_picked":["Sword Boomerang+1","Blood for Blood+1","Flex+1"],"picked":"Bloodletting+1","floor":145},{"not_picked":["Berserk+1","Bludgeon+1","Corruption+1"],"picked":"Demonic Infusion+1","floor":152}],"player_experience":160410,"relics_obtained":[{"floor":1.0,"key":"StoneCalendar"},{"floor":4.0,"key":"Meat on the Bone"},{"floor":5.0,"key":"Girya"},{"floor":6.0,"key":"Happy Flower"},{"floor":9.0,"key":"The Courier"},{"floor":11.0,"key":"MealTicket"},{"floor":14.0,"key":"Divine Protection"},{"floor":18.0,"key":"Ornamental Fan"},{"floor":22.0,"key":"Matryoshka"},{"floor":26.0,"key":"Nunchaku"},{"floor":26.0,"key":"Molten Egg 2"},{"floor":28.0,"key":"War Paint"},{"floor":30.0,"key":"Replay:Bottled Steam"},{"floor":31.0,"key":"ReplayTheSpireMod:Ninjato"},{"floor":35.0,"key":"Replay:Multitool"},{"floor":37.0,"key":"Chameleon Ring"},{"floor":41.0,"key":"CaptainsWheel"},{"floor":43.0,"key":"Mercury Hourglass"},{"floor":43.0,"key":"Quantum Egg"},{"floor":44.0,"key":"Replay:Baseball"},{"floor":45.0,"key":"Ring of Greed"},{"floor":45.0,"key":"Old Coin"},{"floor":45.0,"key":"Golden Idol"},{"floor":45.0,"key":"ReplayTheSpireMod:Ring of Challenge"},{"floor":48.0,"key":"Frozen Egg 2"},{"floor":49.0,"key":"Tiny Chest"},{"floor":52.0,"key":"ReplayTheSpireMod:Spearhead"},{"floor":55.0,"key":"ReplayFunnel"},{"floor":57.0,"key":"Bronze Scales"},{"floor":60.0,"key":"Whetstone"},{"floor":69.0,"key":"Replay:Kaleidoscope"},{"floor":70.0,"key":"Blue Candle"},{"floor":73.0,"key":"Omamori"},{"floor":78.0,"key":"Centennial Puzzle"},{"floor":79.0,"key":"Darkstone Periapt"},{"floor":82.0,"key":"Orichalcum"},{"floor":86.0,"key":"Calipers"},{"floor":91.0,"key":"Pet Ghost"},{"floor":103.0,"key":"Ancient Tea Set"},{"floor":103.0,"key":"Replay:Mystery Machine"},{"floor":104.0,"key":"Toxic Egg 2"},{"floor":107.0,"key":"Shovel"},{"floor":109.0,"key":"Potion Belt"},{"floor":113.0,"key":"Toy Ornithopter"},{"floor":114.0,"key":"Bag of Preparation"},{"floor":115.0,"key":"Pocketwatch"},{"floor":116.0,"key":"Blue Doll"},{"floor":117.0,"key":"Anchor"},{"floor":120.0,"key":"Golden Egg"},{"floor":121.0,"key":"Regal Pillow"},{"floor":125.0,"key":"PreservedInsect"},{"floor":129.0,"key":"Dream Catcher"},{"floor":131.0,"key":"Iron Hammer"},{"floor":132.0,"key":"Blood Vial"},{"floor":134.0,"key":"Bird Faced Urn"},{"floor":137,"key":"Grinning Jar"},{"floor":142,"key":"Torii"},{"floor":143,"key":"Replay:Bandana"},{"floor":146,"key":"Gambling Chip"},{"floor":148,"key":"Lantern"},{"floor":149,"key":"Shuriken"},{"floor":151,"key":"Kunai"},{"floor":154,"key":"Bag of Marbles"}],"event_choices":[{"damage_healed":0.0,"max_hp_gain":0.0,"max_hp_loss":0.0,"gold_gain":0.0,"cards_transformed":["Wraith Form v2"],"event_name":"Transmorgrifier","player_choice":"Transformed","floor":2.0,"gold_loss":0.0,"damage_taken":0.0,"cards_obtained":["Limit Break"]},{"damage_healed":0.0,"max_hp_gain":5.0,"max_hp_loss":0.0,"gold_gain":0.0,"event_name":"Big Fish","player_choice":"Donut","floor":12.0,"gold_loss":0.0,"damage_taken":0.0},{"damage_healed":0.0,"max_hp_gain":0.0,"max_hp_loss":0.0,"gold_gain":0.0,"event_name":"The Library","player_choice":"Read","floor":19.0,"gold_loss":0.0,"damage_taken":0.0,"cards_obtained":["ReplayTheSpireMod:Limb From Limb"]},{"damage_healed":0.0,"max_hp_gain":0.0,"max_hp_loss":0.0,"gold_gain":0.0,"event_name":"Addict","player_choice":"Obtained Relic","floor":20.0,"gold_loss":85.0,"damage_taken":0.0,"relics_obtained":["InkBottle"]},{"damage_healed":0.0,"max_hp_gain":5.0,"max_hp_loss":0.0,"gold_gain":0.0,"event_name":"Forgotten Altar","player_choice":"Shed Blood","floor":24.0,"gold_loss":0.0,"damage_taken":23.0},{"cards_removed":["Shrug It Off"],"damage_healed":0.0,"max_hp_gain":0.0,"max_hp_loss":0.0,"gold_gain":0.0,"event_name":"NoteForYourself","player_choice":"Took Card","floor":36.0,"gold_loss":0.0,"damage_taken":0.0,"cards_obtained":["Sword Boomerang"]},{"damage_healed":0.0,"max_hp_gain":0.0,"max_hp_loss":0.0,"gold_gain":0.0,"event_name":"Tomb of Lord Red Mask","player_choice":"Ignored","floor":38.0,"gold_loss":0.0,"damage_taken":0.0},{"damage_healed":0.0,"max_hp_gain":0.0,"max_hp_loss":0.0,"gold_gain":0.0,"event_name":"Match and Keep!","player_choice":"2 cards matched","floor":53.0,"gold_loss":0.0,"damage_taken":0.0,"cards_obtained":["Heavy Blade","Jack Of All Trades"]},{"damage_healed":0.0,"max_hp_gain":0.0,"max_hp_loss":0.0,"gold_gain":0.0,"event_name":"Scrap Ooze","player_choice":"Success","floor":63.0,"gold_loss":0.0,"damage_taken":3.0,"relics_obtained":["Smiling Mask"]},{"cards_removed":["ReplayTheSpireMod:Splinters","Hallucinations"],"damage_healed":0.0,"max_hp_gain":0.0,"max_hp_loss":0.0,"gold_gain":0.0,"event_name":"Fountain of Cleansing","player_choice":"Removed Curses","floor":72.0,"gold_loss":0.0,"damage_taken":0.0},{"damage_healed":0.0,"max_hp_gain":0.0,"max_hp_loss":0.0,"gold_gain":0.0,"event_name":"Drug Dealer","player_choice":"Obtain J.A.X.","floor":75.0,"gold_loss":0.0,"damage_taken":0.0,"cards_obtained":["J.A.X."]},{"damage_healed":0.0,"max_hp_gain":0.0,"max_hp_loss":0.0,"gold_gain":0.0,"event_name":"SensoryStone","player_choice":"Memory 1","floor":87.0,"gold_loss":0.0,"damage_taken":0.0},{"damage_healed":0.0,"max_hp_gain":0.0,"max_hp_loss":0.0,"gold_gain":999.0,"event_name":"MindBloom","player_choice":"Gold","floor":88.0,"gold_loss":0.0,"damage_taken":0.0,"cards_obtained":["Normality","Normality"]},{"damage_healed":0.0,"max_hp_gain":0.0,"max_hp_loss":0.0,"gold_gain":333.0,"event_name":"The Moai Head","player_choice":"Gave Idol","floor":89.0,"relics_lost":["Golden Idol"],"gold_loss":0.0,"damage_taken":0.0},{"damage_healed":53.0,"max_hp_gain":0.0,"max_hp_loss":0.0,"gold_gain":0.0,"event_name":"Winding Halls","player_choice":"Writhe","floor":95.0,"gold_loss":0.0,"damage_taken":0.0,"cards_obtained":["Writhe"]},{"damage_healed":0.0,"max_hp_gain":0.0,"max_hp_loss":0.0,"gold_gain":0.0,"event_name":"Wheel of Change","player_choice":"Damaged","floor":112.0,"gold_loss":0.0,"damage_taken":24.0},{"damage_healed":0.0,"max_hp_gain":0.0,"max_hp_loss":0.0,"gold_gain":0.0,"event_name":"Drug Dealer","player_choice":"Inject Mutagens","floor":123.0,"gold_loss":0.0,"damage_taken":0.0,"relics_obtained":["MutagenicStrength"]},{"cards_removed":["ReplayTheSpireMod:Splinters"],"damage_healed":0.0,"max_hp_gain":0.0,"max_hp_loss":0.0,"gold_gain":0.0,"event_name":"Bonfire Elementals","player_choice":"Offered Curse","floor":133.0,"gold_loss":0.0,"damage_taken":0.0,"relics_obtained":["Spirit Poop"]},{"damage_healed":0,"gold_gain":0,"player_choice":"Memory 1","damage_taken":0,"max_hp_gain":0,"max_hp_loss":0,"event_name":"SensoryStone","floor":141,"gold_loss":0},{"damage_healed":0,"gold_gain":0,"player_choice":"Ignored","damage_taken":0,"max_hp_gain":0,"max_hp_loss":0,"event_name":"Duplicator","floor":147,"gold_loss":0}],"is_beta":false,"boss_relics":[{"not_picked":["Sozu","Replay:Ancient Bell"],"picked":"Fusion Hammer"},{"not_picked":["Replay:Wanted Poster","Abe\u0027s Treasure"],"picked":"Tiny House"},{"not_picked":["Ring of Chaos","Runic Pyramid"],"picked":"Honey Jar"},{"not_picked":["Accursed"],"picked":"GraspOfShadows"},{"not_picked":["BlightedDurian"],"picked":"MetallicRebirth"},{"not_picked":["GraspOfShadows"],"picked":"VoidEssence"},{"not_picked":["VoidEssence"],"picked":"Scatterbrain"},{"not_picked":["MetallicRebirth"],"picked":"Accursed"},{"not_picked":["VoidEssence"],"picked":"MetallicRebirth"}],"items_purged_floors":[3,21,46,47,65,71,92,99,105,106,122,124,130,139,144,150],"is_endless":true,"potions_floor_spawned":[11,14,16,18,31,33,37,52,55,73,77,78,84,94,101,104,110,113,116,120,132,135,152,154],"killed_by":"Jaw Worm","ascension_level":0}}