{"host":"w7o06k3e8uel8euj","time":1611846186,"event":{"mods":["AchievementEnabler","BaseMod","Colored Powertips","Custom Start","DeckTracker","Keyboard Shortcuts","Minty Spire (QoL Compilation)","Quick Restart","Relic Stats","StSLib","SuperFastMode","everything is the same but u backflip on backflip"],"gold_per_floor":[369,381,431,449,52,52,80,80,80,90,117,117,117,130,130,130,130],"floor_reached":16,"language":"KOR","playtime":379,"items_purged":["Strike_R"],"score":200,"play_id":"f8326604-3337-4ed3-8d06-fa01aa9ad993","local_time":"20210129000306","is_ascension_mode":true,"campfire_choices":[{"data":"Infernal Blade","floor":6.0,"key":"SMITH"},{"data":"Pommel Strike","floor":8.0,"key":"SMITH"},{"data":"Burning Pact","floor":12.0,"key":"SMITH"},{"floor":15.0,"key":"REST"}],"circlet_count":0,"master_deck":["AscendersBane","Strike_R","Strike_R","Strike_R","Strike_R","Defend_R","Defend_R","Defend_R","Defend_R","Bash","Pommel Strike+1","Infernal Blade+1","Shrug It Off","Disarm+1","Reckless Charge","Burning Pact+1","Warcry"],"relics":["Burning Blood","Dead Branch","Question Card","Smiling Mask","Odd Mushroom"],"acts_visited":["Exordium"],"potions_floor_usage":[],"damage_taken":[{"damage":17.0,"enemies":"Small Slimes","floor":1.0,"turns":5.0},{"damage":6.0,"enemies":"Cultist","floor":2.0,"turns":3.0},{"damage":10.0,"enemies":"2 Louse","floor":4.0,"turns":2.0},{"damage":17.0,"enemies":"3 Sentries","floor":7.0,"turns":5.0},{"damage":14.0,"enemies":"Gremlin Gang","floor":10.0,"turns":9.0},{"damage":19.0,"enemies":"The Mushroom Lair","floor":11.0,"turns":5.0},{"damage":21.0,"enemies":"Exordium Thugs","floor":14.0,"turns":5.0},{"damage":36,"enemies":"The Guardian","floor":16,"turns":8}],"seed_played":"4521441301472247565","potions_obtained":[{"floor":2.0,"key":"Fruit Juice"},{"floor":10.0,"key":"GamblersBrew"}],"is_trial":false,"path_per_floor":["M","M","?","M","$","R","E","R","T","M","?","R","?","M","R","B"],"character_chosen":"IRONCLAD","items_purchased":["Dead Branch"],"campfire_rested":1,"item_purchase_floors":[5],"current_hp_per_floor":[57,57,51,47,47,47,41,41,41,33,20,20,20,15,36,0,0],"gold":130,"neow_bonus":"TWO_FIFTY_GOLD","is_daily":false,"chose_seed":true,"campfire_upgraded":3,"win_rate":0.0,"timestamp":1611846186,"path_taken":["M","M","?","?","$","R","E","R","T","M","?","R","?","?","R","BOSS"],"items_purchased_type":["Relic"],"build_version":"2020-12-22","purchased_purges":1,"victory":false,"max_hp_per_floor":[68,68,68,68,68,68,73,73,73,73,73,73,73,73,73,73,73],"relic_stats":{"counters":[8,42],"Dead Branch":[44],"Question Card":3,"Smiling Mask":0,"obtain_stats":[{"Dead Branch":5,"Odd Mushroom":11,"Question Card":7,"Smiling Mask":9,"Burning Blood":0},{"Dead Branch":3,"Odd Mushroom":6,"Question Card":4,"Smiling Mask":4,"Burning Blood":0},{"Dead Branch":10,"Odd Mushroom":29,"Question Card":15,"Smiling Mask":15,"Burning Blood":0}],"Burning Blood":42},"card_choices":[{"not_picked":["Warcry","Flex"],"picked":"Pommel Strike","floor":1.0},{"not_picked":["Battle Trance","Headbutt"],"picked":"Infernal Blade","floor":2.0},{"not_picked":["Perfected Strike","Anger"],"picked":"Shrug It Off","floor":4.0},{"not_picked":["Uppercut","Fire Breathing"],"picked":"Disarm","floor":7.0},{"not_picked":["Heavy Blade","Iron Wave","Pommel Strike"],"picked":"Reckless Charge","floor":10.0},{"not_picked":["Iron Wave","Anger","Double Tap"],"picked":"Burning Pact","floor":11.0},{"not_picked":["Metallicize","Twin Strike","Anger"],"picked":"Warcry","floor":14.0}],"player_experience":514343,"relics_obtained":[{"floor":7.0,"key":"Question Card"},{"floor":9.0,"key":"Smiling Mask"},{"floor":11.0,"key":"Odd Mushroom"}],"event_choices":[{"damage_healed":0.0,"max_hp_gain":0.0,"max_hp_loss":0.0,"gold_gain":50.0,"event_name":"FaceTrader","player_choice":"Touch","floor":3.0,"gold_loss":0.0,"damage_taken":6.0},{"damage_healed":0.0,"max_hp_gain":0.0,"max_hp_loss":0.0,"gold_gain":0.0,"event_name":"Mushrooms","player_choice":"Fought Mushrooms","floor":11.0,"gold_loss":0.0,"damage_taken":0.0},{"damage_healed":0.0,"max_hp_gain":0.0,"max_hp_loss":0.0,"gold_gain":0.0,"event_name":"Accursed Blacksmith","player_choice":"Forge","floor":13.0,"gold_loss":0.0,"damage_taken":0.0,"cards_upgraded":["Disarm"]}],"is_beta":false,"boss_relics":[],"items_purged_floors":[5],"is_endless":false,"potions_floor_spawned":[2,10],"killed_by":"The Guardian","ascension_level":20}}