{"host":"d4km6p8r92tm3vpl","time":1611844860,"event":{"mods":["AchievementEnabler","BaseMod","Colored Map","Colored Powertips","DeckTracker","Minty Spire (QoL Compilation)","Relic Stats","StSLib"],"gold_per_floor":[119,139,139,153,167,167,178,210,262,297,297,310,310,310,310,310,310],"floor_reached":16,"language":"ENG","playtime":448,"items_purged":[],"score":185,"play_id":"b96c3b86-ff0c-4cca-97a2-25f582f23020","local_time":"20210128094100","is_ascension_mode":true,"campfire_choices":[{"data":"Neutralize","floor":6.0,"key":"SMITH"},{"floor":13.0,"key":"REST"},{"data":"Prepared","floor":15,"key":"SMITH"}],"circlet_count":0,"master_deck":["AscendersBane","Strike_G","Strike_G","Strike_G","Strike_G","Strike_G","Defend_G","Defend_G","Defend_G","Defend_G","Defend_G","Survivor","Neutralize+1","Riddle With Holes","All Out Attack","Prepared+1","Deadly Poison","Flying Knee","Reflex","Dagger Spray"],"relics":["Ring of the Snake","Tiny Chest","PreservedInsect","Frozen Egg 2","Golden Idol"],"acts_visited":["Exordium"],"potions_floor_usage":[16,16],"damage_taken":[{"damage":3.0,"enemies":"2 Louse","floor":1.0,"turns":4.0},{"damage":9.0,"enemies":"Jaw Worm","floor":2.0,"turns":6.0},{"damage":0.0,"enemies":"Cultist","floor":4.0,"turns":4.0},{"damage":8.0,"enemies":"Looter","floor":5.0,"turns":4.0},{"damage":4.0,"enemies":"Blue Slaver","floor":7.0,"turns":4.0},{"damage":34.0,"enemies":"Gremlin Nob","floor":8.0,"turns":5.0},{"damage":7.0,"enemies":"3 Sentries","floor":10.0,"turns":4.0},{"damage":4.0,"enemies":"Large Slime","floor":12.0,"turns":5.0},{"damage":24,"enemies":"The Guardian","floor":16,"turns":4}],"seed_played":"-2830621662081674890","potions_obtained":[{"floor":1.0,"key":"ColorlessPotion"},{"floor":7.0,"key":"Ancient Potion"},{"floor":10.0,"key":"FearPotion"}],"is_trial":false,"path_per_floor":["M","M","?","M","M","R","M","E","T","E","?","M","R","?","R","B"],"character_chosen":"THE_SILENT","items_purchased":[],"campfire_rested":1,"item_purchase_floors":[],"current_hp_per_floor":[67,58,58,58,50,50,46,12,12,5,5,1,22,22,22,0,0],"gold":310,"neow_bonus":"TEN_PERCENT_HP_BONUS","is_daily":false,"chose_seed":false,"campfire_upgraded":2,"win_rate":0.0,"timestamp":1611844860,"path_taken":["M","M","?","M","M","R","M","E","T","E","?","M","R","?","R","BOSS"],"items_purchased_type":[],"build_version":"2020-12-22","purchased_purges":0,"victory":false,"max_hp_per_floor":[77,77,77,77,77,77,77,77,77,77,71,71,71,71,71,71,71],"relic_stats":{"counters":[9,40],"Golden Idol":3,"Tiny Chest":0,"PreservedInsect":34,"obtain_stats":[{"Golden Idol":11,"Tiny Chest":8,"PreservedInsect":9,"Frozen Egg 2":10,"Ring of the Snake":0},{"Golden Idol":7,"Tiny Chest":6,"PreservedInsect":6,"Frozen Egg 2":7,"Ring of the Snake":0},{"Golden Idol":31,"Tiny Chest":27,"PreservedInsect":27,"Frozen Egg 2":31,"Ring of the Snake":0}],"Ring of the Snake":[18]},"card_choices":[{"not_picked":["Prepared","Dodge and Roll"],"picked":"Riddle With Holes","floor":1.0},{"not_picked":["Outmaneuver","PiercingWail"],"picked":"All Out Attack","floor":2.0},{"not_picked":["Reflex","PiercingWail"],"picked":"Prepared","floor":4.0},{"not_picked":["Catalyst","Blur"],"picked":"Deadly Poison","floor":5.0},{"not_picked":["Acrobatics","Bane"],"picked":"Flying Knee","floor":7.0},{"not_picked":["Riddle With Holes","Bullet Time"],"picked":"Reflex","floor":8.0},{"not_picked":["Flying Knee","Reflex"],"picked":"Dagger Spray","floor":10.0},{"not_picked":["Dagger Spray","Sucker Punch","Flying Knee"],"picked":"SKIP","floor":12.0}],"player_experience":834545,"relics_obtained":[{"floor":8.0,"key":"Tiny Chest"},{"floor":9.0,"key":"PreservedInsect"},{"floor":10.0,"key":"Frozen Egg 2"}],"event_choices":[{"damage_healed":0.0,"max_hp_gain":0.0,"max_hp_loss":0.0,"gold_gain":0.0,"event_name":"Shining Light","player_choice":"Ignored","floor":3.0,"gold_loss":0.0,"damage_taken":0.0},{"damage_healed":0.0,"max_hp_gain":0.0,"max_hp_loss":6.0,"gold_gain":0.0,"event_name":"Golden Idol","player_choice":"Lose Max HP","floor":11.0,"gold_loss":0.0,"damage_taken":0.0,"relics_obtained":["Golden Idol"]},{"damage_healed":0,"gold_gain":0,"player_choice":"Leave","damage_taken":0,"max_hp_gain":0,"max_hp_loss":0,"event_name":"FaceTrader","floor":14,"gold_loss":0}],"is_beta":false,"boss_relics":[],"items_purged_floors":[],"is_endless":false,"potions_floor_spawned":[1,7,10],"killed_by":"The Guardian","ascension_level":13}}