{"host":"jsu44zy84q00n4lj","time":1611798865,"event":{"mods":["AchievementEnabler","BaseMod","Colored Map","Colored Powertips","Hermit","Minty Spire (QoL Compilation)","Relic Sorter","StSLib","The Cursed","The Hierophant"],"gold_per_floor":[113,124,199,216,216,216,216,233,233,233,262,262,296,28,28,130,130,148,148,148,148,158,158,158,158,158,83,83,36,36,71,71,172,172,188,0,0,17,37,47,118,118,118,118,28,42,42,55,55,55,55],"floor_reached":50,"language":"ENG","playtime":3042,"items_purged":["Strike_R"],"score":632,"play_id":"6c42e27c-45d9-4ec4-81df-01c085dc52ea","local_time":"20210127175425","is_ascension_mode":true,"campfire_choices":[{"data":"Bash","floor":6.0,"key":"SMITH"},{"floor":15.0,"key":"REST"},{"data":"Corruption","floor":23.0,"key":"SMITH"},{"data":"Clothesline","floor":24.0,"key":"SMITH"},{"data":"Hemokinesis","floor":25.0,"key":"SMITH"},{"data":"Anger","floor":28.0,"key":"SMITH"},{"data":"Offering","floor":30.0,"key":"SMITH"},{"data":"Demon Form","floor":32.0,"key":"SMITH"},{"floor":44,"key":"RECALL"},{"floor":47,"key":"REST"},{"data":"Body Slam","floor":49,"key":"SMITH"}],"circlet_count":0,"master_deck":["Strike_R+1","Defend_R+1","Defend_R+1","Defend_R+1","Bash+1","Clothesline+1","Offering+1","Armaments+1","Anger+1","Hemokinesis+1","Intimidate+1","Havoc+1","Trip+1","Flex+1","Demon Form+1","Clash+1","Rampage+1","Entrench+1","Shrug It Off+1","Metallicize+1","J.A.X.+1","Warcry+1","Corruption+1","Havoc+1","Impervious+1","Havoc+1","Iron Wave+1","Inflame+1","Iron Wave+1","True Grit+1","Sword Boomerang+1","Infernal Blade+1","Ghostly Armor+1","Anger+1","Dual Wield+1","Havoc+1","Body Slam+1"],"relics":["Burning Blood","Eternal Feather","Prayer Wheel","Toxic Egg 2","StoneCalendar","Astrolabe","WingedGreaves","Blue Candle","War Paint","Sozu","Red Mask","Pen Nib"],"acts_visited":["Exordium","TheCity","TheBeyond"],"potions_floor_usage":[],"damage_taken":[{"damage":0.0,"enemies":"Small Slimes","floor":1.0,"turns":3.0},{"damage":8.0,"enemies":"2 Louse","floor":2.0,"turns":3.0},{"damage":6.0,"enemies":"Cultist","floor":4.0,"turns":3.0},{"damage":17.0,"enemies":"Exordium Wildlife","floor":8.0,"turns":7.0},{"damage":19.0,"enemies":"Gremlin Nob","floor":11.0,"turns":3.0},{"damage":40.0,"enemies":"3 Sentries","floor":13.0,"turns":8.0},{"damage":21.0,"enemies":"Slime Boss","floor":16.0,"turns":7.0},{"damage":5.0,"enemies":"Chosen","floor":18.0,"turns":6.0},{"damage":9.0,"enemies":"Shell Parasite","floor":22.0,"turns":3.0},{"damage":38.0,"enemies":"Slavers","floor":31.0,"turns":7.0},{"damage":52,"enemies":"Automaton","floor":33,"turns":9},{"damage":12,"enemies":"3 Darklings","floor":35,"turns":7},{"damage":17,"enemies":"3 Shapes","floor":38,"turns":7},{"damage":34,"enemies":"Sphere and 2 Shapes","floor":39,"turns":7},{"damage":12,"enemies":"4 Shapes","floor":40,"turns":6},{"damage":20,"enemies":"Transient","floor":46,"turns":5},{"damage":20,"enemies":"Writhing Mass","floor":48,"turns":4},{"damage":96,"enemies":"Time Eater","floor":50,"turns":9}],"seed_played":"4436672989464098519","potions_obtained":[{"floor":4.0,"key":"SteroidPotion"},{"floor":16.0,"key":"Block Potion"},{"floor":18.0,"key":"Dexterity Potion"},{"floor":22.0,"key":"SpeedPotion"}],"is_trial":false,"path_per_floor":["M","M","?","M","?","R","?","M","T","T","E","?","E","$","R","B",null,"M","?","?","?","M","R","R","R","T","?","R","$","R","E","R","B",null,"M","?","?","M","M","M","T","$","T","R","?","M","R","M","R","B"],"character_chosen":"IRONCLAD","items_purchased":["Havoc+1","Trip+1","Flex+1","Havoc+1"],"campfire_rested":2,"item_purchase_floors":[14,14,14,29],"current_hp_per_floor":[88,86,75,75,75,75,75,64,64,64,51,56,22,22,58,43,93,93,93,93,93,90,93,93,93,93,93,93,93,93,61,76,30,93,87,87,93,82,54,48,48,48,48,66,66,52,93,79,93,0,0],"gold":55,"neow_bonus":"TEN_PERCENT_HP_BONUS","is_daily":false,"chose_seed":false,"campfire_upgraded":8,"win_rate":0.0,"timestamp":1611798865,"path_taken":["M","M","?","M","?","R","?","?","T","?","E","?","E","$","R","BOSS","M","?","?","?","M","R","R","R","T","?","R","?","R","E","R","BOSS","M","?","?","M","M","?","?","?","T","R","?","?","R","M","R","BOSS"],"items_purchased_type":["Card","Card","Card","Card"],"build_version":"2020-12-22","purchased_purges":1,"victory":false,"max_hp_per_floor":[88,88,88,88,88,88,88,88,88,88,88,93,93,93,93,93,93,93,93,93,93,93,93,93,93,93,93,93,93,93,93,93,93,93,93,93,93,93,93,93,93,93,93,93,93,93,93,93,93,93,93],"card_choices":[{"not_picked":["Wild Strike","Warcry"],"picked":"Clothesline","floor":1.0},{"not_picked":["Hemokinesis","Flex"],"picked":"Offering","floor":2.0},{"not_picked":["Thunderclap","Flex"],"picked":"Armaments","floor":4.0},{"not_picked":["Dark Embrace","Reckless Charge"],"picked":"Anger","floor":8.0},{"not_picked":["Thunderclap","Double Tap+1"],"picked":"Hemokinesis","floor":11.0},{"not_picked":["Anger","Perfected Strike"],"picked":"Intimidate+1","floor":13.0},{"not_picked":["Double Tap+1","Berserk"],"picked":"Demon Form","floor":16.0},{"not_picked":["Armaments+1","Fire Breathing+1"],"picked":"Shrug It Off+1","floor":18.0},{"not_picked":["Armaments+1","Clash"],"picked":"Metallicize+1","floor":18.0},{"not_picked":["Cleave","Heavy Blade"],"picked":"Warcry+1","floor":22.0},{"not_picked":["Armaments+1","Twin Strike"],"picked":"Corruption","floor":22.0},{"not_picked":["Iron Wave","Cleave"],"picked":"Sentinel+1","floor":31.0},{"not_picked":["Bludgeon","Brutality"],"picked":"Impervious+1","floor":33},{"not_picked":["Perfected Strike","Armaments+1"],"picked":"Havoc+1","floor":35},{"not_picked":["Armaments+1","Clash"],"picked":"Iron Wave+1","floor":35},{"not_picked":["Twin Strike","Pommel Strike"],"picked":"Inflame","floor":38},{"not_picked":["Perfected Strike","Fire Breathing+1"],"picked":"Iron Wave+1","floor":38},{"not_picked":["Headbutt","Iron Wave"],"picked":"True Grit+1","floor":39},{"not_picked":["Armaments+1","Perfected Strike"],"picked":"Sword Boomerang+1","floor":39},{"not_picked":["Corruption","Sever Soul"],"picked":"Infernal Blade+1","floor":40},{"not_picked":["Pommel Strike+1","Warcry+1"],"picked":"Ghostly Armor+1","floor":40},{"not_picked":["Pommel Strike","Clothesline"],"picked":"Anger+1","floor":46},{"not_picked":["Sword Boomerang","Perfected Strike+1"],"picked":"Dual Wield+1","floor":46},{"not_picked":["True Grit+1","Twin Strike+1"],"picked":"Havoc+1","floor":48},{"not_picked":["Twin Strike","Entrench+1"],"picked":"Body Slam","floor":48}],"player_experience":276746,"relics_obtained":[{"floor":9.0,"key":"Eternal Feather"},{"floor":10.0,"key":"Prayer Wheel"},{"floor":11.0,"key":"Toxic Egg 2"},{"floor":13.0,"key":"StoneCalendar"},{"floor":26.0,"key":"Blue Candle"},{"floor":31.0,"key":"War Paint"},{"floor":43,"key":"Pen Nib"}],"event_choices":[{"damage_healed":0.0,"max_hp_gain":0.0,"max_hp_loss":0.0,"gold_gain":75.0,"event_name":"World of Goop","player_choice":"Gather Gold","floor":3.0,"gold_loss":0.0,"damage_taken":11.0},{"damage_healed":0.0,"max_hp_gain":0.0,"max_hp_loss":0.0,"gold_gain":0.0,"event_name":"Golden Idol","player_choice":"Ignored","floor":5.0,"gold_loss":0.0,"damage_taken":0.0},{"damage_healed":0.0,"max_hp_gain":0.0,"max_hp_loss":0.0,"gold_gain":0.0,"event_name":"Upgrade Shrine","player_choice":"Upgraded","floor":7.0,"gold_loss":0.0,"damage_taken":0.0,"cards_upgraded":["Armaments"]},{"damage_healed":0.0,"max_hp_gain":5.0,"max_hp_loss":0.0,"gold_gain":0.0,"event_name":"Big Fish","player_choice":"Donut","floor":12.0,"gold_loss":0.0,"damage_taken":0.0},{"damage_healed":0.0,"max_hp_gain":0.0,"max_hp_loss":0.0,"gold_gain":0.0,"event_name":"Drug Dealer","player_choice":"Obtain J.A.X.","floor":19.0,"gold_loss":0.0,"damage_taken":0.0,"cards_obtained":["J.A.X."]},{"damage_healed":0.0,"max_hp_gain":0.0,"max_hp_loss":0.0,"gold_gain":0.0,"event_name":"The Mausoleum","player_choice":"Opened","floor":20.0,"gold_loss":0.0,"damage_taken":0.0,"relics_obtained":["WingedGreaves"],"cards_obtained":["Writhe"]},{"damage_healed":0.0,"max_hp_gain":0.0,"max_hp_loss":0.0,"gold_gain":0.0,"event_name":"Back to Basics","player_choice":"Simplicity","floor":21.0,"gold_loss":0.0,"damage_taken":0.0,"cards_upgraded":["Strike_R","Strike_R","Defend_R","Defend_R","Defend_R"]},{"cards_removed":["Writhe"],"damage_healed":0.0,"max_hp_gain":0.0,"max_hp_loss":0.0,"gold_gain":0.0,"event_name":"Beggar","player_choice":"Gave Gold","floor":27.0,"gold_loss":75.0,"damage_taken":0.0},{"damage_healed":0,"gold_gain":0,"player_choice":"Paid","damage_taken":0,"relics_obtained":["Red Mask"],"max_hp_gain":0,"max_hp_loss":0,"event_name":"Tomb of Lord Red Mask","floor":36,"gold_loss":188},{"cards_removed":["Sentinel"],"damage_healed":6,"gold_gain":0,"player_choice":"Offered Uncommon","damage_taken":0,"max_hp_gain":0,"max_hp_loss":0,"event_name":"Bonfire Elementals","floor":37,"gold_loss":0},{"cards_removed":["Strike_R"],"damage_healed":0,"gold_gain":0,"player_choice":"Upgrade and Remove","damage_taken":0,"max_hp_gain":0,"max_hp_loss":0,"event_name":"Designer","floor":45,"gold_loss":90,"cards_upgraded":["Inflame"]}],"is_beta":false,"boss_relics":[{"not_picked":["Velvet Choker","Empty Cage"],"picked":"Astrolabe"},{"not_picked":["Runic Cube","Tiny House"],"picked":"Sozu"}],"items_purged_floors":[14],"is_endless":false,"potions_floor_spawned":[4,16,18,22,40,48],"killed_by":"Time Eater","ascension_level":4}}