{"host":"test","time":1611835921,"event":{"mods":["BaseMod","Colored Map","Colored Powertips","Minty Spire (QoL Compilation)","Relic Stats","Slay the Relics Exporter","SpireBot","StSLib","ojb\u0027s Better Paths Mod","ojb\u0027s Info Mod"],"gold_per_floor":[114,114,114,133,133,133,133,133],"floor_reached":7,"language":"JPN","playtime":154,"items_purged":[],"score":78,"play_id":"7f5f36ba-2565-4468-8bef-ac092593b84a","local_time":"20210128211201","is_ascension_mode":true,"campfire_choices":[{"data":"Eruption","floor":6,"key":"SMITH"}],"circlet_count":0,"master_deck":["AscendersBane","Strike_P+1","Strike_P","Strike_P","Strike_P","Defend_P","Defend_P+1","Defend_P","Defend_P","Eruption+1","Vigilance","ReachHeaven","Weave"],"relics":["Black Star","Centennial Puzzle"],"acts_visited":["Exordium"],"potions_floor_usage":[],"damage_taken":[{"damage":1,"enemies":"Small Slimes","floor":1,"turns":4},{"damage":0,"enemies":"2 Louse","floor":4,"turns":2},{"damage":44,"enemies":"3 Sentries","floor":7,"turns":4}],"seed_played":"-7288338463155022531","potions_obtained":[{"floor":1,"key":"PowerPotion"},{"floor":4,"key":"FearPotion"}],"is_trial":false,"path_per_floor":["M","?","?","M","?","R","E"],"character_chosen":"WATCHER","items_purchased":[],"campfire_rested":0,"item_purchase_floors":[],"current_hp_per_floor":[60,40,40,40,40,40,0,0],"gold":133,"neow_bonus":"BOSS_RELIC","is_daily":false,"chose_seed":true,"campfire_upgraded":1,"win_rate":0.0,"timestamp":1611835921,"path_taken":["M","?","?","?","?","R","E"],"items_purchased_type":[],"build_version":"2020-12-18","purchased_purges":0,"victory":false,"max_hp_per_floor":[68,68,68,68,68,68,68,68],"relic_stats":{"Centennial Puzzle":[3],"counters":[3,10],"Black Star":0,"obtain_stats":[{"Centennial Puzzle":3,"Black Star":0,"PureWater":0},{"Centennial Puzzle":1,"Black Star":0,"PureWater":0},{"Centennial Puzzle":4,"Black Star":0,"PureWater":0}]},"card_choices":[{"not_picked":["WaveOfTheHand","Crescendo"],"picked":"ReachHeaven","floor":1},{"not_picked":["Halt","Evaluate"],"picked":"Weave","floor":4}],"player_experience":2007907,"relics_obtained":[],"event_choices":[{"damage_healed":0,"gold_gain":0,"player_choice":"Entered Light","damage_taken":20,"max_hp_gain":0,"max_hp_loss":0,"event_name":"Shining Light","floor":2,"gold_loss":0,"cards_upgraded":["Strike_P","Defend_P"]},{"damage_healed":0,"gold_gain":0,"player_choice":"Gave Potion","damage_taken":0,"relics_obtained":["Centennial Puzzle"],"max_hp_gain":0,"max_hp_loss":0,"event_name":"WeMeetAgain","floor":3,"gold_loss":0},{"damage_healed":0,"gold_gain":0,"player_choice":"Ignored","damage_taken":0,"max_hp_gain":0,"max_hp_loss":0,"event_name":"Liars Game","floor":5,"gold_loss":0}],"is_beta":true,"boss_relics":[],"items_purged_floors":[],"is_endless":false,"potions_floor_spawned":[1,4],"killed_by":"3 Sentries","ascension_level":20}}