{"host":"fqepcc6wiujntn7y","time":1611849827,"event":{"mods":["AchievementEnabler","BaseMod","Minty Spire (QoL Compilation)","Quick Restart","Remove Card Discount Mod","Replay The Spire","StSLib","The Jungle"],"gold_per_floor":[109,122,122,31,42,75,75,93,93,126,140,172,192,218,218,319,319,338,148,158,173,222,222,257,257,257,275,275,275],"floor_reached":28,"language":"ENG","playtime":1821,"items_purged":["Strike_G","Strike_G","Strike_G","Defend_G","Defend_G","Defend_G"],"score":284,"play_id":"2b75f53f-545a-4624-a09f-82f911050981","local_time":"20210128160347","is_ascension_mode":true,"campfire_choices":[{"data":"Noxious Fumes","floor":7,"key":"SMITH"},{"floor":15,"key":"REST"},{"floor":23,"key":"REST"},{"floor":25,"key":"REST"}],"circlet_count":0,"master_deck":["Strike_G","Strike_G","Defend_G","Defend_G","Survivor","Neutralize","Prepared","Noxious Fumes+1","Footwork","Sucker Punch","Blade Dance","Catalyst","ReplayTheSpireMod:Necrosis","Finisher","Accuracy","Accuracy","Burst","Sucker Punch","Noxious Fumes","Noxious Fumes","Blade Dance","Dramatic Entrance","Cloak And Dagger","Dagger Spray","Replay:Bag of Tricks","Well Laid Plans+1","Accuracy","Deadly Poison"],"relics":["Ring of the Snake","Dream Catcher","Shuriken","The Courier","HornCleat","Darkstone Periapt","Ring of Chaos","Smiling Mask","Prayer Wheel","Replay:Bottled Flurry"],"acts_visited":["Exordium","TheCity"],"potions_floor_usage":[10,24,28],"damage_taken":[{"damage":2,"enemies":"2 Louse","floor":1,"turns":3},{"damage":6,"enemies":"Cultist","floor":2,"turns":4},{"damage":0,"enemies":"Small Slimes","floor":5,"turns":5},{"damage":1,"enemies":"Lagavulin","floor":6,"turns":9},{"damage":2,"enemies":"Blue Slaver","floor":8,"turns":4},{"damage":5,"enemies":"Gremlin Nob","floor":10,"turns":3},{"damage":4,"enemies":"Looter","floor":11,"turns":3},{"damage":14,"enemies":"3 Sentries","floor":12,"turns":7},{"damage":0,"enemies":"Large Slime","floor":13,"turns":3},{"damage":3,"enemies":"Lagavulin","floor":14,"turns":5},{"damage":10,"enemies":"Slime Boss","floor":16,"turns":7},{"damage":25,"enemies":"Shell Parasite","floor":18,"turns":5},{"damage":0,"enemies":"Spheric Guardian","floor":20,"turns":1},{"damage":13,"enemies":"Shelled Parasite and Fungi","floor":21,"turns":5},{"damage":29,"enemies":"Replay:Snechameleon","floor":24,"turns":6},{"damage":24,"enemies":"Sentry and Sphere","floor":27,"turns":5},{"damage":40,"enemies":"Slavers","floor":28,"turns":3}],"seed_played":"5391427637380758575","potions_obtained":[{"floor":1,"key":"SteroidPotion"},{"floor":3,"key":"DuplicationPotion"},{"floor":3,"key":"Block Potion"},{"floor":13,"key":"Poison Potion"}],"is_trial":false,"path_per_floor":["M","M","?","$","M","E","R","M","T","E","M","E","M","E","R","B",null,"M","$","M","M","T","R","E","R","T","M","E"],"character_chosen":"THE_SILENT","items_purchased":["Footwork","Noxious Fumes","Noxious Fumes","Blade Dance","Dramatic Entrance"],"campfire_rested":3,"item_purchase_floors":[4,19,19,19,19],"current_hp_per_floor":[75,69,69,69,69,68,68,66,66,61,57,43,43,40,63,53,77,52,52,52,39,39,62,33,56,56,32,0,0],"gold":275,"neow_bonus":"TEN_PERCENT_HP_BONUS","is_daily":false,"chose_seed":false,"campfire_upgraded":1,"win_rate":0.0,"timestamp":1611849827,"path_taken":["M","M","?","$","M","E","R","M","T","E","M","E","M","E","R","BOSS","M","$","M","?","?","R","E","R","T","M","E"],"items_purchased_type":["Card","Card","Card","Card","Card"],"build_version":"2020-12-22","purchased_purges":6,"victory":false,"max_hp_per_floor":[77,77,77,77,77,77,77,77,77,77,77,77,77,77,77,77,77,77,77,77,77,77,77,77,77,77,77,77,77],"card_choices":[{"not_picked":["Calculated Gamble","Sneak Up"],"picked":"Prepared","floor":1},{"not_picked":["Slice","Toxin Wave"],"picked":"Noxious Fumes","floor":2},{"not_picked":["Flechettes","Backflip"],"picked":"Sucker Punch","floor":5},{"not_picked":["Underhanded Strike","Poisoned Stab"],"picked":"Blade Dance","floor":6},{"not_picked":["ReplayTheSpireMod:The Works","Dagger Spray"],"picked":"Catalyst","floor":8},{"not_picked":["Heel Hook","Slice"],"picked":"ReplayTheSpireMod:Necrosis","floor":10},{"not_picked":["Acrobatics","Sucker Punch"],"picked":"Finisher","floor":11},{"not_picked":["Quick Slash","Finisher","Outmaneuver"],"picked":"SKIP","floor":12},{"not_picked":["Outmaneuver","ReplayTheSpireMod:Tripwire"],"picked":"Accuracy","floor":13},{"not_picked":["Poison Darts","Flechettes"],"picked":"Accuracy","floor":14},{"not_picked":["Malaise","Venomology"],"picked":"Burst","floor":16},{"not_picked":["Acrobatics","Slice"],"picked":"Sucker Punch","floor":18},{"not_picked":["Draining Mist","Deflect"],"picked":"Cloak And Dagger","floor":20},{"not_picked":["Riddle With Holes+1","Terror"],"picked":"Dagger Spray","floor":21},{"not_picked":["Slice","Dodge and Roll+1"],"picked":"Replay:Bag of Tricks","floor":24},{"not_picked":["Predator+1","Outmaneuver"],"picked":"Well Laid Plans+1","floor":25},{"not_picked":["Calculated Gamble","Reflex"],"picked":"Accuracy","floor":27},{"not_picked":["Terror+1","Endless Agony"],"picked":"Deadly Poison","floor":27}],"player_experience":91214,"relics_obtained":[{"floor":6,"key":"Dream Catcher"},{"floor":9,"key":"Shuriken"},{"floor":10,"key":"The Courier"},{"floor":12,"key":"HornCleat"},{"floor":14,"key":"Darkstone Periapt"},{"floor":22,"key":"Smiling Mask"},{"floor":24,"key":"Prayer Wheel"},{"floor":26,"key":"Replay:Bottled Flurry"}],"event_choices":[{"damage_healed":0,"gold_gain":0,"player_choice":"Got Potions","damage_taken":0,"max_hp_gain":0,"max_hp_loss":0,"event_name":"Lab","floor":3,"gold_loss":0}],"is_beta":false,"boss_relics":[{"not_picked":["Replay:Fungal Core","Kintsugi"],"picked":"Ring of Chaos"}],"items_purged_floors":[4,4,4,4,4,4],"is_endless":false,"potions_floor_spawned":[1,11,13,14,20,27],"killed_by":"Slavers","ascension_level":1}}