{"host":"\u003c无名\u003e","time":1611828167,"event":{"mods":["BaseMod","Decade(王小明)","Downfall","Lobotomy","Minty Spire (QoL Compilation)","Quick Restart","Remilia（蕾米莉亚）","Replay The Spire","Robot Space Explorer","StSLib","The Bug Knight"],"gold_per_floor":[349,359,370,386,461,548,548,560,576,591,609,644,644,674,688,688,688],"floor_reached":16,"language":"ZHS","playtime":1144,"items_purged":[],"score":139,"play_id":"8fea2068-4d6f-4d89-8f6a-277203be6e01","local_time":"20210128180247","is_ascension_mode":true,"campfire_choices":[{"data":"Defend_RM","floor":1,"key":"PURGE"}],"circlet_count":0,"master_deck":["Strike_RM+1","Strike_RM","Strike_RM","Defend_RM","Defend_RM","Defend_RM","RedMoon","ScarletShoot","Parasite","RedRainbow","StarOfDavid+1","ScarletImprint","ReplayTheSpireMod:Splinters","RedNightlessCastle","HeartBreak","Stigmanizer","TransientEternity","VampireClaw","AfternoonTea","ScarletDevilSign","Maim","ScarletDream","BloodHunter"],"relics":["ScarletHat","Strawberry","Ice Cream","Whetstone","Anchor"],"acts_visited":["Exordium"],"potions_floor_usage":[11,14,14,14],"damage_taken":[{"damage":6,"enemies":"Jaw Worm","floor":2,"turns":5},{"damage":0,"enemies":"2 Louse","floor":3,"turns":4},{"damage":0,"enemies":"Cultist","floor":4,"turns":5},{"damage":25,"enemies":"Large Slime","floor":8,"turns":9},{"damage":0,"enemies":"Exordium Wildlife","floor":9,"turns":1},{"damage":13,"enemies":"Blue Slaver","floor":10,"turns":3},{"damage":10,"enemies":"Exordium Thugs","floor":11,"turns":3},{"damage":13,"enemies":"HollowMod:MossKnight","floor":12,"turns":7},{"damage":74,"enemies":"Lagavulin","floor":14,"turns":5},{"damage":0,"enemies":"Exordium Wildlife","floor":15,"turns":2},{"damage":19,"enemies":"Fading Forest","floor":16,"turns":7}],"seed_played":"-8198006996708937019","potions_obtained":[{"floor":2,"key":"EssenceOfSteel"},{"floor":8,"key":"Slimebound:ThreeZeroPotion"},{"floor":9,"key":"Adrenaline Potion"},{"floor":12,"key":"DuplicationPotion"}],"is_trial":false,"path_per_floor":["R","M","M","M","?","?","T","M","M","M","M","E","?","E","M","B"],"character_chosen":"REMILIA","items_purchased":[],"campfire_rested":0,"item_purchase_floors":[],"current_hp_per_floor":[75,69,71,72,61,68,68,44,44,33,24,13,13,12,13,0,0],"gold":688,"neow_bonus":"TWO_FIFTY_GOLD","is_daily":false,"chose_seed":false,"campfire_upgraded":0,"win_rate":0.0,"timestamp":1611828167,"path_taken":["R","M","M","M","?","?","T","M","?","M","M","E","?","E","M","BOSS"],"items_purchased_type":[],"build_version":"2020-12-18","purchased_purges":0,"victory":false,"max_hp_per_floor":[75,75,75,75,75,82,82,82,82,82,82,82,82,82,82,82,82],"card_choices":[{"not_picked":["UnderTheZenith","StarOfDavid"],"picked":"RedRainbow","floor":2},{"not_picked":["EmergencyRegeneration","GlobalNightmare"],"picked":"StarOfDavid","floor":3},{"not_picked":["UnstableMagic","UnderTheZenith"],"picked":"ScarletImprint","floor":4},{"not_picked":["DiffusionOfMisfortune","BombardNight"],"picked":"RedNightlessCastle","floor":6},{"not_picked":["RedNightlessCastle","VampireKiss"],"picked":"HeartBreak","floor":6},{"not_picked":["BloodHunter","Septette"],"picked":"Stigmanizer","floor":8},{"not_picked":["BlasphemousPunishment","UnstableMagic"],"picked":"TransientEternity","floor":9},{"not_picked":["StarOfDavid","FavorOfDestiny"],"picked":"VampireClaw","floor":10},{"not_picked":["MillenniumVampire","RedRainbow"],"picked":"AfternoonTea","floor":11},{"not_picked":["CharismaGuard","MiserableFate"],"picked":"ScarletDevilSign","floor":12},{"not_picked":["BlasphemousPunishment","LeisurelyOfLord"],"picked":"ScarletDream","floor":14},{"not_picked":["ForbiddenFruit","UnstableMagic"],"picked":"BloodHunter","floor":15}],"player_experience":594836,"relics_obtained":[{"floor":6,"key":"Strawberry"},{"floor":7,"key":"Ice Cream"},{"floor":12,"key":"Whetstone"},{"floor":14,"key":"Anchor"}],"event_choices":[{"damage_healed":0,"gold_gain":75,"player_choice":"Gather Gold","damage_taken":11,"max_hp_gain":0,"max_hp_loss":0,"event_name":"World of Goop","floor":5,"gold_loss":0},{"damage_healed":0,"gold_gain":0,"cards_transformed":["Strike_RM"],"player_choice":"Change","damage_taken":0,"max_hp_gain":0,"max_hp_loss":0,"event_name":"Living Wall","floor":13,"gold_loss":0,"cards_obtained":["Maim"]}],"is_beta":true,"boss_relics":[],"items_purged_floors":[],"is_endless":false,"potions_floor_spawned":[2,8,9,10,12],"killed_by":"Fading Forest","ascension_level":4}}