{"host":"zwuytn9vh5b8tdl7","time":1611809373,"event":{"mods":["AchievementEnabler","BaseMod","Colored Powertips","GifTheSpireLib","Minty Spire (QoL Compilation)","Rare Cards Sparkle","StSLib","The Animator"],"gold_per_floor":[124,137,68,68,78,106,106,129,129,149,160,160,178,143,143,143,143],"floor_reached":16,"language":"ENG","playtime":787,"items_purged":[],"score":104,"play_id":"baaa1bfd-880f-46c2-852e-d854d960b0ed","local_time":"20210127234933","is_ascension_mode":false,"campfire_choices":[{"floor":7,"key":"REST"},{"floor":15,"key":"REST"}],"circlet_count":0,"master_deck":["animator:Strike_Fate","animator:Defend_Fate","animator:Strike","animator:Strike","animator:Strike","animator:Defend","animator:Defend","animator:Defend","animator:Alexander","animator:Rider","animator:MumenRider","animator:Megumin+9","animator:Darkness","animator:Kazuma","animator:Kazuma","animator:EmiyaShirou","animator:Geryuganshoop","Injury"],"relics":["animator:LivingPicture","animator:TheMissingPiece","Blood Vial","The Courier","Golden Idol"],"acts_visited":["Exordium"],"potions_floor_usage":[16,16],"damage_taken":[{"damage":1,"enemies":"Cultist","floor":1,"turns":4},{"damage":0,"enemies":"2 Louse","floor":2,"turns":2},{"damage":1,"enemies":"Small Slimes","floor":5,"turns":3},{"damage":54,"enemies":"3 Sentries","floor":6,"turns":21},{"damage":7,"enemies":"Exordium Thugs","floor":8,"turns":3},{"damage":8,"enemies":"Looter","floor":10,"turns":5},{"damage":0,"enemies":"2 Fungi Beasts","floor":11,"turns":2},{"damage":3,"enemies":"3 Louse","floor":13,"turns":3},{"damage":76,"enemies":"Slime Boss","floor":16,"turns":8}],"seed_played":"2529301170041783778","potions_obtained":[{"floor":5,"key":"SteroidPotion"},{"floor":8,"key":"Swift Potion"},{"floor":10,"key":"AttackPotion"}],"is_trial":false,"path_per_floor":["M","M","$","?","M","E","R","M","T","M","M","?","M","?","R","B"],"character_chosen":"THE_ANIMATOR","items_purchased":["animator:Darkness"],"campfire_rested":2,"item_purchase_floors":[3],"current_hp_per_floor":[71,71,71,71,70,16,37,32,32,27,29,29,28,46,67,0,0],"gold":143,"neow_bonus":"TEN_PERCENT_HP_BONUS","is_daily":false,"chose_seed":false,"campfire_upgraded":0,"win_rate":0.0,"timestamp":1611809373,"path_taken":["M","M","$","?","M","E","R","M","T","M","M","?","M","?","R","BOSS"],"items_purchased_type":["Card"],"build_version":"2020-12-22","purchased_purges":0,"victory":false,"max_hp_per_floor":[72,72,72,72,72,72,72,72,72,73,73,73,73,73,73,73,73],"card_choices":[{"not_picked":["animator:Genos","animator:Cocytus"],"picked":"animator:MumenRider","floor":1},{"not_picked":["animator:Assassin","animator:Mitsurugi"],"picked":"animator:Megumin","floor":2},{"not_picked":["animator:Millim","animator:Genos"],"picked":"animator:Kazuma","floor":5},{"not_picked":["animator:Vanir","animator:Darkness"],"picked":"animator:Kazuma","floor":6},{"not_picked":["animator:Kazuma","animator:YuiTsuruno"],"picked":"animator:EmiyaShirou","floor":8},{"not_picked":["animator:FielNirvalen","animator:OrikoMikuni"],"picked":"animator:Geryuganshoop","floor":10},{"not_picked":["animator:SakuraMatou","animator:Illya"],"picked":"animator:Megumin","floor":11},{"not_picked":["animator:Mitsurugi","animator:YunYun"],"picked":"animator:Megumin","floor":13}],"player_experience":340137,"relics_obtained":[{"floor":6,"key":"Blood Vial"},{"floor":9,"key":"The Courier"}],"event_choices":[{"damage_healed":0,"gold_gain":0,"player_choice":"Grow","damage_taken":0,"max_hp_gain":0,"max_hp_loss":0,"event_name":"Living Wall","floor":4,"gold_loss":0,"cards_upgraded":["animator:Megumin"]},{"damage_healed":0,"gold_gain":0,"player_choice":"Take Wound","damage_taken":0,"relics_obtained":["Golden Idol"],"max_hp_gain":0,"max_hp_loss":0,"event_name":"Golden Idol","floor":12,"gold_loss":0,"cards_obtained":["Injury"]},{"damage_healed":18,"gold_gain":0,"player_choice":"Healed","damage_taken":0,"max_hp_gain":0,"max_hp_loss":0,"event_name":"The Cleric","floor":14,"gold_loss":35}],"is_beta":false,"boss_relics":[],"items_purged_floors":[],"is_endless":false,"potions_floor_spawned":[5,8,10],"killed_by":"Slime Boss","ascension_level":0}}