{"host":"0ricjaa7rfq9v76t","time":1611822483,"event":{"mods":["AchievementEnabler","Aspiration","BaseMod","Better Altar","Better Match","Better Sensory Stone","Better Skull","Better Vampires","BetterRewards","Colored Powertips","Downfall","Energized Spire","Highlight Path","Hubris","Infinite Spire","Minty Spire (QoL Compilation)","Quick Restart","Rare Cards Sparkle","Relic Sorter","Reliquary","Replay The Spire","StSLib","SuperFastMode","Synergy Search","The Cursed","The Disciple","The Jungle","The Marked","The Mystic","Uncapped"],"gold_per_floor":[110,126,201,221,238,238,252,252,278,278,288,303,303,318,318,421,421,438,454,75,94,94,119,119,119,119,119,119,119,119],"floor_reached":29,"language":"ENG","playtime":1136,"items_purged":["Strike_B"],"score":337,"play_id":"05db8436-ea90-4966-8962-bf60de8046e4","local_time":"20210128162803","is_ascension_mode":false,"campfire_choices":[{"data":"Zap","floor":8.0,"key":"SMITH"},{"floor":15.0,"key":"REST"}],"circlet_count":0,"master_deck":["Defend_B","Defend_B","Defend_B","Defend_B","Zap+1","Dualcast","Gash","Gash","Biased Cognition","Double Energy","Streamline","hubris:DoWhile","Turbo","Turbo","ReplayGash","ReplayGash","Time Bomb","Enlightenment","Impatience","Slimebound:Tackle+1","Slimebound:Tackle+1","Slimebound:Tackle+1","Normality"],"relics":["Cracked Core","reliquary:BoilingFlask","hubris:Icosahedron","Replay:Antivirus Software","CaptainsWheel","reliquary:ExpiredCoupon","hubris:RunicObelisk","hubris:SoftwareUpdate","Strawberry","Ring of Shattering","reliquary:WeakTea"],"acts_visited":["TheCity"],"potions_floor_usage":[],"damage_taken":[{"damage":1.0,"enemies":"Cultist","floor":1.0,"turns":3.0},{"damage":3.0,"enemies":"2 Louse","floor":2.0,"turns":3.0},{"damage":5.0,"enemies":"Small Slimes","floor":4.0,"turns":2.0},{"damage":11.0,"enemies":"Exordium Wildlife","floor":5.0,"turns":3.0},{"damage":12.0,"enemies":"Large Slime","floor":7.0,"turns":4.0},{"damage":5.0,"enemies":"Looter","floor":11.0,"turns":3.0},{"damage":4.0,"enemies":"2 Fungi Beasts","floor":12.0,"turns":3.0},{"damage":14.0,"enemies":"Gremlin Gang","floor":14.0,"turns":4.0},{"damage":32.0,"enemies":"The Guardian","floor":16.0,"turns":9.0},{"damage":16.0,"enemies":"Chosen","floor":18.0,"turns":5.0},{"damage":20.0,"enemies":"3 Byrds","floor":19.0,"turns":5.0},{"damage":19.0,"enemies":"Sentry and Sphere","floor":21.0,"turns":5.0},{"damage":25.0,"enemies":"Replay:Snechameleon","floor":23.0,"turns":4.0},{"damage":13,"enemies":"Shelled Parasite and Fungi","floor":29,"turns":1}],"seed_played":"-8789334943940133182","potions_obtained":[{"floor":2.0,"key":"BlessingOfTheForge"},{"floor":4.0,"key":"Energy Potion"},{"floor":7.0,"key":"sneckomod:MuddlingPotion"},{"floor":18.0,"key":"FearPotion"}],"is_trial":false,"path_per_floor":["M","M","?","M","M","?","M","R","T","AVR","M","M","?","M","R","B",null,"M","M","$","M","?","E","?","?","T","PTL","PTL","M"],"character_chosen":"DEFECT","items_purchased":["Replay:Antivirus Software","Gash","hubris:SoftwareUpdate","ReplayGash"],"campfire_rested":1,"item_purchase_floors":[0,0,20,20],"current_hp_per_floor":[55,52,41,36,25,75,63,63,63,63,58,54,54,40,62,30,75,59,46,46,27,27,9,9,9,9,9,9,0,0],"gold":119,"neow_bonus":"","is_daily":false,"chose_seed":false,"campfire_upgraded":1,"win_rate":0.0,"timestamp":1611822483,"path_taken":["M","?","?","M","M","?","M","R","T","AVR","?","M","?","M","R","BOSS","M","M","$","M","?","E","?","?","T","PTL","PTL","M"],"items_purchased_type":["Relic","Card","Relic","Card"],"build_version":"2020-12-22","purchased_purges":1,"victory":false,"max_hp_per_floor":[75,75,75,75,75,75,75,75,75,75,75,75,75,75,75,75,75,75,75,75,75,75,82,82,82,82,82,82,82,82],"card_choices":[{"not_picked":["Sweeping Beam","Sunder","Panic Button"],"picked":"SKIP","floor":1.0},{"not_picked":["Sweeping Beam","Steam"],"picked":"hubris:Ukulele","floor":2.0},{"not_picked":["Lockon","Beam Cell","Barrage"],"picked":"SKIP","floor":4.0},{"not_picked":["Ball Lightning","Sweeping Beam"],"picked":"Gash","floor":5.0},{"not_picked":["Force Field","Conserve Battery"],"picked":"Biased Cognition","floor":7.0},{"not_picked":["Beam Cell","Panic Button","Go for the Eyes"],"picked":"SKIP","floor":11.0},{"not_picked":["BasicCrystalCard","Aggregate"],"picked":"Double Energy","floor":12.0},{"not_picked":["Cold Snap","Sweeping Beam"],"picked":"Streamline","floor":14.0},{"not_picked":["All For One","Rainbow"],"picked":"hubris:DoWhile","floor":16.0},{"not_picked":["aspiration:Polymerization","Sunder"],"picked":"Turbo","floor":18.0},{"not_picked":["Rebound+1","Redo"],"picked":"Turbo","floor":19.0},{"not_picked":["Leap","BasicCrystalCard"],"picked":"Time Bomb","floor":21.0},{"not_picked":["ReplayTheSpireMod:Trickstab","HandOfGreed"],"picked":"Enlightenment","floor":22.0},{"not_picked":["Flash of Steel","Jack Of All Trades"],"picked":"Impatience","floor":22.0},{"not_picked":["ReplayTheSpireMod:Omega Cannon","Sweeping Beam+1","Rebound"],"picked":"SKIP","floor":23.0}],"player_experience":227351,"relics_obtained":[{"floor":9.0,"key":"reliquary:ExpiredCoupon"},{"floor":23.0,"key":"Strawberry"},{"floor":25.0,"key":"Ring of Shattering"},{"floor":26.0,"key":"reliquary:WeakTea"}],"event_choices":[{"damage_healed":0.0,"max_hp_gain":0.0,"max_hp_loss":0.0,"gold_gain":75.0,"event_name":"World of Goop","player_choice":"Gather Gold","floor":3.0,"gold_loss":0.0,"damage_taken":11.0},{"cards_removed":["hubris:Ukulele"],"damage_healed":50.0,"max_hp_gain":0.0,"max_hp_loss":0.0,"gold_gain":0.0,"event_name":"Bonfire Elementals","player_choice":"Offered Uncommon","floor":6.0,"gold_loss":0.0,"damage_taken":0.0},{"damage_healed":0.0,"max_hp_gain":0.0,"max_hp_loss":0.0,"gold_gain":2.0,"event_name":"betterStone:BetterStone","player_choice":"1","floor":22.0,"gold_loss":0.0,"damage_taken":0.0}],"is_beta":false,"boss_relics":[{"not_picked":["bronze:MakeshiftBattery","Snecko Eye"],"picked":"hubris:RunicObelisk"}],"items_purged_floors":[20],"is_endless":false,"potions_floor_spawned":[2,4,7,14,18],"killed_by":"Shelled Parasite and Fungi","ascension_level":0}}