{"host":"58njlu7hme3ojrlz","time":1611805481,"event":{"mods":["AchievementEnabler","Act Like it!","Arknights The Spire","BaseMod","Block Reminder","Colored Map","Colored Powertips","DeckTracker","Downfall","Gensokyo","Hallownest","Highlight Path","Infinite Spire","Marisa????????","Minty Spire (QoL Compilation)","Relic Sorter","Replay The Spire","StSLib","The Alterego","The Bug Knight","The Servant 0.9.4","The Wild Card"],"gold_per_floor":[152,162,172,7,19,35,35,35,55,55,40,40,33,33,53,53,63,74,74,74,74],"floor_reached":19,"language":"ENG","playtime":1499,"items_purged":[],"score":111,"play_id":"3e5b5139-102b-475f-9da8-3383acde70d3","local_time":"20210128104441","is_ascension_mode":false,"campfire_choices":[{"floor":16,"key":"REST"}],"circlet_count":0,"master_deck":["hexamod:Strike","hexamod:Strike","hexamod:Strike","hexamod:Strike+1","hexamod:Defend","hexamod:Defend","hexamod:Defend","hexamod:Defend","hexamod:Sear","hexamod:Float","hexamod:ChargedBarrage","hexamod:SkipABeat","hexamod:ExtraCrispy+1","hexamod:SecondSeal","hexamod:HeatCrush","hexamod:Incineration+1","hexamod:HeatCrush","hexamod:NecessarySacrifice","hexamod:Toasty","hexamod:HexaLevel","downfall:Malfunctioning","hexamod:Incineration","hexamod:FourthSeal","hexamod:BurningTouch"],"relics":["Slimebound:PreparedRelic","m_DevilBlood"],"acts_visited":["Exordium"],"potions_floor_usage":[11,19,19,19],"damage_taken":[{"damage":0,"enemies":"Cultist","floor":2,"turns":3},{"damage":1,"enemies":"Jaw Worm","floor":3,"turns":3},{"damage":0,"enemies":"downfall:FleeingMerchant","floor":4,"turns":4},{"damage":7,"enemies":"Small Slimes","floor":5,"turns":3},{"damage":10,"enemies":"2 Fungi Beasts","floor":6,"turns":4},{"damage":8,"enemies":"Red Slaver","floor":9,"turns":3},{"damage":10,"enemies":"downfall:FleeingMerchant","floor":11,"turns":4},{"damage":20,"enemies":"downfall:FleeingMerchant","floor":13,"turns":4},{"damage":23,"enemies":"3 Louse","floor":15,"turns":3},{"damage":2,"enemies":"Blue Slaver","floor":17,"turns":3},{"damage":20,"enemies":"2 Fungi Beasts","floor":18,"turns":4},{"damage":30,"enemies":"IC_STATUS_ARCHETYPE","floor":19,"turns":4}],"seed_played":"5587152514446121599","potions_obtained":[{"floor":3,"key":"DuplicationPotion"},{"floor":15,"key":"Swift Potion"},{"floor":17,"key":"FearPotion"},{"floor":18,"key":"Energy Potion"}],"is_trial":false,"path_per_floor":["R_BF","M","M","$","M","M","PTL","PTL","M","T","$","?","$","?","M","R","M","M","B"],"character_chosen":"THE_SPIRIT","items_purchased":["hexamod:SecondSeal","hexamod:HeatCrush"],"campfire_rested":1,"item_purchase_floors":[4,4],"current_hp_per_floor":[77,77,76,76,69,59,59,59,51,51,41,41,29,29,8,31,33,17,0,0,0],"gold":74,"neow_bonus":"TEN_PERCENT_HP_BONUS","is_daily":false,"chose_seed":false,"campfire_upgraded":0,"win_rate":0.0,"timestamp":1611805481,"path_taken":["R_BF","M","M","$","M","M","PTL","PTL","M","T","$","?","$","?","M","R","M","M","BOSS"],"items_purchased_type":["Card","Card"],"build_version":"2020-12-22","purchased_purges":0,"victory":false,"max_hp_per_floor":[77,77,77,77,77,77,77,77,77,77,77,77,77,77,77,77,77,77,77,77,77],"card_choices":[{"not_picked":["hexamod:SuperheatedStrike","hexamod:SwordOfDarkness"],"picked":"hexamod:ChargedBarrage","floor":2},{"not_picked":["hexamod:GhostLash","hexamod:GhostShield"],"picked":"hexamod:SkipABeat","floor":3},{"not_picked":["hexamod:GhostflameBarrier","hexamod:Firestarter"],"picked":"hexamod:ExtraCrispy","floor":4},{"not_picked":["hexamod:Hexaguard","hexamod:AdvancingGuard"],"picked":"hexamod:Incineration","floor":5},{"not_picked":["hexamod:SpectersWail","hexamod:NightmareStrike"],"picked":"hexamod:HeatCrush","floor":6},{"not_picked":["hexamod:ThermalTransfer","hexamod:NightmareGuise"],"picked":"hexamod:NecessarySacrifice","floor":9},{"not_picked":["hexamod:NightmareGuise","hexamod:Firestarter"],"picked":"hexamod:Toasty","floor":11},{"not_picked":["hexamod:SecondSeal","hexamod:SearingWound"],"picked":"hexamod:HexaLevel","floor":13},{"not_picked":["hexamod:GhostLash","hexamod:GhostShield"],"picked":"hexamod:Incineration","floor":15},{"not_picked":["hexamod:Rewind","hexamod:PhantomFireball"],"picked":"hexamod:FourthSeal","floor":17},{"not_picked":["hexamod:SwordOfDarkness","hexamod:AdvancingGuard"],"picked":"hexamod:BurningTouch","floor":18}],"player_experience":132028,"relics_obtained":[{"floor":10,"key":"Slimebound:PreparedRelic"}],"event_choices":[],"is_beta":false,"boss_relics":[],"items_purged_floors":[],"is_endless":false,"potions_floor_spawned":[3,15,17,18],"killed_by":"IC_STATUS_ARCHETYPE","ascension_level":0}}