{"host":"1gh1pdv85cipbjj7","time":1611805323,"event":{"mods":["BaseMod","Colored Map","Downfall","GifTheSpireLib","Infinite Spire","Minty Spire (QoL Compilation)","Permanent Neow","StSLib","The Jungle"],"gold_per_floor":[99,112,122,21,21,21,90,118,134,134,134,147,147,166,183,288,288,288,303,303,316,331,375,401,28,52,61,78,78,101,130,156,260,260,260,260,260,279,279,279,279],"floor_reached":39,"language":"ENG","playtime":3756,"items_purged":["bronze:Strike"],"score":425,"play_id":"7c945dcf-e037-4b82-a82f-a94a8597df24","local_time":"20210127214203","is_ascension_mode":true,"campfire_choices":[{"data":"Flash of Steel","floor":1,"key":"SMITH"},{"floor":6,"key":"REST"},{"data":"expansioncontent:InvincibleStrength","floor":10,"key":"SMITH"},{"floor":13,"key":"REST"},{"data":"bronze:Deprecate","floor":18,"key":"SMITH"},{"floor":29,"key":"REST"},{"data":"bronze:Mutator","floor":35,"key":"SMITH"}],"circlet_count":0,"master_deck":["bronze:Replicate","Flash of Steel+1","bronze:WildBeam","bronze:ChosenStrike","bronze:CloningBeam+1","expansioncontent:InvincibleStrength+1","bronze:Explode","bronze:Shield","bronze:Overheat","bronze:Optimize","bronze:Frontload","bronze:WhirlingStrike","bronze:Deprecate+1","bronze:CleanCode","bronze:Backtrace","expansioncontent:InvincibleStrength+1","bronze:BronzeOrb","bronze:ClassDefault","bronze:FollowUp","bronze:Repair","bronze:AlphaBuild","bronze:OilSpill","infinitespire:Oblivion","bronze:GetLatest","bronze:Branch","bronze:Repair+1","bronze:Mutator+1"],"relics":["bronze:BronzeCore","Mummified Hand","Ginger","expansioncontent:StudyCardRelic","CeramicFish","Bag of Preparation","Medical Kit","Pandora\u0027s Box","Calling Bell","Smiling Mask","bronze:CableSpool","Calipers","White Beast Statue"],"acts_visited":["Exordium","TheCity","TheBeyond"],"potions_floor_usage":[16,16,33,33],"damage_taken":[{"damage":0,"enemies":"2 Louse","floor":2,"turns":3},{"damage":6,"enemies":"Jaw Worm","floor":3,"turns":2},{"damage":0,"enemies":"downfall:FleeingMerchant","floor":4,"turns":4},{"damage":9,"enemies":"downfall:FleeingMerchant","floor":5,"turns":2},{"damage":9,"enemies":"3 Sentries","floor":8,"turns":3},{"damage":8,"enemies":"infinitespire:Voidling","floor":9,"turns":2},{"damage":7,"enemies":"Blue Slaver","floor":12,"turns":2},{"damage":8,"enemies":"Lots of Slimes","floor":14,"turns":4},{"damage":0,"enemies":"Exordium Wildlife","floor":15,"turns":1},{"damage":50,"enemies":"WA_ARCHETYPE_RETAIN","floor":16,"turns":10},{"damage":10,"enemies":"Spheric Guardian","floor":19,"turns":4},{"damage":0,"enemies":"Chosen","floor":21,"turns":3},{"damage":0,"enemies":"Snake Plant","floor":22,"turns":4},{"damage":19,"enemies":"Slavers","floor":23,"turns":6},{"damage":0,"enemies":"downfall:FleeingMerchant","floor":25,"turns":4},{"damage":0,"enemies":"Snecko","floor":26,"turns":3},{"damage":0,"enemies":"Chosen and Byrds","floor":28,"turns":3},{"damage":1,"enemies":"Snake Plant","floor":30,"turns":3},{"damage":4,"enemies":"3 Cultists","floor":31,"turns":3},{"damage":0,"enemies":"Snecko","floor":32,"turns":5},{"damage":67,"enemies":"DF_ARCHETYPE_CLAW","floor":33,"turns":11},{"damage":10,"enemies":"3 Darklings","floor":38,"turns":4},{"damage":11,"enemies":"infinitespire:Three Voidlings","floor":39,"turns":3},{"damage":90,"enemies":"Nightmare_Alpha","floor":39,"turns":11}],"seed_played":"-5711677630950621780","potions_obtained":[{"floor":2,"key":"Block Potion"},{"floor":3,"key":"Ancient Potion"},{"floor":14,"key":"bronze:CleanCodePotion"},{"floor":21,"key":"EssenceOfSteel"},{"floor":23,"key":"Block Potion"},{"floor":38,"key":"bronze:CleanCodePotion"}],"is_trial":false,"path_per_floor":["R","M","M","$","?","R","T","E","M","R","?","M","R","M","M","B",null,"R","M","?","M","M","E","T","$","M","AVR","M","R","M","M","M","B",null,"R","AVR","?","M","?"],"character_chosen":"THE_AUTOMATON","items_purchased":["expansioncontent:InvincibleStrength","Medical Kit","bronze:AlphaBuild"],"campfire_rested":3,"item_purchase_floors":[4,25,25],"current_hp_per_floor":[70,70,64,64,55,70,70,61,53,53,53,46,67,59,59,9,70,70,60,60,60,60,41,41,41,48,48,48,69,69,65,70,3,70,70,70,70,60,0,0,0],"gold":279,"neow_bonus":"RANDOM_COLORLESS","is_daily":false,"chose_seed":false,"campfire_upgraded":4,"win_rate":0.0,"timestamp":1611805323,"path_taken":["R","M","M","$","?","R","T","E","M","R","?","?","R","M","M","BOSS","R","M","?","M","?","E","T","$","M","AVR","M","R","M","M","M","BOSS","R","AVR","?","?","?"],"items_purchased_type":["Card","Relic","Card"],"build_version":"2020-12-22","purchased_purges":1,"victory":false,"max_hp_per_floor":[70,70,70,70,70,70,70,70,70,70,70,70,70,70,70,70,70,70,70,70,70,70,70,70,70,70,70,70,70,70,70,70,70,70,70,70,70,70,70,70,70],"card_choices":[{"not_picked":["Deep Breath","PanicButton"],"picked":"Flash of Steel","floor":0},{"not_picked":["bronze:BugBarrage","bronze:ItsAFeature"],"picked":"bronze:WildBeam","floor":2},{"not_picked":["bronze:CloningBeam","bronze:Boost"],"picked":"bronze:ChosenStrike","floor":3},{"not_picked":["bronze:WildBeam","bronze:Shield"],"picked":"bronze:CloningBeam","floor":4},{"not_picked":[],"picked":"bronze:Explode","floor":5},{"not_picked":["bronze:Safeguard","bronze:BuggyMess"],"picked":"bronze:Shield","floor":5},{"not_picked":["bronze:Refactor","bronze:FineTuning"],"picked":"bronze:Overheat","floor":8},{"not_picked":["bronze:Assembly","bronze:Shield"],"picked":"bronze:Optimize","floor":9},{"not_picked":["bronze:BitShift","bronze:Optimize"],"picked":"bronze:Frontload","floor":12},{"not_picked":["bronze:Frontload","bronze:Repulsor"],"picked":"bronze:WhirlingStrike","floor":14},{"not_picked":["bronze:ShipIt","bronze:Invalidate"],"picked":"bronze:Deprecate","floor":15},{"not_picked":["bronze:Verify","bronze:ShipIt"],"picked":"bronze:CleanCode","floor":16},{"not_picked":["bronze:BitShift","bronze:Frontload"],"picked":"bronze:Backtrace","floor":19},{"not_picked":["bronze:ForLoop","bronze:GetLatest"],"picked":"bronze:BronzeOrb","floor":21},{"not_picked":["bronze:Fortify","bronze:WhirlingStrike"],"picked":"bronze:ClassDefault","floor":22},{"not_picked":["bronze:BuggyMess","bronze:MaxOutput"],"picked":"bronze:FollowUp","floor":23},{"not_picked":["bronze:WhirlingStrike","bronze:Branch+1"],"picked":"bronze:Repair","floor":25},{"not_picked":["bronze:Iterate","bronze:WildBeam"],"picked":"bronze:OilSpill","floor":26},{"not_picked":["bronze:Shield","bronze:Allocate","bronze:Philosophize+1"],"picked":"SKIP","floor":28},{"not_picked":["bronze:Iterate","bronze:Philosophize+1"],"picked":"bronze:GetLatest","floor":30},{"not_picked":["bronze:Refactor","bronze:ForLoop"],"picked":"bronze:Branch","floor":31},{"not_picked":["bronze:Branch","bronze:CleanCode"],"picked":"bronze:Repair+1","floor":32},{"not_picked":["bronze:Format","bronze:HyperBeam"],"picked":"bronze:Mutator","floor":33},{"not_picked":["bronze:Repulsor+1","bronze:Turbo","bronze:ForLoop"],"picked":"SKIP","floor":38}],"player_experience":773897,"relics_obtained":[{"floor":7,"key":"Mummified Hand"},{"floor":8,"key":"Ginger"},{"floor":23,"key":"CeramicFish"},{"floor":24,"key":"Bag of Preparation"},{"floor":34,"key":"Smiling Mask"},{"floor":34,"key":"bronze:CableSpool"},{"floor":34,"key":"Calipers"}],"event_choices":[],"is_beta":false,"boss_relics":[{"not_picked":["Runic Dome","Coffee Dripper"],"picked":"expansioncontent:StudyCardRelic"},{"not_picked":["Philosopher\u0027s Stone","Runic Pyramid"],"picked":"Calling Bell"}],"items_purged_floors":[25],"is_endless":false,"potions_floor_spawned":[2,3,14,15,21,23,28,38,39],"killed_by":"Nightmare_Alpha","ascension_level":1}}