{"host":"350rh84kbmtekt58","time":1611825564,"event":{"mods":["AchievementEnabler","Act Like it!","BaseMod","Better Synergies","Block Reminder","CapriCore","Challenge The Spire","Colored Map","Colored Powertips","Communication Mod","Downfall","Energized Spire","Friendly Minions","GifTheSpireLib","Highlight Path","Minty Spire (QoL Compilation)","Quick Restart","Replay The Spire","Shop Mod","StSLib","The Animator","The Disciple","The Immortal","The Marked","The Runesmith","The Servant 0.9.4","The Wild Card","Transform Curses","yUi"],"gold_per_floor":[632,18,49,75,119,131,143,155,198,237,284,296,308,10,45,75,100,135],"floor_reached":19,"language":"ENG","playtime":1889,"items_purged":[],"score":468,"play_id":"90c5f32e-7897-496b-939f-d3003af0a26a","local_time":"20210128031924","daily_mods":["challengethespire:Silver Difficulty","challengethespire:Elite Rush","Uncertain Future"],"is_ascension_mode":true,"campfire_choices":[{"data":"BattleHymn","floor":7,"key":"SMITH"},{"floor":8,"key":"REST"},{"floor":13,"key":"REST"}],"circlet_count":0,"master_deck":["AscendersBane","Strike_P","Strike_P","Strike_P","Defend_P","Defend_P","Defend_P","Eruption","Vigilance","SandsOfTime+1","Sadistic Nature+1","ReplayTheSpireMod:Private Reserves","Chrysalis","Wireheading","BattleHymn+1","MasterReality","WaveOfTheHand","LikeWater","Replay:DivineShield","ReachHeaven","Replay:LoomingThreat","Meditate","Replay:DivineShield","DevaForm","TalkToTheHand"],"relics":["PureWater","Black Star","Sling","PreservedInsect","Guide Book","ClockworkSouvenir","Pet Ghost","Guardian:PocketSentry","Replay:PocketPolymizer","MawBank","Omamori","Toy Ornithopter","Snack Pack","energizedSpire:NeverEndingSparkler","Pen Nib","Replay:Baseball","MealTicket","Quantum Egg","Runesmith:Nanobots","Replay:Accelerometer","energizedSpire:OgreHead","Thread and Needle","HornCleat","ReplayTheSpireMod:TigerMarble","Replay:Wax Seal","Boot","Toxic Egg 2","Nunchaku","champ:DeflectingBracers","Oddly Smooth Stone"],"acts_visited":["Exordium"],"potions_floor_usage":[5,15,16,17,18,18,18,18,18,18,18,18,18],"damage_taken":[{"damage":0,"enemies":"Gremlin Nob","floor":3,"turns":2},{"damage":7,"enemies":"3 Sentries","floor":4,"turns":5},{"damage":6,"enemies":"Lagavulin","floor":5,"turns":5},{"damage":15,"enemies":"Gremlin Leader","floor":9,"turns":4},{"damage":30,"enemies":"Slavers","floor":10,"turns":3},{"damage":28,"enemies":"Book of Stabbing","floor":11,"turns":3},{"damage":21,"enemies":"Reptomancer","floor":15,"turns":3},{"damage":1,"enemies":"Giant Head","floor":16,"turns":4},{"damage":0,"enemies":"Nemesis","floor":17,"turns":5},{"damage":57,"enemies":"Shield and Spear","floor":18,"turns":6}],"seed_played":"629622090222652135","potions_obtained":[{"floor":4,"key":"SpeedPotion"},{"floor":11,"key":"hexamod:SoulburnPotion"},{"floor":15,"key":"Regen Potion"},{"floor":16,"key":"Regen Potion"},{"floor":17,"key":"EntropicBrew"}],"is_trial":true,"path_per_floor":["$","$","E","E","E","T","R","R","E","E","E","T","R","$","E","E","E","E",null],"character_chosen":"WATCHER","items_purchased":["SandsOfTime","Sadistic Nature","Guide Book","ClockworkSouvenir","ReplayTheSpireMod:Private Reserves","Pet Ghost","Chrysalis","Wireheading","Thread and Needle"],"campfire_rested":2,"item_purchase_floors":[1,1,1,2,2,2,2,2,14],"current_hp_per_floor":[65,65,65,58,52,52,52,72,59,31,5,5,26,41,27,42,61,51],"gold":135,"neow_bonus":"","is_daily":false,"chose_seed":false,"campfire_upgraded":1,"win_rate":0.0,"timestamp":1611825564,"path_taken":["$","$","E","E","E","T","R","R","E","E","E","T","R","$","E","E","E","E"],"items_purchased_type":["Card","Card","Relic","Relic","Card","Relic","Card","Card","Relic"],"build_version":"2020-12-22","purchased_purges":0,"victory":true,"max_hp_per_floor":[72,72,72,72,72,72,72,72,72,72,72,72,72,72,72,72,72,72],"card_choices":[],"player_experience":199617,"relics_obtained":[{"floor":3,"key":"Guardian:PocketSentry"},{"floor":3,"key":"Replay:PocketPolymizer"},{"floor":4,"key":"MawBank"},{"floor":4,"key":"Omamori"},{"floor":5,"key":"Toy Ornithopter"},{"floor":5,"key":"Snack Pack"},{"floor":9,"key":"Pen Nib"},{"floor":9,"key":"Replay:Baseball"},{"floor":10,"key":"MealTicket"},{"floor":10,"key":"Quantum Egg"},{"floor":11,"key":"Runesmith:Nanobots"},{"floor":11,"key":"Replay:Accelerometer"},{"floor":15,"key":"HornCleat"},{"floor":15,"key":"ReplayTheSpireMod:TigerMarble"},{"floor":16,"key":"Replay:Wax Seal"},{"floor":16,"key":"Boot"},{"floor":17,"key":"Toxic Egg 2"},{"floor":17,"key":"Nunchaku"},{"floor":18,"key":"champ:DeflectingBracers"},{"floor":18,"key":"Oddly Smooth Stone"}],"event_choices":[],"is_beta":false,"boss_relics":[{"not_picked":["Runic Dome","Sozu"],"picked":"energizedSpire:NeverEndingSparkler"},{"not_picked":["ReplayTheSpireMod:DimensionalGlitch","Runic Pyramid"],"picked":"energizedSpire:OgreHead"}],"items_purged_floors":[],"is_endless":false,"potions_floor_spawned":[4,11,15,16,17],"ascension_level":10}}