{"host":"ws1rigs6jhqnf67d","time":1611842769,"event":{"mods":["BaseMod","Friendly Minions","KinomotoSakuraMod(ƒæ÷Æ±æ”£)","Kiyohime£®«Âºß£©","Lobotomy","LobotomyExtend","Marisa£®ÏF”Í°°ƒß¿Ì…≥£©","Minty Spire (QoL Compilation)","Remilia£®¿Ÿ√◊¿Ú—«£©","StSLib","The Bug Knight","The Senshi","Youmu£®ªÍ∆«—˝√Œ£©","[IsaacMod]“‘»ˆº‚À˛"],"gold_per_floor":[117,129,139,139,139,170,170,201,246,259,269,304,318,347,347,347,347],"floor_reached":16,"language":"ZHS","playtime":576,"items_purged":[],"score":259,"play_id":"a1cdb348-4690-4657-aa83-834447ab5212","local_time":"20210128220609","is_ascension_mode":true,"campfire_choices":[{"data":"Poisoned Stab","floor":7,"key":"SMITH"},{"floor":15,"key":"REST"}],"circlet_count":0,"master_deck":["AscendersBane","Strike_G","Strike_G","Strike_G","Strike_G","Strike_G","Defend_G","Defend_G","Defend_G","Defend_G","Defend_G","Survivor","Neutralize+1","Poisoned Stab+1","Backstab","Adrenaline","Catalyst"],"relics":["Ring of the Snake","HushsDoor","The Specimen","BookOfRevelations","LetterFromLob","InkBottle","StoneCalendar","Art of War","ScarletDevilRocket","Omamori"],"acts_visited":["Exordium"],"potions_floor_usage":[6,6,6,8,12,12,13,16],"damage_taken":[{"damage":0,"enemies":"Jaw Worm","floor":1,"turns":7},{"damage":0,"enemies":"Cultist","floor":2,"turns":4},{"damage":0,"enemies":"Small Slimes","floor":3,"turns":5},{"damage":0,"enemies":"Gremlin Nob","floor":6,"turns":3},{"damage":15,"enemies":"Lagavulin","floor":8,"turns":4},{"damage":0,"enemies":"3 Louse","floor":10,"turns":3},{"damage":14,"enemies":"Large Slime","floor":11,"turns":6},{"damage":5,"enemies":"3 Sentries","floor":12,"turns":7},{"damage":0,"enemies":"2 Fungi Beasts","floor":13,"turns":1},{"damage":10,"enemies":"Gremlin Nob","floor":14,"turns":5},{"damage":22,"enemies":"The Guardian","floor":16,"turns":9}],"seed_played":"-7504362015540974454","potions_obtained":[{"floor":1,"key":"FearPotion"},{"floor":2,"key":"EntropicBrew"},{"floor":11,"key":"EntropicBrew"},{"floor":14,"key":"EssenceOfSteel"}],"is_trial":false,"path_per_floor":["M","M","M","?","?","E","R","E","T","M","M","E","M","E","R","B"],"character_chosen":"THE_SILENT","items_purchased":[],"campfire_rested":1,"item_purchase_floors":[],"current_hp_per_floor":[45,45,45,45,45,45,45,30,30,30,16,11,11,1,22,0,0],"gold":347,"neow_bonus":"ONE_RARE_RELIC","is_daily":false,"chose_seed":false,"campfire_upgraded":1,"win_rate":0.0,"timestamp":1611842769,"path_taken":["M","M","M","?","?","E","R","E","T","M","M","E","M","E","R","BOSS"],"items_purchased_type":[],"build_version":"2020-12-22","purchased_purges":0,"victory":false,"max_hp_per_floor":[70,70,70,70,70,70,70,70,70,70,70,70,70,70,70,70,70],"card_choices":[{"not_picked":["Dodge and Roll","All Out Attack"],"picked":"Poisoned Stab","floor":1},{"not_picked":["Masterful Stab","Dagger Spray","Bane"],"picked":"SKIP","floor":2},{"not_picked":["Deflect","Terror"],"picked":"Backstab","floor":3},{"not_picked":["Reflex","Dash"],"picked":"Bomb","floor":6},{"not_picked":["Flying Knee","Cloak And Dagger","PiercingWail"],"picked":"SKIP","floor":8},{"not_picked":["Terror","Bomb"],"picked":"Adrenaline","floor":10},{"not_picked":["Dodge and Roll","Leg Sweep"],"picked":"Catalyst","floor":11},{"not_picked":["Reflex","PiercingWail"],"picked":"Bomb","floor":12},{"not_picked":["Flying Knee","Quick Slash","Endless Agony"],"picked":"SKIP","floor":13},{"not_picked":["Sucker Punch","Bane","Accuracy"],"picked":"SKIP","floor":14}],"player_experience":920110,"relics_obtained":[{"floor":1,"key":"LetterFromLob"},{"floor":6,"key":"InkBottle"},{"floor":8,"key":"StoneCalendar"},{"floor":9,"key":"Art of War"},{"floor":12,"key":"ScarletDevilRocket"},{"floor":14,"key":"Omamori"}],"event_choices":[{"damage_healed":0,"gold_gain":0,"player_choice":"Bought 0 Potions","damage_taken":0,"max_hp_gain":0,"max_hp_loss":0,"event_name":"The Woman in Blue","floor":4,"gold_loss":0},{"damage_healed":0,"gold_gain":0,"player_choice":"Grow","damage_taken":0,"max_hp_gain":0,"max_hp_loss":0,"event_name":"Living Wall","floor":5,"gold_loss":0,"cards_upgraded":["Neutralize"]}],"is_beta":false,"boss_relics":[],"items_purged_floors":[],"is_endless":false,"potions_floor_spawned":[1,2,11,14],"killed_by":"The Guardian","ascension_level":13}}