{"host":"gc0hqzwg2gd3zszy","time":1611834022,"event":{"mods":["BaseMod","DeckTracker","Minty Spire (QoL Compilation)","Relic Stats","SuperFastMode"],"gold_per_floor":[112,112,122,47,59,88,88,98,98,98,123,140,150,179,179,179,179],"floor_reached":16,"language":"KOR","playtime":454,"items_purged":["Strike_R"],"score":244,"play_id":"d7490620-1cc3-4104-9f42-2505e97d1c0b","local_time":"20210128204022","is_ascension_mode":true,"campfire_choices":[{"data":"Anger","floor":7.0,"key":"SMITH"},{"data":"Clothesline","floor":10.0,"key":"SMITH"},{"data":"Uppercut","floor":15.0,"key":"SMITH"}],"circlet_count":0,"master_deck":["AscendersBane","Strike_R","Strike_R","Strike_R","Strike_R","Defend_R","Defend_R","Defend_R","Defend_R","Bash+1","Cleave","Power Through","Anger+1","Dark Embrace","Clothesline+1","Seeing Red","Blood for Blood","Feel No Pain","Uppercut+1"],"relics":["Burning Blood","Ornamental Fan","Eternal Feather","Question Card","Omamori","Shuriken"],"acts_visited":["Exordium"],"potions_floor_usage":[],"damage_taken":[{"damage":9.0,"enemies":"Jaw Worm","floor":1.0,"turns":4.0},{"damage":1.0,"enemies":"Cultist","floor":3.0,"turns":3.0},{"damage":4.0,"enemies":"Small Slimes","floor":5.0,"turns":3.0},{"damage":41.0,"enemies":"3 Sentries","floor":6.0,"turns":11.0},{"damage":9.0,"enemies":"Exordium Wildlife","floor":8.0,"turns":2.0},{"damage":8.0,"enemies":"Gremlin Nob","floor":11.0,"turns":4.0},{"damage":7.0,"enemies":"Exordium Thugs","floor":12.0,"turns":4.0},{"damage":18.0,"enemies":"Large Slime","floor":13.0,"turns":7.0},{"damage":15.0,"enemies":"Lagavulin","floor":14.0,"turns":5.0},{"damage":36,"enemies":"The Guardian","floor":16,"turns":6}],"seed_played":"7499665829853428685","potions_obtained":[{"floor":1.0,"key":"SkillPotion"},{"floor":6.0,"key":"Block Potion"},{"floor":8.0,"key":"FearPotion"}],"is_trial":false,"path_per_floor":["M","?","M","$","M","E","R","M","T","R","E","M","M","E","R","B"],"character_chosen":"IRONCLAD","items_purchased":[],"campfire_rested":0,"item_purchase_floors":[],"current_hp_per_floor":[65,65,70,70,72,37,43,40,40,49,47,46,34,25,34,0,0],"gold":179,"neow_bonus":"UPGRADE_CARD","is_daily":false,"chose_seed":false,"campfire_upgraded":3,"win_rate":0.0,"timestamp":1611834022,"path_taken":["M","?","M","$","?","E","R","?","T","R","E","M","M","E","R","BOSS"],"items_purchased_type":[],"build_version":"2020-12-22","purchased_purges":1,"victory":false,"max_hp_per_floor":[75,75,75,75,75,75,75,75,75,75,75,75,75,75,75,75,75],"relic_stats":{"counters":[10,49],"Ornamental Fan":[32],"Shuriken":[1],"Eternal Feather":24,"Question Card":4,"obtain_stats":[{"Ornamental Fan":2,"Shuriken":14,"Eternal Feather":6,"Omamori":11,"Question Card":9,"Burning Blood":0},{"Ornamental Fan":1,"Shuriken":9,"Eternal Feather":4,"Omamori":6,"Question Card":5,"Burning Blood":0},{"Ornamental Fan":4,"Shuriken":43,"Eternal Feather":21,"Omamori":27,"Question Card":23,"Burning Blood":0}],"Burning Blood":54},"card_choices":[{"not_picked":["Twin Strike","Heavy Blade"],"picked":"Cleave","floor":1.0},{"not_picked":["Wild Strike","Heavy Blade"],"picked":"Power Through","floor":3.0},{"not_picked":["Rage","Clash"],"picked":"Anger","floor":5.0},{"not_picked":["Heavy Blade","Cleave"],"picked":"Dark Embrace","floor":6.0},{"not_picked":["Hemokinesis","Perfected Strike"],"picked":"Clothesline","floor":8.0},{"not_picked":["Hemokinesis","Twin Strike","Havoc"],"picked":"Seeing Red","floor":11.0},{"not_picked":["Dark Embrace","Anger","Wild Strike"],"picked":"Blood for Blood","floor":12.0},{"not_picked":["Havoc","Pummel","Headbutt"],"picked":"Feel No Pain","floor":13.0},{"not_picked":["Bludgeon","Armaments","True Grit"],"picked":"Uppercut","floor":14.0}],"player_experience":1370389,"relics_obtained":[{"floor":6.0,"key":"Eternal Feather"},{"floor":9.0,"key":"Question Card"},{"floor":11.0,"key":"Omamori"},{"floor":14.0,"key":"Shuriken"}],"event_choices":[{"damage_healed":0.0,"max_hp_gain":0.0,"max_hp_loss":0.0,"gold_gain":0.0,"event_name":"WeMeetAgain","player_choice":"Gave Potion","floor":2.0,"gold_loss":0.0,"damage_taken":0.0,"relics_obtained":["Ornamental Fan"]}],"is_beta":false,"boss_relics":[],"items_purged_floors":[4],"is_endless":false,"potions_floor_spawned":[1,6,8],"killed_by":"The Guardian","ascension_level":20}}