{"host":"jegehu1t82aiec5j","time":1611855373,"event":{"mods":["BaseMod","Colored Map","Minty Spire (QoL Compilation)","Relic Stats","StSLib"],"gold_per_floor":[112,128,128,148,148,183,183,183,183,34,34,49,93,112,112,207,207,227,241,241,10,34,70,20,20,43,58,78,78,78,116,116,116,116],"floor_reached":33,"language":"ENG","playtime":1369,"items_purged":["Strike_R"],"score":516,"play_id":"89627297-31f9-44a1-9d56-f0b7be13c574","local_time":"20210128123613","is_ascension_mode":true,"campfire_choices":[{"data":"Bash","floor":7.0,"key":"SMITH"},{"data":"Hemokinesis","floor":11.0,"key":"SMITH"},{"data":"Twin Strike","floor":15.0,"key":"SMITH"},{"floor":25.0,"key":"REST"},{"data":"Armaments","floor":29.0,"key":"SMITH"},{"floor":32,"key":"REST"}],"circlet_count":0,"master_deck":["AscendersBane","Strike_R","Strike_R","Strike_R","Strike_R","Defend_R","Defend_R","Defend_R","Defend_R","Bash+1","Cleave","Twin Strike+1","Hemokinesis+1","Fire Breathing+1","Ghostly Armor","Flame Barrier","Armaments+1","Feed","Iron Wave","Shrug It Off+1","Burning Pact","Ghostly Armor","True Grit+1","Dual Wield"],"relics":["Burning Blood","WarpedTongs","Peace Pipe","Pen Nib","Golden Idol","Vajra","TungstenRod","Runic Pyramid","Orichalcum","Blood Vial","Bag of Marbles","Meat on the Bone"],"acts_visited":["Exordium","TheCity"],"potions_floor_usage":[],"damage_taken":[{"damage":1.0,"enemies":"Cultist","floor":1.0,"turns":3.0},{"damage":9.0,"enemies":"Jaw Worm","floor":2.0,"turns":3.0},{"damage":0.0,"enemies":"Small Slimes","floor":4.0,"turns":3.0},{"damage":22.0,"enemies":"Gremlin Nob","floor":6.0,"turns":4.0},{"damage":10.0,"enemies":"Blue Slaver","floor":12.0,"turns":3.0},{"damage":19.0,"enemies":"3 Sentries","floor":13.0,"turns":6.0},{"damage":5.0,"enemies":"Gremlin Gang","floor":14.0,"turns":4.0},{"damage":4.0,"enemies":"Hexaghost","floor":16.0,"turns":8.0},{"damage":18.0,"enemies":"Chosen","floor":18.0,"turns":6.0},{"damage":14.0,"enemies":"Shell Parasite","floor":19.0,"turns":7.0},{"damage":16.0,"enemies":"Snake Plant","floor":22.0,"turns":5.0},{"damage":40.0,"enemies":"Slavers","floor":23.0,"turns":6.0},{"damage":3.0,"enemies":"Centurion and Healer","floor":27.0,"turns":8.0},{"damage":1.0,"enemies":"Chosen and Byrds","floor":28.0,"turns":6.0},{"damage":34.0,"enemies":"Book of Stabbing","floor":31.0,"turns":7.0},{"damage":61,"enemies":"Champ","floor":33,"turns":12}],"seed_played":"-7318358553346289370","potions_obtained":[{"floor":2.0,"key":"Block Potion"},{"floor":6.0,"key":"CultistPotion"},{"floor":13.0,"key":"Dexterity Potion"},{"floor":14.0,"key":"PowerPotion"},{"floor":22.0,"key":"Weak Potion"},{"floor":27.0,"key":"SneckoOil"},{"floor":31.0,"key":"Explosive Potion"}],"is_trial":false,"path_per_floor":["M","M","?","M","?","E","R","?","T","$","R","M","E","M","R","B",null,"M","M","?","$","M","E","?","R","T","M","M","R","$","E","R","B"],"character_chosen":"IRONCLAD","items_purchased":["Vajra","Orichalcum"],"campfire_rested":2,"item_purchase_floors":[10,21],"current_hp_per_floor":[73,70,65,71,71,55,55,55,55,55,55,51,38,39,39,41,61,53,49,49,49,42,11,11,35,35,43,54,54,54,32,59,0,0],"gold":116,"neow_bonus":"THREE_CARDS","is_daily":false,"chose_seed":false,"campfire_upgraded":4,"win_rate":0.0,"timestamp":1611855373,"path_taken":["M","M","?","M","?","E","R","?","T","?","R","M","E","M","R","BOSS","M","?","?","?","M","E","?","R","T","?","M","R","$","E","R","BOSS"],"items_purchased_type":["Relic","Relic"],"build_version":"2020-12-22","purchased_purges":1,"victory":false,"max_hp_per_floor":[75,75,75,75,75,75,75,68,68,68,68,68,68,68,68,68,68,72,76,76,76,79,82,82,82,82,85,89,89,89,93,93,93,93],"relic_stats":{"Peace Pipe":0,"Blood Vial":8,"counters":[16,91],"Golden Idol":69,"Pen Nib":[9],"Orichalcum":[36],"obtain_stats":[{"Peace Pipe":3,"Blood Vial":23,"Golden Idol":8,"Vajra":10,"Pen Nib":6,"Bag of Marbles":26,"Orichalcum":21,"Burning Blood":0,"TungstenRod":13,"WarpedTongs":1,"Runic Pyramid":17,"Meat on the Bone":31},{"Peace Pipe":2,"Blood Vial":12,"Golden Idol":4,"Vajra":4,"Pen Nib":4,"Bag of Marbles":12,"Orichalcum":10,"Burning Blood":0,"TungstenRod":6,"WarpedTongs":1,"Runic Pyramid":8,"Meat on the Bone":15},{"Peace Pipe":6,"Blood Vial":58,"Golden Idol":13,"Vajra":13,"Pen Nib":13,"Bag of Marbles":58,"Orichalcum":47,"Burning Blood":0,"TungstenRod":22,"WarpedTongs":0,"Runic Pyramid":34,"Meat on the Bone":79}],"Burning Blood":90,"TungstenRod":46,"WarpedTongs":[87],"Meat on the Bone":0},"card_choices":[{"not_picked":["Sword Boomerang","Warcry"],"picked":"Cleave","floor":0.0},{"not_picked":["Clash","Rampage"],"picked":"Twin Strike","floor":1.0},{"not_picked":["Warcry","Entrench"],"picked":"Hemokinesis","floor":2.0},{"not_picked":["Sword Boomerang","Infernal Blade"],"picked":"Fire Breathing","floor":4.0},{"not_picked":["Body Slam","Cleave"],"picked":"Ghostly Armor","floor":6.0},{"not_picked":["Thunderclap","Seeing Red","Perfected Strike"],"picked":"SKIP","floor":12.0},{"not_picked":["Cleave","Bludgeon"],"picked":"Flame Barrier","floor":13.0},{"not_picked":["Flex","Seeing Red"],"picked":"Armaments","floor":14.0},{"not_picked":["Double Tap","Demon Form"],"picked":"Feed","floor":16.0},{"not_picked":["Rampage+1","Dropkick"],"picked":"Iron Wave","floor":18.0},{"not_picked":["Iron Wave+1","Infernal Blade"],"picked":"Shrug It Off+1","floor":19.0},{"not_picked":["Warcry","Havoc"],"picked":"Burning Pact","floor":22.0},{"not_picked":["Heavy Blade","Infernal Blade+1"],"picked":"Ghostly Armor","floor":23.0},{"not_picked":["Combust","Anger"],"picked":"True Grit+1","floor":27.0},{"not_picked":["Heavy Blade","Fire Breathing"],"picked":"Dual Wield","floor":28.0},{"not_picked":["Sword Boomerang","Havoc","Dual Wield"],"picked":"SKIP","floor":31.0}],"player_experience":2552551,"relics_obtained":[{"floor":6.0,"key":"Pen Nib"},{"floor":13.0,"key":"TungstenRod"},{"floor":23.0,"key":"Blood Vial"},{"floor":26.0,"key":"Bag of Marbles"},{"floor":31.0,"key":"Meat on the Bone"}],"event_choices":[{"damage_healed":0.0,"max_hp_gain":0.0,"max_hp_loss":0.0,"gold_gain":0.0,"event_name":"Scrap Ooze","player_choice":"Success","floor":3.0,"gold_loss":0.0,"damage_taken":5.0,"relics_obtained":["Peace Pipe"]},{"damage_healed":0.0,"max_hp_gain":0.0,"max_hp_loss":0.0,"gold_gain":0.0,"event_name":"Living Wall","player_choice":"Grow","floor":5.0,"gold_loss":0.0,"damage_taken":0.0,"cards_upgraded":["Fire Breathing"]},{"damage_healed":0.0,"max_hp_gain":0.0,"max_hp_loss":7.0,"gold_gain":0.0,"event_name":"Golden Idol","player_choice":"Lose Max HP","floor":8.0,"gold_loss":0.0,"damage_taken":0.0,"relics_obtained":["Golden Idol"]},{"damage_healed":0.0,"max_hp_gain":0.0,"max_hp_loss":0.0,"gold_gain":0.0,"event_name":"The Mausoleum","player_choice":"Ignored","floor":20.0,"gold_loss":0.0,"damage_taken":0.0},{"damage_healed":0.0,"max_hp_gain":0.0,"max_hp_loss":0.0,"gold_gain":0.0,"event_name":"The Joust","player_choice":"Bet on Owner","floor":24.0,"gold_loss":50.0,"damage_taken":0.0}],"is_beta":false,"boss_relics":[{"not_picked":["SacredBark","Tiny House"],"picked":"Runic Pyramid"}],"items_purged_floors":[21],"is_endless":false,"potions_floor_spawned":[2,6,13,14,22,27,31],"killed_by":"Champ","ascension_level":15}}