{"host":"pf47v7h0307523iy","time":1611857008,"event":{"mods":["BaseMod","Minty Spire (QoL Compilation)","Relic Stats"],"gold_per_floor":[112,127,127,127,148,148,188,188,488,523,544,565,565,565,565],"floor_reached":14,"language":"ENG","playtime":791,"items_purged":[],"score":200,"play_id":"150f7d57-878e-43bd-9747-858b42cabd2c","local_time":"20210128200328","is_ascension_mode":true,"campfire_choices":[{"floor":6.0,"key":"RECALL"},{"floor":8.0,"key":"REST"}],"circlet_count":0,"master_deck":["AscendersBane","Strike_G+1","Strike_G","Strike_G","Strike_G","Strike_G+1","Defend_G","Defend_G","Defend_G","Defend_G","Defend_G","Survivor","Neutralize","Footwork","Footwork","Poisoned Stab","Bane","Die Die Die","Blade Dance","Backstab"],"relics":["Fusion Hammer","Golden Idol","HornCleat","Anchor","Old Coin","Girya"],"acts_visited":["Exordium"],"potions_floor_usage":[14],"damage_taken":[{"damage":1.0,"enemies":"Cultist","floor":1.0,"turns":5.0},{"damage":2.0,"enemies":"Jaw Worm","floor":2.0,"turns":4.0},{"damage":1.0,"enemies":"2 Louse","floor":5.0,"turns":3.0},{"damage":36.0,"enemies":"Lagavulin","floor":7.0,"turns":11.0},{"damage":7.0,"enemies":"3 Sentries","floor":10.0,"turns":13.0},{"damage":6.0,"enemies":"Large Slime","floor":11.0,"turns":7.0},{"damage":2.0,"enemies":"3 Louse","floor":12.0,"turns":3.0},{"damage":28,"enemies":"Gremlin Nob","floor":14,"turns":3}],"seed_played":"-4825873930573170440","potions_obtained":[{"floor":5.0,"key":"DistilledChaos"},{"floor":7.0,"key":"Energy Potion"},{"floor":10.0,"key":"Strength Potion"}],"is_trial":false,"path_per_floor":["M","M","?","T","M","R","E","R","T","E","M","M","?","E"],"character_chosen":"THE_SILENT","items_purchased":[],"campfire_rested":1,"item_purchase_floors":[],"current_hp_per_floor":[58,56,56,56,55,55,19,37,37,30,24,22,4,0,0],"gold":565,"neow_bonus":"BOSS_RELIC","is_daily":false,"chose_seed":false,"campfire_upgraded":0,"win_rate":0.0,"timestamp":1611857008,"path_taken":["M","M","?","?","M","R","E","R","T","E","M","?","?","E"],"items_purchased_type":[],"build_version":"2020-12-22","purchased_purges":0,"victory":false,"max_hp_per_floor":[66,66,60,60,60,60,60,60,60,60,60,60,60,60,60],"relic_stats":{"counters":[8,49],"Golden Idol":27,"obtain_stats":[{"Girya":10,"Anchor":7,"HornCleat":4,"Golden Idol":3,"Fusion Hammer":0,"Ring of the Snake":0,"Old Coin":9},{"Girya":5,"Anchor":4,"HornCleat":2,"Golden Idol":2,"Fusion Hammer":0,"Ring of the Snake":0,"Old Coin":4},{"Girya":36,"Anchor":23,"HornCleat":9,"Golden Idol":9,"Fusion Hammer":0,"Ring of the Snake":0,"Old Coin":23}]},"card_choices":[{"not_picked":["Backflip","Deflect"],"picked":"Footwork","floor":1.0},{"not_picked":["Infinite Blades","Backflip"],"picked":"Footwork","floor":2.0},{"not_picked":["Acrobatics","Dodge and Roll"],"picked":"Poisoned Stab","floor":5.0},{"not_picked":["Outmaneuver","Deflect"],"picked":"Bane","floor":7.0},{"not_picked":["Underhanded Strike","Sucker Punch"],"picked":"Die Die Die","floor":10.0},{"not_picked":["Choke","Dagger Throw"],"picked":"Blade Dance","floor":11.0},{"not_picked":["Calculated Gamble","Eviscerate"],"picked":"Backstab","floor":12.0}],"player_experience":1709723,"relics_obtained":[{"floor":4.0,"key":"HornCleat"},{"floor":7.0,"key":"Anchor"},{"floor":9.0,"key":"Old Coin"},{"floor":10.0,"key":"Girya"}],"event_choices":[{"damage_healed":0.0,"max_hp_gain":0.0,"max_hp_loss":6.0,"gold_gain":0.0,"event_name":"Golden Idol","player_choice":"Lose Max HP","floor":3.0,"gold_loss":0.0,"damage_taken":0.0,"relics_obtained":["Golden Idol"]},{"damage_healed":0.0,"max_hp_gain":0.0,"max_hp_loss":0.0,"gold_gain":0.0,"event_name":"Shining Light","player_choice":"Entered Light","floor":13.0,"gold_loss":0.0,"damage_taken":18.0,"cards_upgraded":["Strike_G","Strike_G"]}],"is_beta":false,"boss_relics":[],"items_purged_floors":[],"is_endless":false,"potions_floor_spawned":[5,7,10],"killed_by":"Gremlin Nob","ascension_level":20}}