{"host":"gaqyve1328ta0etl","time":1611818718,"event":{"mods":["BaseMod","Colored Map","Colored Powertips","Googly Eyes","Minty Spire (QoL Compilation)","Shop Mod","StSLib","SuperFastMode","The Hierophant","The Runesmith"],"gold_per_floor":[116,135,135,60,79,79,109,9,36,36,36,36],"floor_reached":11,"language":"ENG","playtime":190,"items_purged":["Strike_G","Strike_G"],"score":110,"play_id":"bb3b1f9b-19aa-421c-8b6e-a80004e66d49","local_time":"20210127232518","is_ascension_mode":true,"campfire_choices":[{"data":"Prepared","floor":6,"key":"SMITH"}],"circlet_count":0,"master_deck":["AscendersBane","Strike_G","Strike_G","Defend_G","Defend_G","Defend_G","Defend_G","Defend_G","Survivor","Neutralize+1","Slice","Prepared+1","Dagger Throw","Adrenaline"],"relics":["Ring of the Snake","NeowsBlessing","Art of War","Vajra"],"acts_visited":["Exordium"],"potions_floor_usage":[],"damage_taken":[{"damage":0,"enemies":"Small Slimes","floor":1,"turns":1},{"damage":0,"enemies":"Cultist","floor":2,"turns":1},{"damage":0,"enemies":"2 Louse","floor":5,"turns":1},{"damage":37,"enemies":"Lagavulin","floor":7,"turns":8},{"damage":29,"enemies":"Gremlin Nob","floor":11,"turns":4}],"seed_played":"6582914728449924189","potions_obtained":[],"is_trial":false,"path_per_floor":["M","M","?","$","M","R","E","$","T","?","E"],"character_chosen":"THE_SILENT","items_purchased":[],"campfire_rested":0,"item_purchase_floors":[],"current_hp_per_floor":[63,63,63,63,63,63,26,26,26,26,0,0],"gold":36,"neow_bonus":"THREE_ENEMY_KILL","is_daily":false,"chose_seed":false,"campfire_upgraded":1,"win_rate":0.0,"timestamp":1611818718,"path_taken":["M","M","?","$","M","R","E","?","T","?","E"],"items_purchased_type":[],"build_version":"2020-12-22","purchased_purges":2,"victory":false,"max_hp_per_floor":[70,70,70,70,70,70,70,70,70,70,70,70],"card_choices":[{"not_picked":["Poisoned Stab","Leg Sweep"],"picked":"Slice","floor":1},{"not_picked":["Acrobatics","Cloak And Dagger"],"picked":"Prepared","floor":2},{"not_picked":["Caltrops","Deadly Poison"],"picked":"Dagger Throw","floor":5},{"not_picked":["Masterful Stab","Blade Dance"],"picked":"Adrenaline","floor":7}],"player_experience":2045488,"relics_obtained":[{"floor":7,"key":"Art of War"},{"floor":9,"key":"Vajra"}],"event_choices":[{"damage_healed":0,"gold_gain":0,"player_choice":"Upgraded","damage_taken":0,"max_hp_gain":0,"max_hp_loss":0,"event_name":"Upgrade Shrine","floor":3,"gold_loss":0,"cards_upgraded":["Neutralize"]},{"cards_removed":["Strike_G"],"damage_healed":0,"gold_gain":0,"player_choice":"Purged","damage_taken":0,"max_hp_gain":0,"max_hp_loss":0,"event_name":"Purifier","floor":10,"gold_loss":0}],"is_beta":false,"boss_relics":[],"items_purged_floors":[4,8],"is_endless":false,"potions_floor_spawned":[],"killed_by":"Gremlin Nob","ascension_level":11}}