{"host":"lxihx0b6awoz2w1j","time":1611795355,"event":{"mods":["Act Like it!","BaseMod","Better Third Choice","BetterRewards","CapriCore","Colored Powertips","Conspire","Downfall","Fox Events","Gensokyo","Hermit","Hubris","Infinite Spire","JesterMod","Luminous","Marisa????????","Melee Mod","Minty Spire (QoL Compilation)","Permanent Neow","Prisma Mod","Quick Restart","Relic Stats","Reliquary","Replay The Spire","Shade Mod","Spicy Shops","StSLib","Td1madao Mod","The Alterego","The Blue Laboratory","The Cursed","The Death Knight","The Disciple","The Forsaken","The Gatherer","The Immortal","The Jungle","The Marked","The Mystic","The Runesmith","The Senshi","The Servant 0.9.4","The Spell Scribe","Waifu the Spire"],"gold_per_floor":[110,40,54,67,342,342,356,381,408,60,113,113,132,132,132,235,235,253,253,253,266,3,29,29,48,95,107,107,118,134,149,149,248,248,261,279,98,98,111,139,139,139,139,139,157,157,192,192,192,192],"floor_reached":51,"language":"ENG","playtime":2245,"items_purged":["Regret"],"score":777,"play_id":"989a70a6-ee18-4dc4-83fa-8a4c07cec01c","local_time":"20210128015555","is_ascension_mode":false,"campfire_choices":[{"data":"Genetic Algorithm","floor":6.0,"key":"SMITH"},{"floor":12.0,"key":"REST"},{"floor":15.0,"key":"DIG"},{"floor":28.0,"key":"REST"},{"floor":32.0,"key":"REST"},{"data":"Creative AI","floor":42,"key":"SMITH"},{"data":"Reboot","floor":44,"key":"SMITH"},{"floor":49,"key":"REST"}],"circlet_count":0,"master_deck":["Strike_B","Strike_B","Strike_B","Strike_B","Defend_B","Defend_B","Defend_B","Defend_B","Zap","Dualcast","Ball Lightning","Consume+1","Ball Lightning","Hello World+1","Cold Snap","Genetic Algorithm+1","ReplayTheSpireMod:Calculation Training","Sweeping Beam","Capacitor+1","Steam","Electrodynamics","Stack+1","Gash","Loop","Gash","Creative AI+1","infinitespire:SevenWalls","ReplayTheSpireMod:Dual Polarity","Rebound+1","Storm+1","Redo+1","Leap","Crystallizer","BootSequence","ReplayGash","Lockon","Reboot+1","Chill+1","Double Energy","Capacitor+1","Capacitor+1","Leap","Compile Driver","Parasite","Barrage","Leap+1","Gash"],"relics":["Cracked Core","Lee\u0027s Waffle","Ice Cream","CaptainsWheel","ReplayFunnel","reliquary:LoveEmittingDiode","Guide Book","hubris:Icosahedron","Pondfish Scales","reliquary:RedPaperclip","Replay:Mystery Machine","Bottled Lightning","conspire:GiftBox","Prayer Wheel","theForsaken:Gavel","Busted Crown","Replay:Bottled Eggs","Lizard Tail","conspire:IceCreamScoop","reliquary:QuartzCube"],"acts_visited":["Exordium","TheCity","TheBeyond"],"potions_floor_usage":[],"damage_taken":[{"damage":1.0,"enemies":"Cultist","floor":1.0,"turns":3.0},{"damage":1.0,"enemies":"Jaw Worm","floor":3.0,"turns":3.0},{"damage":0.0,"enemies":"Small Slimes","floor":4.0,"turns":3.0},{"damage":12.0,"enemies":"Looter","floor":7.0,"turns":2.0},{"damage":16.0,"enemies":"Lagavulin","floor":8.0,"turns":5.0},{"damage":6.0,"enemies":"Blue Slaver","floor":13.0,"turns":3.0},{"damage":15.0,"enemies":"Slime Boss","floor":16.0,"turns":4.0},{"damage":14.0,"enemies":"3 Byrds","floor":18.0,"turns":4.0},{"damage":0.0,"enemies":"Spheric Guardian","floor":21.0,"turns":3.0},{"damage":12.0,"enemies":"Gremlin Leader","floor":23.0,"turns":7.0},{"damage":10.0,"enemies":"Snake Plant","floor":25.0,"turns":4.0},{"damage":0.0,"enemies":"Snecko","floor":27.0,"turns":4.0},{"damage":18.0,"enemies":"Centurion and Healer","floor":29.0,"turns":3.0},{"damage":3.0,"enemies":"Snake Plant","floor":30.0,"turns":5.0},{"damage":6.0,"enemies":"Shelled Parasite and Fungi","floor":31.0,"turns":4.0},{"damage":29.0,"enemies":"Automaton","floor":33.0,"turns":7.0},{"damage":0.0,"enemies":"3 Shapes","floor":35.0,"turns":2.0},{"damage":0,"enemies":"3 Darklings","floor":36,"turns":4},{"damage":0,"enemies":"Writhing Mass","floor":39,"turns":4},{"damage":0,"enemies":"Giant Head","floor":40,"turns":8},{"damage":1,"enemies":"Sphere and 2 Shapes","floor":45,"turns":5},{"damage":32,"enemies":"Reptomancer","floor":47,"turns":5},{"damage":24,"enemies":"hubris:GrandSnecko","floor":50,"turns":9}],"seed_played":"-459963879101898423","potions_obtained":[{"floor":1.0,"key":"infinitespire:BlackPotion"},{"floor":7.0,"key":"ColorlessPotion"},{"floor":13.0,"key":"Fire Potion"},{"floor":16.0,"key":"blueLaboratory:BottleOfVodka"},{"floor":29.0,"key":"blueLaboratory:CorrosionFlask"},{"floor":35.0,"key":"Ancient Potion"},{"floor":45,"key":"blueLaboratory:AbyssPotion"}],"is_trial":false,"path_per_floor":["M","$","M","M","?","R","M","E","T","$","T","R","M","?","R","B",null,"M","?","?","M","$","E","AVR","M","T","M","R","M","M","M","R","B",null,"M","M","$","?","M","E","AVR","R","T","R","M","?","E","?","R","B",null],"character_chosen":"DEFECT","items_purchased":["Lee\u0027s Waffle","reliquary:SharkskinSheath","Ball Lightning","Consume","Hello World","reliquary:LoveEmittingDiode","Capacitor","Guide Book","Replay:Mystery Machine","Loop","Gash","Capacitor","Leap","Compile Driver"],"campfire_rested":4,"item_purchase_floors":[0,0,0,0,2,10,10,10,22,22,22,37,37,37],"current_hp_per_floor":[81,81,80,80,80,80,68,52,52,52,52,82,76,76,76,61,82,68,68,68,68,68,56,56,46,46,46,70,52,49,43,67,38,82,82,82,82,82,82,82,82,82,82,82,81,81,49,49,73,49],"gold":192,"neow_bonus":"","is_daily":false,"chose_seed":false,"campfire_upgraded":3,"win_rate":0.0,"timestamp":1611795355,"path_taken":["M","$","M","M","?","R","M","E","T","$","?","R","M","?","R","BOSS","M","?","?","M","$","E","AVR","M","T","M","R","M","M","M","R","BOSS","M","M","$","?","M","E","AVR","R","T","R","M","?","E","?","R","BOSS"],"items_purchased_type":["Relic","Relic","Card","Card","Card","Relic","Card","Relic","Relic","Card","Card","Card","Card","Card"],"build_version":"2020-12-22","purchased_purges":1,"victory":true,"max_hp_per_floor":[82,82,82,82,82,82,82,82,82,82,82,82,82,82,82,82,82,82,82,82,82,82,82,82,82,82,82,82,82,82,82,82,82,82,82,82,82,82,82,82,82,82,82,82,82,82,82,82,82,82],"relic_stats":{"Lee\u0027s Waffle":23,"Lizard Tail":0,"Busted Crown":24,"counters":[23,100],"Prayer Wheel":9,"obtain_stats":[{"Ice Cream":0,"ReplayFunnel":9,"Lee\u0027s Waffle":0,"Regal Pillow":11,"reliquary:LoveEmittingDiode":10,"Guide Book":10,"Replay:Mystery Machine":22,"theForsaken:Gavel":26,"reliquary:QuartzCube":47,"Replay:Rubber Ducky":0,"CaptainsWheel":8,"Pondfish Scales":15,"conspire:GiftBox":24,"Lizard Tail":41,"hubris:Icosahedron":14,"reliquary:RedPaperclip":17,"Busted Crown":34,"Prayer Wheel":25,"Bottled Lightning":23,"Replay:Bottled Eggs":40,"Cracked Core":0,"conspire:IceCreamScoop":43,"reliquary:SharkskinSheath":0},{"Ice Cream":0,"ReplayFunnel":5,"Lee\u0027s Waffle":0,"Regal Pillow":5,"reliquary:LoveEmittingDiode":5,"Guide Book":5,"Replay:Mystery Machine":9,"theForsaken:Gavel":11,"reliquary:QuartzCube":22,"Replay:Rubber Ducky":0,"CaptainsWheel":5,"Pondfish Scales":6,"conspire:GiftBox":10,"Lizard Tail":20,"hubris:Icosahedron":6,"reliquary:RedPaperclip":7,"Busted Crown":16,"Prayer Wheel":11,"Bottled Lightning":10,"Replay:Bottled Eggs":20,"Cracked Core":0,"conspire:IceCreamScoop":20,"reliquary:SharkskinSheath":0},{"Ice Cream":0,"ReplayFunnel":16,"Lee\u0027s Waffle":0,"Regal Pillow":16,"reliquary:LoveEmittingDiode":16,"Guide Book":16,"Replay:Mystery Machine":30,"theForsaken:Gavel":41,"reliquary:QuartzCube":91,"Replay:Rubber Ducky":0,"CaptainsWheel":16,"Pondfish Scales":19,"conspire:GiftBox":37,"Lizard Tail":81,"hubris:Icosahedron":19,"reliquary:RedPaperclip":23,"Busted Crown":63,"Prayer Wheel":40,"Bottled Lightning":37,"Replay:Bottled Eggs":81,"Cracked Core":0,"conspire:IceCreamScoop":81,"reliquary:SharkskinSheath":0}]},"card_choices":[{"not_picked":["Compile Driver","Stack"],"picked":"Ball Lightning","floor":1.0},{"not_picked":["Fusion","Compile Driver"],"picked":"Cold Snap","floor":3.0},{"not_picked":["Barrage","Conserve Battery"],"picked":"Genetic Algorithm","floor":4.0},{"not_picked":["Streamline","Sweeping Beam"],"picked":"ReplayTheSpireMod:Calculation Training","floor":7.0},{"not_picked":["Beam Cell","Skim"],"picked":"Sweeping Beam","floor":8.0},{"not_picked":["Doom and Gloom","Gash"],"picked":"Steam","floor":13.0},{"not_picked":["hubris:SpecializedCircuitry","Core Surge"],"picked":"Electrodynamics","floor":16.0},{"not_picked":["Sweeping Beam","conspire:Rain"],"picked":"Stack+1","floor":18.0},{"not_picked":["Genetic Algorithm","Rebound"],"picked":"Gash","floor":21.0},{"not_picked":["Turbo","Chill+1"],"picked":"ReplayTheSpireMod:Fabricate Wheel","floor":23.0},{"not_picked":["Mirror Shield","Fission"],"picked":"Creative AI","floor":24.0},{"not_picked":["BasicCrystalCard","Hologram"],"picked":"ReplayTheSpireMod:Dual Polarity","floor":25.0},{"not_picked":["Coolheaded","Beam Cell","ReplaySort+1"],"picked":"SKIP","floor":25.0},{"not_picked":["BasicCrystalCard","Blizzard+1"],"picked":"Rebound+1","floor":27.0},{"not_picked":["BasicCrystalCard","Gash"],"picked":"Storm+1","floor":27.0},{"not_picked":["Steam","Streamline+1"],"picked":"Redo+1","floor":29.0},{"not_picked":["Barrage","BasicCrystalCard+1"],"picked":"Leap","floor":29.0},{"not_picked":["conspire:SharedLibrary","Auto Shields"],"picked":"Crystallizer","floor":30.0},{"not_picked":["ReplayTheSpireMod:System Scan","Compile Driver"],"picked":"BootSequence","floor":30.0},{"not_picked":["Coolheaded+1","Reboot"],"picked":"ReplayGash","floor":31.0},{"not_picked":["ReplaySort+1","Steam"],"picked":"Lockon","floor":31.0},{"not_picked":["hubris:DoWhile","hubris:SpecializedCircuitry"],"picked":"Reboot","floor":33.0},{"not_picked":[],"picked":"Chill+1","floor":35.0},{"not_picked":["Scrape"],"picked":"SKIP","floor":35.0},{"not_picked":[],"picked":"Double Energy","floor":36},{"not_picked":["Rebound"],"picked":"SKIP","floor":36},{"not_picked":[],"picked":"Barrage","floor":39},{"not_picked":["Cold Snap"],"picked":"SKIP","floor":39},{"not_picked":["Hologram+1"],"picked":"SKIP","floor":40},{"not_picked":[],"picked":"Leap+1","floor":45},{"not_picked":[],"picked":"Gash","floor":45},{"not_picked":[],"picked":"Stack","floor":47}],"player_experience":674994,"relics_obtained":[{"floor":8.0,"key":"CaptainsWheel"},{"floor":9.0,"key":"ReplayFunnel"},{"floor":11.0,"key":"Regal Pillow"},{"floor":15.0,"key":"Pondfish Scales"},{"floor":23.0,"key":"Bottled Lightning"},{"floor":26.0,"key":"theForsaken:Gavel"},{"floor":40,"key":"Replay:Bottled Eggs"},{"floor":43,"key":"conspire:IceCreamScoop"},{"floor":47,"key":"reliquary:QuartzCube"}],"event_choices":[{"damage_healed":0.0,"max_hp_gain":0.0,"max_hp_loss":0.0,"gold_gain":275.0,"event_name":"Golden Shrine","player_choice":"Desecrate","floor":5.0,"gold_loss":0.0,"damage_taken":0.0,"cards_obtained":["Regret"]},{"damage_healed":0.0,"max_hp_gain":0.0,"max_hp_loss":0.0,"gold_gain":0.0,"event_name":"Ghosts","player_choice":"Ignored","floor":19.0,"gold_loss":0.0,"damage_taken":0.0},{"damage_healed":0,"gold_gain":0,"player_choice":"Leave","damage_taken":0,"max_hp_gain":0,"max_hp_loss":0,"event_name":"conspire:Investor","floor":46,"gold_loss":0},{"cards_removed":["Stack"],"damage_healed":0,"gold_gain":0,"player_choice":"Removed Skill","damage_taken":0,"max_hp_gain":0,"max_hp_loss":0,"event_name":"Falling","floor":48,"gold_loss":0}],"is_beta":false,"boss_relics":[{"not_picked":["hubris:BlackHole","theSenshi:MoonKaleidoScopeRelic"],"picked":"reliquary:RedPaperclip"},{"not_picked":["reliquary:WritOfMandamus","Velvet Choker"],"picked":"Busted Crown"}],"items_purged_floors":[22],"is_endless":false,"potions_floor_spawned":[1,7,13,16,18,23,29,35,45],"ascension_level":0}}