{"host":"ow66nzv2xecjoor3","time":1611815260,"event":{"mods":["BaseMod","Bestiary","Block Reminder","Colored Powertips","Curses Come First","Highlight Path","Keyboard Shortcuts","Minty Spire (QoL Compilation)","Permanent Neow","Relic Stats","StSLib","UnlockEverythingMod"],"gold_per_floor":[115,126,126,126,138,138,138],"floor_reached":6,"language":"ENG","playtime":153,"items_purged":[],"score":72,"play_id":"e6b0fddb-4235-40d9-a1ad-aad7e3867ea3","local_time":"20210128002740","is_ascension_mode":true,"campfire_choices":[],"circlet_count":0,"master_deck":["AscendersBane","Strike_P","Strike_P","Strike_P","Strike_P","Defend_P","Defend_P","Defend_P","Defend_P","Eruption","Vigilance","Blasphemy","SandsOfTime","WheelKick","Regret","Decay"],"relics":["PureWater","Singing Bowl"],"acts_visited":["Exordium"],"potions_floor_usage":[6],"damage_taken":[{"damage":9.0,"enemies":"Jaw Worm","floor":1.0,"turns":4.0},{"damage":0.0,"enemies":"Small Slimes","floor":2.0,"turns":2.0},{"damage":0.0,"enemies":"Cultist","floor":5.0,"turns":2.0},{"damage":64,"enemies":"3 Sentries","floor":6,"turns":8}],"seed_played":"-6908567973419366110","potions_obtained":[{"floor":1.0,"key":"DuplicationPotion"}],"is_trial":false,"path_per_floor":["M","M","?","?","M","E"],"character_chosen":"WATCHER","items_purchased":[],"campfire_rested":0,"item_purchase_floors":[],"current_hp_per_floor":[52,52,52,52,54,0,0],"gold":138,"neow_bonus":"ONE_RANDOM_RARE_CARD","is_daily":false,"chose_seed":false,"campfire_upgraded":0,"win_rate":0.0,"timestamp":1611815260,"path_taken":["M","M","?","?","?","E"],"items_purchased_type":[],"build_version":"2020-12-22","purchased_purges":0,"victory":false,"max_hp_per_floor":[68,68,68,68,70,70,70],"relic_stats":{"Singing Bowl":2,"counters":[4,16],"obtain_stats":[{"Singing Bowl":3,"PureWater":0},{"Singing Bowl":2,"PureWater":0},{"Singing Bowl":6,"PureWater":0}]},"card_choices":[{"not_picked":["ThirdEye","BowlingBash"],"picked":"SandsOfTime","floor":1.0},{"not_picked":["PathToVictory","Indignation"],"picked":"WheelKick","floor":2.0},{"not_picked":["SignatureMove","Nirvana","SashWhip"],"picked":"Singing Bowl","floor":5.0}],"player_experience":2751106,"relics_obtained":[],"event_choices":[{"damage_healed":0.0,"max_hp_gain":0.0,"max_hp_loss":0.0,"gold_gain":0.0,"event_name":"Big Fish","player_choice":"Box","floor":3.0,"gold_loss":0.0,"damage_taken":0.0,"relics_obtained":["Singing Bowl"],"cards_obtained":["Regret"]},{"damage_healed":0.0,"max_hp_gain":0.0,"max_hp_loss":0.0,"gold_gain":0.0,"event_name":"Wheel of Change","player_choice":"Cursed","floor":4.0,"gold_loss":0.0,"damage_taken":0.0,"cards_obtained":["Decay"]}],"is_beta":false,"boss_relics":[],"items_purged_floors":[],"is_endless":false,"potions_floor_spawned":[1],"killed_by":"3 Sentries","ascension_level":20}}