{"host":"khoyd8a1tvki7k1f","time":1611845730,"event":{"mods":["AchievementEnabler","BaseMod","Colored Powertips","Curses Come First","Downfall","Googly Eyes","Hermit","Highlight Path","Minty Spire (QoL Compilation)","Quick Restart","Relic Sorter","Robot Space Explorer","Shop Mod","StSLib","Synergy Search","The Bug Knight","The Cursed","The Disciple","The Hierophant","The Marked","The Necromancer","The Poker Player","The Runesmith","slay the spire mod where everything is the same but ironclad has a cowboy hat"],"gold_per_floor":[99,109,209,220,240,272,272,291,51,76,95,95,95,122,136,240,240,240,255,340,440,465,476,476,476,486,486,321,352,352,365,376,475,475,475,489,489,501,501,528,583,583,583,583,371,383,63,91,117,129],"floor_reached":51,"language":"ENG","playtime":2921,"items_purged":["bronze:Strike","bronze:Strike","bronze:Strike"],"score":795,"play_id":"c1faa33b-3787-4b98-8523-9b86f5ad9bcb","local_time":"20210128085530","is_ascension_mode":false,"campfire_choices":[{"data":"bronze:Goto","floor":1.0,"key":"SMITH"},{"floor":13.0,"key":"REST"},{"data":"bronze:ThunderWave","floor":18.0,"key":"SMITH"},{"floor":25,"key":"REST"},{"data":"bronze:Optimize","floor":27,"key":"SMITH"},{"data":"bronze:HardenedForm","floor":35,"key":"SMITH"},{"data":"bronze:FineTuning","floor":44,"key":"SMITH"}],"circlet_count":0,"master_deck":["bronze:Strike","bronze:Defend","bronze:Defend","bronze:Defend","bronze:Defend","bronze:Replicate","bronze:Goto+1","bronze:WhirlingStrike+1","bronze:Branch","bronze:WhirlingStrike","bronze:Turbo+1","bronze:FineTuning+1","bronze:Format+1","bronze:ThunderWave+1","bronze:Iterate+1","bronze:Frontload","bronze:Iterate","bronze:FineTuning+1","bronze:Overheat","bronze:Turbo+1","bronze:HardenedForm+1","bronze:Iterate","expansioncontent:QuickStudy","expansioncontent:StudyTheSpire"],"relics":["bronze:BronzeCore","Omamori","Mercury Hourglass","Tiny Chest","Strawberry","Boot","SlaversCollar","Gambling Chip","InkBottle","Oddly Smooth Stone","HollowMod:LifeEnderRelic","Pantograph","GremlinMask","Black Star","Runesmith:Nanobots","Meat on the Bone","Pen Nib","Runesmith:Locket","Whetstone","bronze:BottledCode","Gremlin Horn","Lee\u0027s Waffle","The Courier","MawBank"],"acts_visited":["Exordium","TheCity","TheBeyond"],"potions_floor_usage":[],"damage_taken":[{"damage":10.0,"enemies":"Small Slimes","floor":2.0,"turns":4.0},{"damage":1.0,"enemies":"Cultist","floor":4.0,"turns":3.0},{"damage":0.0,"enemies":"2 Louse","floor":5.0,"turns":2.0},{"damage":20.0,"enemies":"Gremlin Nob","floor":6.0,"turns":4.0},{"damage":0.0,"enemies":"Blue Slaver","floor":8.0,"turns":3.0},{"damage":0.0,"enemies":"downfall:FleeingMerchant","floor":9.0,"turns":4.0},{"damage":16.0,"enemies":"Lagavulin","floor":10.0,"turns":5.0},{"damage":1.0,"enemies":"2 Fungi Beasts","floor":11.0,"turns":2.0},{"damage":6.0,"enemies":"Gremlin Nob","floor":14.0,"turns":3.0},{"damage":10.0,"enemies":"Exordium Thugs","floor":15.0,"turns":2.0},{"damage":14.0,"enemies":"WA_ARCHETYPE_RETAIN","floor":16.0,"turns":7.0},{"damage":16.0,"enemies":"Shell Parasite","floor":19.0,"turns":4.0},{"damage":30,"enemies":"Colosseum Nobs","floor":21,"turns":4},{"damage":0,"enemies":"Cultist and Chosen","floor":23,"turns":3},{"damage":6,"enemies":"Centurion and Healer","floor":26,"turns":3},{"damage":0,"enemies":"downfall:FleeingMerchant","floor":28,"turns":4},{"damage":16,"enemies":"Slavers","floor":29,"turns":3},{"damage":0,"enemies":"Snecko","floor":31,"turns":3},{"damage":6,"enemies":"Shelled Parasite and Fungi","floor":32,"turns":4},{"damage":26,"enemies":"IC_MUSHROOM_ARCHETYPE","floor":33,"turns":7},{"damage":3,"enemies":"3 Darklings","floor":36,"turns":3},{"damage":5,"enemies":"Orb Walker","floor":38,"turns":3},{"damage":29,"enemies":"Reptomancer","floor":40,"turns":5},{"damage":14,"enemies":"downfall:FleeingMerchant","floor":45,"turns":3},{"damage":0,"enemies":"3 Darklings","floor":46,"turns":2},{"damage":1,"enemies":"Giant Head","floor":48,"turns":6},{"damage":19,"enemies":"Sphere and 2 Shapes","floor":49,"turns":4},{"damage":24,"enemies":"SI_POISON_ARCHETYPE","floor":50,"turns":7}],"seed_played":"8130249488926611218","potions_obtained":[{"floor":4.0,"key":"SkillPotion"},{"floor":6.0,"key":"Explosive Potion"},{"floor":10.0,"key":"SteroidPotion"},{"floor":14.0,"key":"SkillPotion"},{"floor":21,"key":"LiquidMemories"}],"is_trial":false,"path_per_floor":["R","M","?","M","M","E","T","M","$","E","M","?","R","E","M","B",null,"R","M","?","?","T","M","T","R","M","R","$","E","?","M","M","B",null,"R","M","?","M","T","E","T","?","?","R","$","M","$","E","M","B",null],"character_chosen":"THE_AUTOMATON","items_purchased":["Tiny Chest","bronze:Iterate","expansioncontent:QuickStudy","Gremlin Horn","Lee\u0027s Waffle","expansioncontent:StudyTheSpire"],"campfire_rested":2,"item_purchase_floors":[9,28,45,45,47,47],"current_hp_per_floor":[77,67,67,66,66,46,46,46,46,37,36,36,61,55,45,31,84,84,68,54,24,24,24,24,49,43,43,43,27,27,27,21,20,84,84,81,81,76,76,47,47,47,47,47,45,45,81,80,61,57],"gold":141,"neow_bonus":"TEN_PERCENT_HP_BONUS","is_daily":false,"chose_seed":false,"campfire_upgraded":5,"win_rate":0.0,"timestamp":1611845730,"path_taken":["R","M","?","?","M","E","T","M","?","E","M","?","R","E","M","BOSS","R","M","?","?","?","M","T","R","M","R","?","E","?","M","M","BOSS","R","M","?","M","?","E","T","?","?","R","$","M","$","E","M","BOSS"],"items_purchased_type":["Relic","Card","Card","Relic","Relic","Card"],"build_version":"2020-12-22","purchased_purges":3,"victory":true,"max_hp_per_floor":[77,77,77,77,77,77,77,77,77,84,84,84,84,84,84,84,84,84,84,84,84,84,84,84,84,84,84,84,84,84,84,84,84,84,84,84,84,84,84,84,84,84,74,74,74,74,81,81,81,81],"card_choices":[{"not_picked":["bronze:Deprecate","bronze:ClassDefault"],"picked":"bronze:WhirlingStrike","floor":2.0},{"not_picked":["bronze:Repulsor","bronze:Deprecate","bronze:Return"],"picked":"SKIP","floor":4.0},{"not_picked":["bronze:DelayedGuard","bronze:WhirlingStrike"],"picked":"bronze:Branch","floor":5.0},{"not_picked":["bronze:Overheat","bronze:BuggyMess"],"picked":"bronze:WhirlingStrike","floor":6.0},{"not_picked":["bronze:ForceShield","bronze:FollowUp"],"picked":"bronze:Turbo","floor":8.0},{"not_picked":["bronze:Philosophize","bronze:CleanCode"],"picked":"bronze:FineTuning","floor":9.0},{"not_picked":["bronze:ChosenStrike","bronze:ClassDefault"],"picked":"bronze:Format","floor":10.0},{"not_picked":["bronze:Overload","bronze:FineTuning","bronze:WildBeam"],"picked":"SKIP","floor":11.0},{"not_picked":["bronze:FineTuning","bronze:Shield"],"picked":"bronze:Optimize","floor":14.0},{"not_picked":["bronze:Branch","bronze:ForLoop","bronze:Deprecate"],"picked":"SKIP","floor":15.0},{"not_picked":["bronze:ShipIt","bronze:BurnOut"],"picked":"bronze:ThunderWave","floor":16.0},{"not_picked":["bronze:OilSpill","bronze:Invalidate"],"picked":"bronze:Iterate","floor":19.0},{"not_picked":["bronze:DelayedGuard","bronze:NullPointer+1"],"picked":"bronze:Frontload","floor":23},{"not_picked":["bronze:BuggyMess","bronze:ShipIt","bronze:Invalidate"],"picked":"SKIP","floor":26},{"not_picked":["bronze:DarkDash","bronze:Shield","bronze:Boost"],"picked":"SKIP","floor":28},{"not_picked":["bronze:ItsAFeature","bronze:WhirlingStrike"],"picked":"bronze:FineTuning","floor":29},{"not_picked":["bronze:Backtrace","bronze:Overload"],"picked":"bronze:Overheat","floor":31},{"not_picked":["bronze:ItsAFeature","bronze:WildBeam+1"],"picked":"bronze:Turbo+1","floor":32},{"not_picked":["bronze:HyperBeam","bronze:BurnOut"],"picked":"bronze:HardenedForm","floor":33},{"not_picked":["bronze:Overload","bronze:Turbo+1","bronze:Return+1"],"picked":"SKIP","floor":36},{"not_picked":["bronze:BugBarrage+1","bronze:Overheat+1","bronze:OilSpill+1"],"picked":"SKIP","floor":38},{"not_picked":["bronze:Optimize+1","bronze:Return+1","bronze:Backtrace+1"],"picked":"SKIP","floor":40},{"not_picked":["bronze:NullPointer","bronze:CutThrough+1"],"picked":"bronze:Iterate","floor":45},{"not_picked":["bronze:Frontload+1","bronze:WildBeam+1","bronze:CutThrough"],"picked":"SKIP","floor":46},{"not_picked":["bronze:DigitalCarnage","bronze:Shield+1","bronze:CloningBeam"],"picked":"SKIP","floor":48},{"not_picked":["bronze:ClassDefault","bronze:ChildClass","bronze:Invalidate"],"picked":"SKIP","floor":49}],"player_experience":362225,"relics_obtained":[{"floor":6.0,"key":"Omamori"},{"floor":7.0,"key":"Mercury Hourglass"},{"floor":10.0,"key":"Strawberry"},{"floor":14.0,"key":"Boot"},{"floor":21,"key":"Gambling Chip"},{"floor":21,"key":"InkBottle"},{"floor":22,"key":"Oddly Smooth Stone"},{"floor":24,"key":"HollowMod:LifeEnderRelic"},{"floor":29,"key":"Pantograph"},{"floor":37,"key":"Runesmith:Nanobots"},{"floor":39,"key":"Meat on the Bone"},{"floor":40,"key":"Pen Nib"},{"floor":40,"key":"Runesmith:Locket"},{"floor":41,"key":"Whetstone"},{"floor":48,"key":"The Courier"},{"floor":48,"key":"MawBank"}],"event_choices":[{"damage_healed":0,"gold_gain":0,"player_choice":"Trade","damage_taken":0,"relics_obtained":["GremlinMask"],"max_hp_gain":0,"max_hp_loss":0,"event_name":"FaceTrader","floor":30,"gold_loss":0},{"cards_removed":["bronze:Optimize"],"damage_healed":0,"gold_gain":0,"player_choice":"Removed Power","damage_taken":0,"max_hp_gain":0,"max_hp_loss":0,"event_name":"Falling","floor":42,"gold_loss":0}],"is_beta":false,"boss_relics":[{"not_picked":["Coffee Dripper","Runesmith:UraniumAnvil"],"picked":"SlaversCollar"},{"not_picked":["Astrolabe","Philosopher\u0027s Stone"],"picked":"Black Star"}],"items_purged_floors":[9,28,45],"is_endless":false,"potions_floor_spawned":[4,6,10,14,15,21,26,31,32,46,48],"ascension_level":0}}