{"host":"o6j8h35axmoodbwy","time":1611812051,"event":{"mods":["2.2 Compatiblity","Act Like it!","BaseMod","Colored Map","Colored Powertips","Gensokyo","MarisaÅiñ∂âJÅ@ñÇóùçπÅj","Minty Spire (QoL Compilation)","Prisma Mod","Quick Restart","Shop Mod","StSLib","SuperFastMode","Td1madao Mod"],"gold_per_floor":[110,35,55,68,87,87,107,107,185,196,222,222,236,248,248,351,351,365,384,400,315,315,341,351,69,95,194,194,223,223,248,248,347,347,360,360,360],"floor_reached":36,"language":"JPN","playtime":3402,"items_purged":["PrismaMod:ChloeCommonAttack","PrismaMod:ChloeCommonAttack"],"score":431,"play_id":"19a6add7-eac9-4114-aa76-7715a7379093","local_time":"20210128143411","is_ascension_mode":false,"campfire_choices":[{"data":"PrismaMod:ChloeRhongomyniad","floor":6,"key":"SMITH"},{"data":"PrismaMod:ChloeDevil","floor":8,"key":"SMITH"},{"data":"PrismaMod:ChloeCheapAttackTwo","floor":12,"key":"SMITH"},{"data":"PrismaMod:ChloeGaeBolg","floor":15,"key":"SMITH"},{"data":"PrismaMod:ChloeEyeOfTheEuryale","floor":28,"key":"SMITH"},{"data":"PrismaMod:ChloeCaladbolg","floor":30,"key":"SMITH"},{"data":"PrismaMod:ChloeMordred","floor":32,"key":"SMITH"}],"circlet_count":0,"master_deck":["PrismaMod:ChloeCommonAttack","PrismaMod:ChloeCommonAttack","PrismaMod:ChloeCommonAttack","PrismaMod:ChloeCommonDefend","PrismaMod:ChloeCommonDefend","PrismaMod:ChloeCommonDefend","PrismaMod:ChloeCommonDefend","PrismaMod:ChloeCommonDefend","PrismaMod:ChloeCheapAttack","PrismaMod:ChloeCheapDefend","PrismaMod:ChloeRhongomyniad+1","PrismaMod:ChloeCheapAttackTwo+1","PrismaMod:ChloeChristmas","PrismaMod:ChloeDevil+","PrismaMod:ChloeEyeOfTheEuryale+1","PrismaMod:ChloeGaeBolg+1","PrismaMod:ChloeCarnivalAttack","PrismaMod:ChloeCheapAttack+1","PrismaMod:ChloeCaladbolg+1","PrismaMod:ChloeCheapDefendTwo+1","Master of Strategy","PrismaMod:ChloeMordred+1","PrismaMod:ChloeAnyRareTrace"],"relics":["PrismaMod:PrismaTraceOn","Bag of Preparation","Pantograph","Mango","Sozu","Lantern","Sundial","Bag of Marbles","Vajra","Red Mask","Blood Vial","Busted Crown"],"acts_visited":["Exordium","TheCity","TheBeyond"],"potions_floor_usage":[23,36],"damage_taken":[{"damage":0,"enemies":"2 Louse","floor":1,"turns":3},{"damage":0,"enemies":"Small Slimes","floor":3,"turns":3},{"damage":0,"enemies":"Jaw Worm","floor":4,"turns":4},{"damage":5,"enemies":"3 Louse","floor":5,"turns":4},{"damage":0,"enemies":"Large Slime","floor":7,"turns":3},{"damage":0,"enemies":"Blue Slaver","floor":10,"turns":3},{"damage":13,"enemies":"Lagavulin","floor":11,"turns":8},{"damage":0,"enemies":"Lots of Slimes","floor":13,"turns":4},{"damage":12,"enemies":"3 Louse","floor":14,"turns":2},{"damage":32,"enemies":"Slime Boss","floor":16,"turns":9},{"damage":4,"enemies":"3 Byrds","floor":18,"turns":5},{"damage":7,"enemies":"2 Thieves","floor":19,"turns":3},{"damage":0,"enemies":"Snecko","floor":20,"turns":4},{"damage":1,"enemies":"Slavers","floor":23,"turns":5},{"damage":11,"enemies":"Shelled Parasite and Fungi","floor":24,"turns":5},{"damage":0,"enemies":"Masked Bandits","floor":29,"turns":2},{"damage":0,"enemies":"Book of Stabbing","floor":31,"turns":2},{"damage":46,"enemies":"Collector","floor":33,"turns":7},{"damage":0,"enemies":"3 Shapes","floor":35,"turns":2},{"damage":96,"enemies":"Orin","floor":36,"turns":13}],"seed_played":"-3756187120595992714","potions_obtained":[{"floor":1,"key":"Block Potion"},{"floor":3,"key":"Energy Potion"},{"floor":14,"key":"Fire Potion"}],"is_trial":false,"path_per_floor":["M","$","M","M","M","R","M","R","T","M","E","R","M","M","R","B",null,"M","M","M","?","?","E","M","$","T","?","R","?","R","E","R","B",null,"M","?"],"character_chosen":"CHLOE","items_purchased":["Master of Strategy"],"campfire_rested":0,"item_purchase_floors":[25],"current_hp_per_floor":[75,75,75,75,70,70,70,70,70,74,76,76,78,68,68,61,89,85,80,84,84,84,87,80,80,80,80,80,82,82,82,82,43,89,89,0,0],"gold":360,"neow_bonus":"RANDOM_COMMON_RELIC","is_daily":false,"chose_seed":false,"campfire_upgraded":7,"win_rate":0.0,"timestamp":1611812051,"path_taken":["M","$","M","M","M","R","M","R","T","M","E","R","M","M","R","BOSS","M","M","M","?","?","E","M","?","T","?","R","?","R","E","R","BOSS","M","?"],"items_purchased_type":["Card"],"build_version":"2020-12-22","purchased_purges":2,"victory":false,"max_hp_per_floor":[75,75,75,75,75,75,75,75,75,75,89,89,89,89,89,89,89,89,89,89,89,89,89,89,89,89,89,89,89,89,89,89,89,89,89,89,89],"card_choices":[{"not_picked":["PrismaMod:ChloeDemonicTutor","PrismaMod:ChloeCheapDefend"],"picked":"PrismaMod:ChloeRhongomyniad","floor":1},{"not_picked":["PrismaMod:ChloeExhaustOne","PrismaMod:ChloeCheapDefendTwo","PrismaMod:ChloeUncommonAOEAttack"],"picked":"SKIP","floor":3},{"not_picked":["PrismaMod:ChloeMordred","PrismaMod:ChloeCheapAttack"],"picked":"PrismaMod:ChloeCheapAttackTwo","floor":4},{"not_picked":["PrismaMod:ChloeExhaustOne","PrismaMod:ChloeCommonAOEAttack"],"picked":"PrismaMod:ChloeChristmas","floor":5},{"not_picked":["PrismaMod:ChloeMordred","PrismaMod:ChloeCheapAttackTwo"],"picked":"PrismaMod:ChloeDevil","floor":7},{"not_picked":["PrismaMod:ChloeCheapDefend","PrismaMod:ChloeExhaustOne","PrismaMod:ChloeDiscardRecovery"],"picked":"SKIP","floor":10},{"not_picked":["PrismaMod:ChloeExhaustOne","PrismaMod:ChloeAnyUncommonTrace","PrismaMod:ChloeBetterTracePools"],"picked":"SKIP","floor":11},{"not_picked":["PrismaMod:ChloeCheapAttackTwo","PrismaMod:ChloeExhaustTwo"],"picked":"PrismaMod:ChloeEyeOfTheEuryale","floor":13},{"not_picked":["PrismaMod:ChloeCommonAOEAttack","PrismaMod:ChloeCheapDefendTwo"],"picked":"PrismaMod:ChloeGaeBolg","floor":14},{"not_picked":["PrismaMod:ChloeAnyCommonTrace","PrismaMod:ChloeAnyUncommonTrace"],"picked":"PrismaMod:ChloeCarnivalAttack","floor":16},{"not_picked":["PrismaMod:ChloeGaeBolg","PrismaMod:ChloeUncommonAOEAttack"],"picked":"PrismaMod:ChloeCheapAttack+1","floor":18},{"not_picked":["PrismaMod:ChloeDiscardRecovery","PrismaMod:ChloeExcalibur"],"picked":"PrismaMod:ChloeCaladbolg","floor":19},{"not_picked":["PrismaMod:ChloeCheapAttackTwo","PrismaMod:ChloeCheapDefendTwo","PrismaMod:ChloeCheapAttack"],"picked":"SKIP","floor":20},{"not_picked":["PrismaMod:ChloeCheapAttackTwo","PrismaMod:ChloeCheapDefendTwo","PrismaMod:ChloeCheapAttack"],"picked":"SKIP","floor":20},{"not_picked":["PrismaMod:ChloeCheapAttack","PrismaMod:ChloeDemonicTutor"],"picked":"PrismaMod:ChloeCheapDefendTwo+1","floor":23},{"not_picked":["PrismaMod:ChloeCheapAttack+1","PrismaMod:ChloeCheapDefend","PrismaMod:ChloeCheapDefendTwo+1"],"picked":"SKIP","floor":24},{"not_picked":["PrismaMod:ChloeHalloween","PrismaMod:ChloeAnyCommonTrace"],"picked":"PrismaMod:ChloeMordred","floor":31},{"not_picked":["PrismaMod:ChloeUnlimitedBladeWorks","PrismaMod:ChloeDevil"],"picked":"PrismaMod:ChloeAnyRareTrace","floor":33},{"not_picked":["PrismaMod:ChloeDiscardRecovery"],"picked":"SKIP","floor":35}],"player_experience":601033,"relics_obtained":[{"floor":9,"key":"Pantograph"},{"floor":11,"key":"Mango"},{"floor":23,"key":"Bag of Marbles"},{"floor":26,"key":"Vajra"},{"floor":29,"key":"Red Mask"},{"floor":31,"key":"Blood Vial"}],"event_choices":[{"damage_healed":0,"gold_gain":0,"player_choice":"Obtained Relic","damage_taken":0,"relics_obtained":["Lantern"],"max_hp_gain":0,"max_hp_loss":0,"event_name":"Addict","floor":21,"gold_loss":85},{"damage_healed":0,"gold_gain":0,"player_choice":"Opened","damage_taken":0,"relics_obtained":["Sundial"],"max_hp_gain":0,"max_hp_loss":0,"event_name":"The Mausoleum","floor":22,"gold_loss":0},{"damage_healed":0,"gold_gain":99,"player_choice":"Stole From Cult","damage_taken":0,"max_hp_gain":0,"max_hp_loss":0,"event_name":"Nest","floor":27,"gold_loss":0},{"damage_healed":0,"gold_gain":0,"player_choice":"Fought Bandits","damage_taken":0,"max_hp_gain":0,"max_hp_loss":0,"event_name":"Masked Bandits","floor":29,"gold_loss":0},{"damage_healed":0,"gold_gain":0,"player_choice":"Fight","damage_taken":0,"max_hp_gain":0,"max_hp_loss":0,"event_name":"OrinTheCat","floor":36,"gold_loss":0}],"is_beta":false,"boss_relics":[{"not_picked":["Runic Pyramid","Fusion Hammer"],"picked":"Sozu"},{"not_picked":["Calling Bell","Philosopher\u0027s Stone"],"picked":"Busted Crown"}],"items_purged_floors":[2,25],"is_endless":false,"potions_floor_spawned":[1,3,14,16,19,20,24],"killed_by":"Orin","ascension_level":0}}