{"host":"dhlnk6yox2l1s6up","time":1611874695,"event":{"mods":["BaseMod","Bestiary","Colored Map","Highlight Path","Minty Spire (QoL Compilation)","Relic Stats","StSLib"],"gold_per_floor":[360,4,4,21,32,59,59,59,84,84,107,107,131,165,165,291,291,307,323,323,347,347,347,388,388,465,465,465],"floor_reached":27,"language":"ENG","playtime":1578,"items_purged":["Clumsy"],"score":374,"play_id":"831bd710-ada9-45c9-bcb2-b783c0b81db3","local_time":"20210128165815","is_ascension_mode":true,"campfire_choices":[{"data":"White Noise","floor":8,"key":"SMITH"},{"data":"Zap","floor":10,"key":"SMITH"},{"floor":15,"key":"REST"},{"data":"Creative AI","floor":23,"key":"SMITH"},{"floor":25,"key":"REST"}],"circlet_count":0,"master_deck":["Defend_B","Defend_B","Defend_B","Zap+1","Dualcast","White Noise+1","Chill","Glacier","Hologram","FTL","Rip and Tear","Beam Cell","Capacitor","Cold Snap","Creative AI+1","Double Energy+1","Conserve Battery+1","Bite","Bite","Bite","Bite","Bite","Hologram","Loop","Hologram+1","Seek"],"relics":["Cracked Core","Cables","Centennial Puzzle","Golden Idol","Dream Catcher","Pen Nib","Runic Dome","Oddly Smooth Stone"],"acts_visited":["Exordium","TheCity"],"potions_floor_usage":[14,16,27,27],"damage_taken":[{"damage":7,"enemies":"Jaw Worm","floor":1,"turns":3},{"damage":3,"enemies":"2 Louse","floor":4,"turns":2},{"damage":6,"enemies":"Cultist","floor":5,"turns":3},{"damage":22,"enemies":"3 Sentries","floor":6,"turns":10},{"damage":10,"enemies":"Gremlin Gang","floor":11,"turns":6},{"damage":0,"enemies":"Large Slime","floor":13,"turns":3},{"damage":3,"enemies":"Gremlin Nob","floor":14,"turns":3},{"damage":4,"enemies":"Slime Boss","floor":16,"turns":7},{"damage":22,"enemies":"2 Thieves","floor":18,"turns":4},{"damage":4,"enemies":"Spheric Guardian","floor":19,"turns":4},{"damage":17,"enemies":"3 Cultists","floor":21,"turns":7},{"damage":54,"enemies":"Slavers","floor":24,"turns":6},{"damage":30,"enemies":"Gremlin Leader","floor":27,"turns":3}],"seed_played":"1409427650741755026","potions_obtained":[{"floor":1,"key":"PotionOfCapacity"},{"floor":13,"key":"LiquidBronze"},{"floor":14,"key":"ColorlessPotion"},{"floor":19,"key":"FairyPotion"},{"floor":21,"key":"DuplicationPotion"}],"is_trial":false,"path_per_floor":["M","$","?","M","M","E","?","R","T","R","M","?","M","E","R","B",null,"M","M","?","M","?","R","E","R","T","E"],"character_chosen":"DEFECT","items_purchased":["Cables","Chill"],"campfire_rested":2,"item_purchase_floors":[2,2],"current_hp_per_floor":[61,61,54,51,45,23,23,23,23,23,13,13,13,10,30,26,58,36,32,32,37,37,37,11,25,25,0,0],"gold":465,"neow_bonus":"TWO_FIFTY_GOLD","is_daily":false,"chose_seed":false,"campfire_upgraded":3,"win_rate":0.0,"timestamp":1611874695,"path_taken":["M","$","?","M","M","E","?","R","T","R","M","?","?","E","R","BOSS","M","?","?","M","?","R","E","R","T","E"],"items_purchased_type":["Relic","Card"],"build_version":"2020-12-22","purchased_purges":1,"victory":false,"max_hp_per_floor":[75,75,75,75,75,75,69,69,69,69,69,69,69,69,69,69,69,69,69,48,48,48,48,48,48,48,48,48],"relic_stats":{"Centennial Puzzle":[24],"Dream Catcher":2,"counters":[13,61],"Golden Idol":61,"Pen Nib":[6],"obtain_stats":[{"Runic Dome":17,"Centennial Puzzle":6,"Dream Catcher":9,"Golden Idol":7,"Oddly Smooth Stone":24,"Pen Nib":14,"Cracked Core":0,"Cables":2},{"Runic Dome":8,"Centennial Puzzle":4,"Dream Catcher":4,"Golden Idol":4,"Oddly Smooth Stone":12,"Pen Nib":7,"Cracked Core":0,"Cables":1},{"Runic Dome":37,"Centennial Puzzle":18,"Dream Catcher":18,"Golden Idol":18,"Oddly Smooth Stone":58,"Pen Nib":30,"Cracked Core":0,"Cables":3}],"Cables":[47,24,23,0,0]},"card_choices":[{"not_picked":["Turbo","Barrage"],"picked":"White Noise","floor":1},{"not_picked":["Coolheaded","BootSequence"],"picked":"Glacier","floor":4},{"not_picked":["Reprogram","Heatsinks","Leap"],"picked":"SKIP","floor":5},{"not_picked":["Redo","Hello World"],"picked":"Hologram","floor":6},{"not_picked":["Barrage","Coolheaded"],"picked":"FTL","floor":11},{"not_picked":["Fission","Turbo"],"picked":"Beam Cell","floor":13},{"not_picked":["Leap","Gash"],"picked":"Capacitor","floor":14},{"not_picked":["Compile Driver","Leap"],"picked":"Cold Snap","floor":15},{"not_picked":["Seek","Hyperbeam"],"picked":"Creative AI","floor":16},{"not_picked":["Beam Cell","Static Discharge"],"picked":"Double Energy+1","floor":18},{"not_picked":["Double Energy","Leap+1"],"picked":"Conserve Battery+1","floor":19},{"not_picked":["Consume","Steam"],"picked":"Hologram","floor":21},{"not_picked":["Compile Driver","Leap"],"picked":"Hologram+1","floor":24},{"not_picked":["Ball Lightning","Consume+1"],"picked":"Seek","floor":25}],"player_experience":6002214,"relics_obtained":[{"floor":6,"key":"Centennial Puzzle"},{"floor":9,"key":"Dream Catcher"},{"floor":14,"key":"Pen Nib"},{"floor":24,"key":"Oddly Smooth Stone"}],"event_choices":[{"cards_removed":["Defend_B"],"damage_healed":0,"gold_gain":0,"player_choice":"Card Removal","damage_taken":7,"max_hp_gain":0,"max_hp_loss":0,"event_name":"Golden Wing","floor":3,"gold_loss":0},{"damage_healed":0,"gold_gain":0,"player_choice":"Lose Max HP","damage_taken":0,"relics_obtained":["Golden Idol"],"max_hp_gain":0,"max_hp_loss":6,"event_name":"Golden Idol","floor":7,"gold_loss":0},{"damage_healed":0,"gold_gain":0,"cards_transformed":["Strike_B"],"player_choice":"Transformed","damage_taken":0,"max_hp_gain":0,"max_hp_loss":0,"event_name":"Transmorgrifier","floor":12,"gold_loss":0,"cards_obtained":["Rip and Tear"]},{"damage_healed":0,"gold_gain":0,"player_choice":"Became a vampire","damage_taken":0,"max_hp_gain":0,"max_hp_loss":21,"event_name":"Vampires","floor":20,"gold_loss":0,"cards_obtained":["Bite","Bite","Bite","Bite","Bite"]},{"damage_healed":0,"gold_gain":0,"player_choice":"Read","damage_taken":0,"max_hp_gain":0,"max_hp_loss":0,"event_name":"The Library","floor":22,"gold_loss":0,"cards_obtained":["Loop"]}],"is_beta":false,"boss_relics":[{"not_picked":["Empty Cage","Snecko Eye"],"picked":"Runic Dome"}],"items_purged_floors":[2],"is_endless":false,"potions_floor_spawned":[1,13,14,19,21],"killed_by":"Gremlin Leader","ascension_level":9}}