{"host":"6v2706mfck5g68yr","time":1611794060,"event":{"mods":["BaseMod","BetterRewards","Card Forge","Colored Map","Minty Spire (QoL Compilation)","Shop Mod","StSLib","SuperFastMode"],"gold_per_floor":[109,124,135,149,167,167,196,210,210,221,248,248,98,118,118,219,219,239,253,253,266,276,276,276],"floor_reached":23,"language":"ENG","playtime":1212,"items_purged":["Strike_R"],"score":199,"play_id":"0c2dc9b8-6d74-4d16-beef-24566891fa2e","local_time":"20210127183420","is_ascension_mode":false,"campfire_choices":[{"data":"True Grit","floor":6,"key":"SMITH"},{"floor":15,"key":"REST"}],"circlet_count":0,"master_deck":["Strike_R","Strike_R","Strike_R","Defend_R","Defend_R","Defend_R","Defend_R","Bash","Iron Wave","True Grit+1","Feel No Pain","Battle Trance","Burning Pact","Spot Weakness","Flex","Double Tap","Barricade","Flame Barrier","True Grit+1","Impervious"],"relics":["Hammer of Thor","Seething Fire","Anvil of the Gods","Velvet Choker","Self Forming Clay","Odd Mushroom","Ornamental Fan","Black Star"],"acts_visited":["Exordium","TheCity"],"potions_floor_usage":[16,16,16,23,23],"damage_taken":[{"damage":0,"enemies":"Cultist","floor":1,"turns":3},{"damage":0,"enemies":"2 Louse","floor":2,"turns":2},{"damage":0,"enemies":"Small Slimes","floor":3,"turns":3},{"damage":10,"enemies":"Exordium Wildlife","floor":4,"turns":5},{"damage":10,"enemies":"Red Slaver","floor":5,"turns":4},{"damage":31,"enemies":"Gremlin Nob","floor":7,"turns":5},{"damage":1,"enemies":"3 Louse","floor":8,"turns":4},{"damage":0,"enemies":"Exordium Wildlife","floor":10,"turns":4},{"damage":7,"enemies":"The Mushroom Lair","floor":11,"turns":5},{"damage":3,"enemies":"Blue Slaver","floor":14,"turns":4},{"damage":37,"enemies":"Slime Boss","floor":16,"turns":14},{"damage":26,"enemies":"Spheric Guardian","floor":18,"turns":6},{"damage":10,"enemies":"Chosen","floor":19,"turns":7},{"damage":0,"enemies":"Snecko","floor":21,"turns":9},{"damage":24,"enemies":"Snake Plant","floor":22,"turns":6},{"damage":24,"enemies":"Gremlin Leader","floor":23,"turns":6}],"seed_played":"-4910374693764818940","potions_obtained":[{"floor":2,"key":"Dexterity Potion"},{"floor":10,"key":"LiquidMemories"},{"floor":11,"key":"Explosive Potion"},{"floor":18,"key":"Energy Potion"},{"floor":22,"key":"Dexterity Potion"}],"is_trial":false,"path_per_floor":["M","M","M","M","M","R","E","M","T","M","?","?","$","M","R","B",null,"M","M","?","M","M","E"],"character_chosen":"IRONCLAD","items_purchased":["Double Tap"],"campfire_rested":1,"item_purchase_floors":[13],"current_hp_per_floor":[80,80,80,70,60,60,29,28,28,28,21,18,18,15,39,2,80,54,44,44,44,20,0,0],"gold":276,"neow_bonus":"BOSS_RELIC","is_daily":false,"chose_seed":false,"campfire_upgraded":1,"win_rate":0.0,"timestamp":1611794060,"path_taken":["M","M","?","M","?","R","E","M","T","M","?","?","?","M","R","BOSS","M","M","?","M","M","E"],"items_purchased_type":["Card"],"build_version":"2020-12-22","purchased_purges":1,"victory":false,"max_hp_per_floor":[80,80,80,80,80,80,80,80,80,80,80,80,80,80,80,80,80,80,80,80,80,80,80,80],"card_choices":[{"not_picked":["Havoc","Perfected Strike"],"picked":"Iron Wave","floor":1},{"not_picked":["Wild Strike","Heavy Blade"],"picked":"True Grit","floor":2},{"not_picked":["Warcry","Twin Strike"],"picked":"Feel No Pain","floor":3},{"not_picked":["Cleave","Warcry"],"picked":"Battle Trance","floor":4},{"not_picked":["Bloodletting","Headbutt"],"picked":"Burning Pact","floor":5},{"not_picked":["Perfected Strike","Clash"],"picked":"Spot Weakness","floor":7},{"not_picked":["Feel No Pain","Reckless Charge","Body Slam"],"picked":"SKIP","floor":8},{"not_picked":["Shrug It Off","Rage"],"picked":"Flex","floor":10},{"not_picked":["Battle Trance","Twin Strike","Dark Embrace"],"picked":"SKIP","floor":14},{"not_picked":["Reaper","Fiend Fire"],"picked":"Barricade","floor":16},{"not_picked":["Second Wind+1","Carnage"],"picked":"Flame Barrier","floor":18},{"not_picked":["Combust","Sever Soul"],"picked":"True Grit+1","floor":19},{"not_picked":["Dropkick","Dual Wield","Thunderclap"],"picked":"SKIP","floor":21},{"not_picked":["Headbutt+1","Sword Boomerang+1"],"picked":"Impervious","floor":22}],"player_experience":264371,"relics_obtained":[{"floor":7,"key":"Self Forming Clay"},{"floor":11,"key":"Odd Mushroom"}],"event_choices":[{"damage_healed":0,"gold_gain":0,"player_choice":"Fought Mushrooms","damage_taken":0,"max_hp_gain":0,"max_hp_loss":0,"event_name":"Mushrooms","floor":11,"gold_loss":0},{"damage_healed":0,"gold_gain":0,"player_choice":"Success","damage_taken":3,"relics_obtained":["Ornamental Fan"],"max_hp_gain":0,"max_hp_loss":0,"event_name":"Scrap Ooze","floor":12,"gold_loss":0},{"cards_removed":["Strike_R"],"damage_healed":0,"gold_gain":0,"player_choice":"Purged","damage_taken":0,"max_hp_gain":0,"max_hp_loss":0,"event_name":"Purifier","floor":20,"gold_loss":0}],"is_beta":false,"boss_relics":[{"not_picked":["Astrolabe","SacredBark"],"picked":"Black Star"}],"items_purged_floors":[13],"is_endless":false,"potions_floor_spawned":[2,10,11,14,18,22],"killed_by":"Gremlin Leader","ascension_level":0}}