{"host":"wcu170u0llqv9dkc","time":1611843570,"event":{"mods":["2.2 Compatiblity","AchievementEnabler","AlwaysNeverKeys","BaseMod","Bestiary","Better Altar","Better Note","Better Skull","Better Third Choice","Colored Map","Colored Powertips","Curses Come First","Custom Start","Displayed Cursed Tome","Highlight Path","Minty Spire (QoL Compilation)","Permanent Neow","Relic Stats","Reliquary","StSLib","Unknown Chances"],"gold_per_floor":[115,13,30,30,43,69,69,85,109,134,0,0,44,62,62,193,193,216,216,236,35,55,55,55],"floor_reached":23,"language":"ENG","playtime":884,"items_purged":["Pain"],"score":264,"play_id":"0ab45ffc-2e76-48be-ae7f-a17a7dd8b8b3","local_time":"20210128111930","is_ascension_mode":true,"campfire_choices":[{"floor":7,"key":"REST"},{"floor":15,"key":"REST"}],"circlet_count":0,"master_deck":["Strike_G","Strike_G","Strike_G","Strike_G","Defend_G","Defend_G","Defend_G","Survivor","Neutralize","Backflip","Envenom","Well Laid Plans","Endless Agony","Crippling Poison","Enlightenment","Skewer","Cloak And Dagger","Corpse Explosion","Bouncing Flask+1","Acrobatics+1","Storm of Steel+1","Footwork","Blade Dance"],"relics":["reliquary:WritOfMandamus","Bag of Marbles","Lantern","Snake Skull","reliquary:ExpiredCoupon","Golden Idol","Bird Faced Urn","Astrolabe","WarpedTongs"],"acts_visited":["Exordium","TheCity"],"potions_floor_usage":[10,16,23,23],"damage_taken":[{"damage":12,"enemies":"Jaw Worm","floor":1,"turns":4},{"damage":3,"enemies":"Cultist","floor":3,"turns":5},{"damage":4,"enemies":"Small Slimes","floor":5,"turns":4},{"damage":49,"enemies":"Lagavulin","floor":6,"turns":8},{"damage":6,"enemies":"Blue Slaver","floor":8,"turns":4},{"damage":4,"enemies":"3 Sentries","floor":10,"turns":6},{"damage":12,"enemies":"Lagavulin","floor":13,"turns":8},{"damage":5,"enemies":"2 Fungi Beasts","floor":14,"turns":3},{"damage":11,"enemies":"Hexaghost","floor":16,"turns":9},{"damage":30,"enemies":"2 Thieves","floor":18,"turns":3},{"damage":6,"enemies":"3 Byrds","floor":20,"turns":2},{"damage":17,"enemies":"Snake Plant","floor":22,"turns":3},{"damage":21,"enemies":"Book of Stabbing","floor":23,"turns":4}],"seed_played":"-4514212214261765770","potions_obtained":[{"floor":6,"key":"DistilledChaos"},{"floor":10,"key":"LiquidBronze"},{"floor":14,"key":"ColorlessPotion"},{"floor":16,"key":"SpeedPotion"},{"floor":18,"key":"BlessingOfTheForge"}],"is_trial":false,"path_per_floor":["M","?","M","$","M","E","R","M","T","E","?","?","E","M","R","B",null,"M","?","M","$","M","E"],"character_chosen":"THE_SILENT","items_purchased":["Footwork","Blade Dance"],"campfire_rested":2,"item_purchase_floors":[21,21],"current_hp_per_floor":[58,58,55,55,51,2,23,17,17,13,19,19,7,6,27,20,58,30,30,28,28,13,0,0],"gold":55,"neow_bonus":"BOSS_RELIC","is_daily":false,"chose_seed":false,"campfire_upgraded":0,"win_rate":0.0,"timestamp":1611843570,"path_taken":["M","?","M","$","M","E","R","?","T","E","?","?","E","M","R","BOSS","M","?","M","$","M","E"],"items_purchased_type":["Card","Card"],"build_version":"2020-12-22","purchased_purges":1,"victory":false,"max_hp_per_floor":[70,70,70,70,70,70,70,70,70,70,76,70,70,70,70,70,70,70,70,70,70,70,70,70],"relic_stats":{"counters":[13,63],"Golden Idol":52,"Bird Faced Urn":[22],"Astrolabe":["Bouncing Flask","Acrobatics","Storm of Steel"],"Snake Skull":[78],"obtain_stats":[{"reliquary:ExpiredCoupon":10,"Lantern":6,"Golden Idol":12,"Bird Faced Urn":13,"Astrolabe":17,"Snake Skull":9,"Bag of Marbles":2,"reliquary:WritOfMandamus":0,"Ring of the Snake":0,"WarpedTongs":19},{"reliquary:ExpiredCoupon":6,"Lantern":4,"Golden Idol":6,"Bird Faced Urn":7,"Astrolabe":9,"Snake Skull":5,"Bag of Marbles":1,"reliquary:WritOfMandamus":0,"Ring of the Snake":0,"WarpedTongs":10},{"reliquary:ExpiredCoupon":31,"Lantern":21,"Golden Idol":31,"Bird Faced Urn":39,"Astrolabe":51,"Snake Skull":25,"Bag of Marbles":4,"reliquary:WritOfMandamus":0,"Ring of the Snake":0,"WarpedTongs":54}],"WarpedTongs":[9]},"card_choices":[{"not_picked":["Dagger Spray","Acrobatics"],"picked":"Backflip","floor":1},{"not_picked":["Outmaneuver","Acrobatics","Prepared"],"picked":"SKIP","floor":3},{"not_picked":["Expertise","Dagger Throw"],"picked":"Envenom","floor":5},{"not_picked":["Bane","Distraction"],"picked":"Well Laid Plans","floor":6},{"not_picked":["Bouncing Flask","Acrobatics"],"picked":"Endless Agony","floor":8},{"not_picked":["Flying Knee","Deflect"],"picked":"Crippling Poison","floor":10},{"not_picked":["Dodge and Roll","PiercingWail"],"picked":"Skewer","floor":13},{"not_picked":["Poisoned Stab","Slice"],"picked":"Cloak And Dagger","floor":14},{"not_picked":["Tools of the Trade","Adrenaline"],"picked":"Corpse Explosion","floor":16},{"not_picked":["Flying Knee+1","Prepared","Cloak And Dagger"],"picked":"SKIP","floor":18},{"not_picked":["Flying Knee","Endless Agony","Blur"],"picked":"SKIP","floor":20},{"not_picked":["Deadly Poison","Outmaneuver+1","Dodge and Roll"],"picked":"SKIP","floor":22}],"player_experience":498177,"relics_obtained":[{"floor":6,"key":"Lantern"},{"floor":9,"key":"Snake Skull"},{"floor":10,"key":"reliquary:ExpiredCoupon"},{"floor":13,"key":"Bird Faced Urn"}],"event_choices":[{"damage_healed":0,"gold_gain":0,"player_choice":"Paid Gold","damage_taken":0,"relics_obtained":["Bag of Marbles"],"max_hp_gain":0,"max_hp_loss":0,"event_name":"WeMeetAgain","floor":2,"gold_loss":102},{"damage_healed":0,"gold_gain":0,"player_choice":"RENOUNCE","damage_taken":134,"max_hp_gain":0,"max_hp_loss":0,"event_name":"betterThird:BetterSerpent","floor":11,"gold_loss":134,"cards_obtained":["Enlightenment"]},{"damage_healed":0,"gold_gain":0,"player_choice":"Lose Max HP","damage_taken":0,"relics_obtained":["Golden Idol"],"max_hp_gain":0,"max_hp_loss":6,"event_name":"Golden Idol","floor":12,"gold_loss":0},{"damage_healed":0,"gold_gain":0,"player_choice":"Rummage","damage_taken":0,"relics_obtained":["WarpedTongs"],"max_hp_gain":0,"max_hp_loss":0,"event_name":"Accursed Blacksmith","floor":19,"gold_loss":0,"cards_obtained":["Pain"]}],"is_beta":false,"boss_relics":[{"not_picked":["Coffee Dripper","WristBlade"],"picked":"Astrolabe"}],"items_purged_floors":[21],"is_endless":false,"potions_floor_spawned":[6,10,14,16,18,20],"killed_by":"Book of Stabbing","ascension_level":5}}