{"host":"xnmm48bggm313m0r","time":1611796578,"event":{"mods":["Arknights The Spire","BaseMod","Curses Come First","Hermit","KOR Keyword Fix","Lobotomy","Minty Spire (QoL Compilation)","Replay The Spire","StSLib","The Dragon Tamer"],"gold_per_floor":[99,99,99,115,115,115,158,182,182,182,207,132,145,163,163,294,294,312,326,326,53,78,78,119,119,119,135,175,196,231,264,264,389,389,403,423,423,135,148,148,164,177,177,197,197,197,217,230,230,350,350,350,365,465,485,508,543,543,559,559,559,599,622,622,472,472,597,597,622,638,122,142,48,48,48,48,79,79,93,111,111,136,136,259,259,273,289,307,58,96,96,96,136,172,191,214,214,234,234,234,234,234],"floor_reached":101,"language":"KOR","playtime":5242,"items_purged":["Demon Form","Regret","Writhe","Crippling Poison","Deadly Poison","Slice"],"score":2008,"play_id":"6c1f5d43-d35f-41ac-93db-2f8354be5bf1","local_time":"20210128101618","daily_mods":["Draft","Heirloom","Time Dilation"],"is_ascension_mode":false,"campfire_choices":[{"data":"Crippling Poison","floor":6,"key":"SMITH"},{"data":"Crippling Poison","floor":23,"key":"SMITH"},{"data":"DevaForm","floor":25,"key":"SMITH"},{"data":"Catalyst","floor":40,"key":"SMITH"},{"floor":45,"key":"REST"},{"floor":49,"key":"REST"},{"data":"Draining Mist","floor":58,"key":"SMITH"},{"data":"Wraith Form v2","floor":61,"key":"SMITH"},{"data":"Echo Form","floor":66,"key":"SMITH"},{"data":"Bandage Up","floor":74,"key":"SMITH"},{"data":"Bouncing Flask","floor":76,"key":"SMITH"},{"data":"Adrenaline","floor":78,"key":"SMITH"},{"data":"Crippling Poison","floor":83,"key":"SMITH"},{"floor":92,"key":"REST"},{"floor":100,"key":"REST"}],"circlet_count":0,"master_deck":["Wraith Form v2+1","Echo Form+1","DevaForm+1","PiercingWail","Flying Knee","Crippling Poison+1","Endless Agony","Deflect","Flying Knee","Dodge and Roll","Poisoned Stab","Deflect","Backflip","Deadly Poison","Poisoned Stab","Wraith Form v2+1","Bouncing Flask+1","Accuracy+1","Quick Slash","Deflect","Adrenaline+1","Dodge and Roll","Crippling Poison+1","Corpse Explosion","PiercingWail+1","HandOfGreed","Poisoned Stab+1","Bane","Outmaneuver+1","Draining Mist+1","Corpse Explosion","Sucker Punch+1","Catalyst+1","Crippling Poison+1","Die Die Die","Dash+1","ReplayTheSpireMod:Tripwire","Good Instincts+1","Poisoned Stab+1","The Bomb","Catalyst","ReplayTheSpireMod:Tripwire","Bandage Up+1","Slice+1","Poisoned Stab+1","Replay:Bag of Tricks","Riddle With Holes+1","Riddle With Holes+1","Crippling Poison+1","Parasite","HandOfGreed+1"],"relics":["Unceasing Top","replay:Trail_Library","CaptainsWheel","Golden Idol","Ninja Scroll","Mummified Hand","Chameleon Ring","ReplayTheSpireMod:Ring of Addiction","White Beast Statue","SacredBark","Ring of Peace","Ancient Tea Set","Shuriken","Pondfish Scales","Centennial Puzzle","Pen Nib","ReplayTheSpireMod:Shallot","replay:Trail_Library","Molten Egg 2","SlaversCollar","Black Star"],"acts_visited":["Exordium","TheCity","TheBeyond","Exordium","TheCity","TheBeyond"],"potions_floor_usage":[11,13,14,16,16,22,27,28,29,30,31,33,33,33,36,39,41,42,44,47,48,50,50,56,56,57,57,62,63,69,70,72,77,82,82,84,84,86,88,88,93,94,95,98,98,101],"damage_taken":[{"damage":2,"enemies":"Small Slimes","floor":4,"turns":3},{"damage":11,"enemies":"Jaw Worm","floor":5,"turns":2},{"damage":4,"enemies":"Gremlin Nob","floor":7,"turns":4},{"damage":0,"enemies":"Cultist","floor":8,"turns":2},{"damage":0,"enemies":"Large Slime","floor":11,"turns":5},{"damage":0,"enemies":"Exordium Wildlife","floor":13,"turns":2},{"damage":0,"enemies":"3 Louse","floor":14,"turns":1},{"damage":38,"enemies":"Fading Forest","floor":16,"turns":11},{"damage":0,"enemies":"Spheric Guardian","floor":18,"turns":4},{"damage":0,"enemies":"3 Byrds","floor":19,"turns":4},{"damage":0,"enemies":"Sentry and Sphere","floor":22,"turns":3},{"damage":5,"enemies":"Chosen and Byrds","floor":24,"turns":5},{"damage":0,"enemies":"Centurion and Healer","floor":27,"turns":5},{"damage":0,"enemies":"Gremlin Leader","floor":28,"turns":2},{"damage":4,"enemies":"Shelled Parasite and Fungi","floor":29,"turns":3},{"damage":4,"enemies":"Replay:Snechameleon","floor":30,"turns":5},{"damage":2,"enemies":"Cultist and Chosen","floor":31,"turns":4},{"damage":0,"enemies":"Automaton","floor":33,"turns":7},{"damage":22,"enemies":"3 Shapes","floor":35,"turns":2},{"damage":0,"enemies":"Orb Walker","floor":36,"turns":3},{"damage":21,"enemies":"Sphere and 2 Shapes","floor":39,"turns":5},{"damage":0,"enemies":"3 Darklings","floor":41,"turns":3},{"damage":0,"enemies":"Transient","floor":42,"turns":5},{"damage":5,"enemies":"Sphere and 2 Shapes","floor":44,"turns":2},{"damage":0,"enemies":"4 Shapes","floor":47,"turns":2},{"damage":0,"enemies":"Writhing Mass","floor":48,"turns":5},{"damage":26,"enemies":"Replay:Hell Engine","floor":50,"turns":9},{"damage":0,"enemies":"2 Louse","floor":53,"turns":2},{"damage":0,"enemies":"Jaw Worm","floor":55,"turns":2},{"damage":0,"enemies":"Cultist","floor":56,"turns":2},{"damage":0,"enemies":"3 Sentries","floor":57,"turns":4},{"damage":0,"enemies":"3 Louse","floor":59,"turns":1},{"damage":0,"enemies":"Gremlin Nob","floor":62,"turns":2},{"damage":0,"enemies":"Gremlin Gang","floor":63,"turns":1},{"damage":0,"enemies":"The Guardian","floor":67,"turns":6},{"damage":0,"enemies":"Spheric Guardian","floor":69,"turns":4},{"damage":0,"enemies":"3 Byrds","floor":70,"turns":4},{"damage":0,"enemies":"3 Cultists","floor":72,"turns":4},{"damage":0,"enemies":"Book of Stabbing","floor":77,"turns":6},{"damage":0,"enemies":"Sentry and Sphere","floor":79,"turns":3},{"damage":15,"enemies":"Shelled Parasite and Fungi","floor":80,"turns":4},{"damage":0,"enemies":"Centurion and Healer","floor":82,"turns":2},{"damage":0,"enemies":"Champ","floor":84,"turns":3},{"damage":13,"enemies":"3 Darklings","floor":86,"turns":4},{"damage":16,"enemies":"3 Shapes","floor":87,"turns":4},{"damage":0,"enemies":"3 Darklings","floor":88,"turns":4},{"damage":17,"enemies":"4 Shapes","floor":90,"turns":4},{"damage":0,"enemies":"Reptomancer","floor":93,"turns":4},{"damage":0,"enemies":"Giant Head","floor":94,"turns":4},{"damage":1,"enemies":"Writhing Mass","floor":95,"turns":7},{"damage":28,"enemies":"Jaw Worm Horde","floor":96,"turns":4},{"damage":29,"enemies":"Maw","floor":98,"turns":7},{"damage":35,"enemies":"Replay:Hell Engine","floor":101,"turns":5}],"seed_played":"3453705081246284287","potions_obtained":[{"floor":8,"key":"LiquidBronze"},{"floor":10,"key":"Energy Potion"},{"floor":10,"key":"LifebloodPotion"},{"floor":10,"key":"FairyPotion"},{"floor":11,"key":"DistilledChaos"},{"floor":13,"key":"Adrenaline Potion"},{"floor":14,"key":"Weak Potion"},{"floor":16,"key":"SmokeBomb"},{"floor":18,"key":"Block Potion"},{"floor":19,"key":"AttackPotion"},{"floor":22,"key":"Elixir"},{"floor":24,"key":"Milkshake"},{"floor":27,"key":"DistilledChaos"},{"floor":28,"key":"Poison Potion"},{"floor":29,"key":"Weak Potion"},{"floor":30,"key":"Poison Potion"},{"floor":31,"key":"FearPotion"},{"floor":33,"key":"EssenceOfSteel"},{"floor":35,"key":"SpeedPotion"},{"floor":36,"key":"Languid Potion"},{"floor":39,"key":"Weak Potion"},{"floor":41,"key":"Energy Potion"},{"floor":42,"key":"AttackPotion"},{"floor":44,"key":"Energy Potion"},{"floor":47,"key":"PowerPotion"},{"floor":48,"key":"Dexterity Potion"},{"floor":50,"key":"Block Potion"},{"floor":53,"key":"Adrenaline Potion"},{"floor":55,"key":"LiquidBronze"},{"floor":56,"key":"Swift Potion"},{"floor":57,"key":"Explosive Potion"},{"floor":59,"key":"Swift Potion"},{"floor":62,"key":"Strength Potion"},{"floor":63,"key":"GamblersBrew"},{"floor":67,"key":"Adrenaline Potion"},{"floor":69,"key":"Poison Potion"},{"floor":70,"key":"Elixir"},{"floor":72,"key":"SteroidPotion"},{"floor":77,"key":"ColorlessPotion"},{"floor":82,"key":"DuplicationPotion"},{"floor":84,"key":"Elixir"},{"floor":86,"key":"CultistPotion"},{"floor":87,"key":"Languid Potion"},{"floor":88,"key":"DuplicationPotion"},{"floor":90,"key":"Weak Potion"},{"floor":93,"key":"GamblersBrew"},{"floor":94,"key":"Swift Potion"},{"floor":95,"key":"BlessingOfTheForge"},{"floor":96,"key":"Adrenaline Potion"},{"floor":98,"key":"SteroidPotion"}],"is_trial":true,"path_per_floor":["?","?","?","M","M","R","E","M","T","?","M","$","M","M","R","B",null,"M","M","?","$","M","R","M","R","T","M","E","M","E","M","R","B",null,"M","M","?","$","M","R","M","M","T","M","R","?","M","M","R","B",null,"?","M","?","M","M","E","R","M","T","R","E","M","?","$","R","B",null,"M","M","$","M","$","R","?","R","E","R","M","M","$","M","R","B",null,"M","M","M","$","M","?","R","E","E","M","M","$","M","?","R","B"],"character_chosen":"THE_SILENT","items_purchased":["HandOfGreed","The Bomb","Poisoned Stab+1","The Bomb","Catalyst","ReplayTheSpireMod:Tripwire","Bandage Up","Riddle With Holes+1"],"campfire_rested":4,"item_purchase_floors":[21,38,71,71,71,71,73,89],"current_hp_per_floor":[70,53,53,51,40,40,36,36,36,36,36,36,36,36,36,63,70,70,70,68,68,68,68,63,63,63,63,63,59,55,53,66,66,66,44,44,44,44,23,23,23,23,23,18,37,37,37,37,56,30,66,66,66,64,64,64,64,64,64,64,62,62,62,62,62,62,60,60,60,60,60,60,60,60,60,58,58,58,58,43,43,49,49,49,56,43,27,33,33,22,22,38,44,50,53,25,25,2,2,18,0,0],"gold":234,"neow_bonus":"","is_daily":false,"chose_seed":false,"campfire_upgraded":11,"win_rate":0.0,"timestamp":1611796578,"path_taken":["?","?","?","?","M","R","E","M","T","?","M","?","M","M","R","BOSS","M","M","?","$","M","R","M","R","T","M","E","M","E","M","R","BOSS","M","M","?","$","M","R","M","M","T","M","R","?","?","M","R","BOSS","?","M","?","M","M","E","R","M","T","R","E","?","?","$","R","BOSS","M","M","$","M","$","R","?","R","E","R","M","?","$","M","R","BOSS","M","M","M","$","M","?","R","E","E","M","M","$","M","?","R","BOSS"],"items_purchased_type":["Card","Card","Card","Card","Card","Card","Card","Card"],"build_version":"2020-12-22","purchased_purges":6,"victory":false,"max_hp_per_floor":[70,70,70,70,70,70,70,70,70,70,70,70,70,70,70,70,70,70,70,68,68,68,68,68,68,66,66,66,66,66,66,66,66,66,66,66,66,66,66,66,66,66,66,66,66,66,66,66,66,66,66,66,66,64,64,64,64,64,64,64,62,62,62,62,62,62,60,60,60,60,60,60,60,60,60,58,58,58,58,58,56,56,56,56,56,56,56,56,56,56,56,54,54,54,54,54,54,54,54,54,54,54],"card_choices":[{"not_picked":["Blade Dance","Expertise"],"picked":"PiercingWail","floor":0},{"not_picked":["Hidden Blade","Sucker Punch"],"picked":"Flying Knee","floor":0},{"not_picked":["Deflect","Sucker Punch"],"picked":"Crippling Poison","floor":0},{"not_picked":["Masterful Stab","Underhanded Strike"],"picked":"Endless Agony","floor":0},{"not_picked":["Dodge and Roll","Dagger Throw"],"picked":"Deflect","floor":0},{"not_picked":["Skewer","Setup"],"picked":"Flying Knee","floor":0},{"not_picked":["Concentrate","Outmaneuver"],"picked":"Deadly Poison","floor":0},{"not_picked":["Flying Knee","Prepared"],"picked":"Slice","floor":0},{"not_picked":["Hidden Blade","Sucker Punch"],"picked":"Dodge and Roll","floor":0},{"not_picked":["Slice","Blade Dance"],"picked":"Poisoned Stab","floor":0},{"not_picked":["Footwork","Caltrops"],"picked":"Deflect","floor":0},{"not_picked":["Dodge and Roll","Prepared"],"picked":"Backflip","floor":0},{"not_picked":["Underhanded Strike","Predator"],"picked":"Deadly Poison","floor":0},{"not_picked":["Calculated Gamble","Dodge and Roll"],"picked":"Deadly Poison","floor":0},{"not_picked":["Backflip","Flying Knee"],"picked":"Poisoned Stab","floor":0},{"not_picked":["Underhanded Strike","Eviscerate"],"picked":"Bouncing Flask","floor":4},{"not_picked":["Backflip","Endless Agony"],"picked":"Accuracy","floor":5},{"not_picked":["Distraction","Sucker Punch"],"picked":"Quick Slash","floor":7},{"not_picked":["Sucker Punch","Distraction"],"picked":"Deflect","floor":8},{"not_picked":["Accuracy","Dagger Throw"],"picked":"Dodge and Roll","floor":11},{"not_picked":["Outmaneuver","ReplayTheSpireMod:Shiv Toss","Cloak And Dagger"],"picked":"SKIP","floor":13},{"not_picked":["Escape Plan","Envenom"],"picked":"Crippling Poison","floor":14},{"not_picked":["ReplayTheSpireMod:From All Sides","Burst"],"picked":"Corpse Explosion","floor":16},{"not_picked":["Quick Slash","Masterful Stab","Sucker Punch+1"],"picked":"SKIP","floor":18},{"not_picked":["Hidden Blade+1","Acrobatics"],"picked":"PiercingWail+1","floor":19},{"not_picked":["Blade Dance","Deadly Poison"],"picked":"Poisoned Stab+1","floor":22},{"not_picked":["Calculated Gamble","Cloak And Dagger","Masterful Stab"],"picked":"SKIP","floor":24},{"not_picked":["Outmaneuver","Blade Dance+1"],"picked":"Bane","floor":27},{"not_picked":["After Image","Underhanded Strike+1"],"picked":"Riddle With Holes+1","floor":28},{"not_picked":["Deadly Poison+1","Endless Agony","ReplayTheSpireMod:Scrap Shanks"],"picked":"SKIP","floor":29},{"not_picked":["Dagger Throw","Blur+1"],"picked":"Outmaneuver+1","floor":30},{"not_picked":["ReplayTheSpireMod:Speed Training","Well Laid Plans+1"],"picked":"Draining Mist","floor":31},{"not_picked":["Adrenaline","Tools of the Trade"],"picked":"Corpse Explosion","floor":33},{"not_picked":["Setup+1","Dodge and Roll"],"picked":"Sucker Punch+1","floor":35},{"not_picked":["Tactician","Prepared"],"picked":"Toxin Wave","floor":36},{"not_picked":["Footwork+1","Cloak And Dagger+1"],"picked":"Catalyst","floor":39},{"not_picked":["Slice+1","Terror+1","Hidden Blade+1"],"picked":"SKIP","floor":41},{"not_picked":["Footwork+1","Skewer","Choke"],"picked":"SKIP","floor":42},{"not_picked":["Blade Dance","Caltrops","Poisoned Stab"],"picked":"SKIP","floor":44},{"not_picked":["Underhanded Strike","ReplayTheSpireMod:Exploit Weakness+1","Endless Agony+1"],"picked":"SKIP","floor":47},{"not_picked":["Poisoned Stab","Caltrops+1","Outmaneuver"],"picked":"SKIP","floor":48},{"not_picked":["Grand Finale","ReplayTheSpireMod:Necrosis"],"picked":"Die Die Die","floor":50},{"not_picked":["Cloak And Dagger","Slice"],"picked":"Crippling Poison","floor":53},{"not_picked":["Prepared","Masterful Stab","Tactician"],"picked":"SKIP","floor":55},{"not_picked":["Flying Knee","Deadly Poison","Infinite Blades"],"picked":"SKIP","floor":56},{"not_picked":["Glass Knife","Distraction","Dodge and Roll"],"picked":"SKIP","floor":57},{"not_picked":["Terror","Hidden Blade","ReplayTheSpireMod:Scrap Shanks"],"picked":"SKIP","floor":59},{"not_picked":["Quick Slash+1","Bouncing Flask","Eviscerate+1"],"picked":"SKIP","floor":62},{"not_picked":["Cloak And Dagger","Endless Agony+1","Sucker Punch+1"],"picked":"SKIP","floor":63},{"not_picked":["Distraction","Deadly Poison","Leg Sweep+1"],"picked":"SKIP","floor":69},{"not_picked":["Blur+1","Footwork+1","Tactician"],"picked":"SKIP","floor":70},{"not_picked":["ReplayTheSpireMod:Shiv Toss","Dagger Throw+1","Acrobatics"],"picked":"SKIP","floor":72},{"not_picked":["Infinite Blades","Sneak Up"],"picked":"Slice+1","floor":77},{"not_picked":["Concentrate","ReplayTheSpireMod:Speed Training+1"],"picked":"Poisoned Stab+1","floor":79},{"not_picked":["Deflect","Quick Slash+1","Toxin Wave"],"picked":"SKIP","floor":80},{"not_picked":["Tactician","PiercingWail","Reflex"],"picked":"SKIP","floor":82},{"not_picked":["Glass Knife+1","Unload+1"],"picked":"Replay:Bag of Tricks","floor":84},{"not_picked":["Acrobatics","Deflect"],"picked":"Riddle With Holes+1","floor":86},{"not_picked":["Caltrops","Sneak Up+1","Quick Slash+1"],"picked":"SKIP","floor":87},{"not_picked":["Slice+1","Caltrops+1","Outmaneuver+1"],"picked":"SKIP","floor":88},{"not_picked":["Catalyst+1","Acrobatics+1"],"picked":"Crippling Poison+1","floor":90},{"not_picked":["Backflip+1","Choke+1","Blade Dance"],"picked":"SKIP","floor":93},{"not_picked":["Sucker Punch+1","Finisher+1","Backflip"],"picked":"SKIP","floor":94},{"not_picked":["Slice+1","Dagger Throw+1","Deadly Poison+1"],"picked":"SKIP","floor":95},{"not_picked":["Toxin Wave","Dodge and Roll","Tactician+1"],"picked":"SKIP","floor":96},{"not_picked":["ReplayTheSpireMod:Exploit Weakness","Fluid Movement","Replay:Bag of Tricks"],"picked":"SKIP","floor":98}],"player_experience":139085,"relics_obtained":[{"floor":7,"key":"Mummified Hand"},{"floor":9,"key":"Chameleon Ring"},{"floor":10,"key":"ReplayTheSpireMod:Ring of Addiction"},{"floor":10,"key":"White Beast Statue"},{"floor":10,"key":"SacredBark"},{"floor":10,"key":"Ring of Peace"},{"floor":26,"key":"Pondfish Scales"},{"floor":28,"key":"Centennial Puzzle"},{"floor":30,"key":"Pen Nib"},{"floor":43,"key":"ReplayTheSpireMod:Shallot"},{"floor":60,"key":"Molten Egg 2"}],"event_choices":[{"damage_healed":0,"gold_gain":0,"player_choice":"Take Damage","damage_taken":17,"relics_obtained":["Golden Idol"],"max_hp_gain":0,"max_hp_loss":0,"event_name":"Golden Idol","floor":2,"gold_loss":0},{"cards_removed":["DTMod:ResonanceForm"],"damage_healed":0,"gold_gain":0,"player_choice":"Gave Card","damage_taken":0,"relics_obtained":["Ninja Scroll"],"max_hp_gain":0,"max_hp_loss":0,"event_name":"WeMeetAgain","floor":3,"gold_loss":0},{"damage_healed":0,"gold_gain":0,"player_choice":"Box","damage_taken":0,"relics_obtained":["Ancient Tea Set"],"max_hp_gain":0,"max_hp_loss":0,"event_name":"Big Fish","floor":15,"gold_loss":0,"cards_obtained":["Regret"]},{"damage_healed":0,"gold_gain":0,"player_choice":"Opened","damage_taken":0,"relics_obtained":["Shuriken"],"max_hp_gain":0,"max_hp_loss":0,"event_name":"The Mausoleum","floor":20,"gold_loss":0,"cards_obtained":["Writhe"]},{"cards_removed":["Riddle With Holes"],"damage_healed":0,"gold_gain":0,"player_choice":"Removed Attack","damage_taken":0,"max_hp_gain":0,"max_hp_loss":0,"event_name":"Falling","floor":37,"gold_loss":0},{"damage_healed":0,"gold_gain":0,"player_choice":"Memory 1","damage_taken":0,"max_hp_gain":0,"max_hp_loss":0,"event_name":"SensoryStone","floor":46,"gold_loss":0},{"damage_healed":0,"gold_gain":100,"player_choice":"Gold","damage_taken":0,"max_hp_gain":0,"max_hp_loss":0,"event_name":"Wheel of Change","floor":54,"gold_loss":0},{"damage_healed":0,"gold_gain":0,"player_choice":"0 cards matched","damage_taken":0,"max_hp_gain":0,"max_hp_loss":0,"event_name":"Match and Keep!","floor":75,"gold_loss":0,"cards_obtained":[]},{"damage_healed":0,"gold_gain":0,"player_choice":"Memory 1","damage_taken":0,"max_hp_gain":0,"max_hp_loss":0,"event_name":"SensoryStone","floor":91,"gold_loss":0}],"is_beta":false,"boss_relics":[{"not_picked":["Kintsugi","Velvet Choker","Replay:Drink Me"]},{"not_picked":["Replay:Ancient Bell","Sozu","Coffee Dripper"]},{"not_picked":["Cursed Key","Abe\u0027s Treasure","Busted Crown"]},{"not_picked":["Kintsugi","Sozu"],"picked":"SlaversCollar"},{"not_picked":["Velvet Choker","Snecko Eye"],"picked":"Black Star"}],"items_purged_floors":[12,21,38,65,71,89],"is_endless":true,"potions_floor_spawned":[5,8,11,13,14,16,18,19,22,24,27,28,29,30,31,33,35,36,39,41,42,44,47,48,50,53,55,56,57,59,62,63,67,69,70,72,77,79,80,82,84,86,87,88,90,93,94,95,96,98],"killed_by":"Replay:Hell Engine","ascension_level":0}}