{"host":"v6p2g6darcbso1ds","time":1611853757,"event":{"mods":["BaseMod","Colored Powertips","Downfall","Hermit","Minty Spire (QoL Compilation)","Replay The Spire","StSLib","The Cursed"],"gold_per_floor":[109,122,138,16,26,26,60,72,72,72,72,136,68,129,129,228,228,241,241,255,255,268,295,320,320,320,320,333,333,360,379,379,476,476,540,605,605,801,856,856,856,876,876,889,128,168,193,7,7,7],"floor_reached":51,"language":"ENG","playtime":6930,"items_purged":[],"score":1298,"play_id":"30a04079-9322-4abb-bfae-abea97dabbe8","local_time":"20210128100917","is_ascension_mode":false,"campfire_choices":[{"floor":6.0,"key":"REST"},{"floor":11.0,"key":"REST"},{"floor":15.0,"key":"REST"},{"floor":27.0,"key":"REST"},{"floor":29.0,"key":"REST"},{"floor":32.0,"key":"DIG"},{"floor":40.0,"key":"DIG"},{"floor":49,"key":"DIG"}],"circlet_count":0,"master_deck":["TheCursedMod:Strike_TheCursed","TheCursedMod:Strike_TheCursed","TheCursedMod:Strike_TheCursed","TheCursedMod:Defend_TheCursed","TheCursedMod:Defend_TheCursed","TheCursedMod:Defend_TheCursed","TheCursedMod:CursedWand","TheCursedMod:CleanUpWorkshop","TheCursedMod:Dregs","Injury","TheCursedMod:VoidForm","TheCursedMod:CircleOfFlame","TheCursedMod:Hemoplague","TheCursedMod:CursedShiv","TheCursedMod:HellsGateOpen","TheCursedMod:CircleOfCorruption","TheCursedMod:CursedAmulet","TheCursedMod:SpitefulPray","TheCursedMod:HellfireBreathing","Amnesia","TheCursedMod:CursedShiv","TheCursedMod:Mangle","TheCursedMod:StingEye","TheCursedMod:CollectTribute","TheCursedMod:FleshFromBone+1","TheCursedMod:SoulReap","TheCursedMod:CursedAmulet+1","TheCursedMod:CircleOfBlood","TheCursedMod:SoulReap","TheCursedMod:CursedShiv+1","TheCursedMod:SmokeScreen","TheCursedMod:CursedStaff","TheCursedMod:CircleOfCorruption+1","TheCursedMod:RapidMovement","TheCursedMod:EmpowerCircles+1","TheCursedMod:StunningStrike","TheCursedMod:LuckyCharm+1","TheCursedMod:CircleOfFlame+1","ReplayTheSpireMod:Splinters","TheCursedMod:CircleOfAmplification+1","TheCursedMod:VitalStrike+1","Madness","Madness","TheCursedMod:CursedSpellbook","Languid","TheCursedMod:SurpriseAttack+1","TheCursedMod:EmpowerCircles","bronze:BuggyMess+1","hermit:Misfire+1","ReplayTheSpireMod:Necrogeddon"],"relics":["TheCursedMod:BlackMagicAdvanced","Lizard Tail","HornCleat","Ring of Misfortune","ReplayTheSpireMod:Ring of Challenge","Replay:Accelerometer","ReplayTheSpireMod:Ninjato","TheCursedMod:BloodyHarpoon","Letter Opener","Cursed Key","Happy Flower","Shovel","TungstenRod","Replay:Ringing Soul","Calipers","PrismaticShard","Question Card","Orichalcum","Gambling Chip"],"acts_visited":["Exordium","TheCity","TheBeyond"],"potions_floor_usage":[50,50],"damage_taken":[{"damage":1.0,"enemies":"Cultist","floor":1.0,"turns":4.0},{"damage":2.0,"enemies":"Small Slimes","floor":2.0,"turns":3.0},{"damage":11.0,"enemies":"2 Louse","floor":3.0,"turns":2.0},{"damage":18.0,"enemies":"2 Fungi Beasts","floor":5.0,"turns":4.0},{"damage":12.0,"enemies":"3 Sentries","floor":7.0,"turns":7.0},{"damage":5.0,"enemies":"Looter","floor":8.0,"turns":3.0},{"damage":0.0,"enemies":"Blue Slaver","floor":12.0,"turns":4.0},{"damage":3.0,"enemies":"Exordium Wildlife","floor":14.0,"turns":4.0},{"damage":8.0,"enemies":"The Guardian","floor":16.0,"turns":6.0},{"damage":14.0,"enemies":"2 Thieves","floor":18.0,"turns":4.0},{"damage":0.0,"enemies":"Chosen","floor":20.0,"turns":5.0},{"damage":1.0,"enemies":"Shelled Parasite and Fungi","floor":22.0,"turns":4.0},{"damage":24.0,"enemies":"3 Cultists","floor":23.0,"turns":6.0},{"damage":37.0,"enemies":"Slavers","floor":24.0,"turns":5.0},{"damage":0.0,"enemies":"Cultist and Chosen","floor":28.0,"turns":6.0},{"damage":10.0,"enemies":"Replay:Snechameleon","floor":30.0,"turns":7.0},{"damage":0.0,"enemies":"Snecko","floor":31.0,"turns":5.0},{"damage":0.0,"enemies":"Pondfish","floor":33.0,"turns":8.0},{"damage":9.0,"enemies":"3 Darklings","floor":35.0,"turns":4.0},{"damage":0.0,"enemies":"Mind Bloom Boss Battle","floor":36.0,"turns":5.0},{"damage":0.0,"enemies":"3 Shapes","floor":39.0,"turns":5.0},{"damage":0.0,"enemies":"Transient","floor":42.0,"turns":5.0},{"damage":0.0,"enemies":"Sphere and 2 Shapes","floor":44.0,"turns":6.0},{"damage":0.0,"enemies":"Reptomancer","floor":46.0,"turns":5.0},{"damage":0.0,"enemies":"3 Darklings","floor":47.0,"turns":6.0},{"damage":4.0,"enemies":"2 Orb Walkers","floor":49.0,"turns":5.0},{"damage":0,"enemies":"Donu and Deca","floor":50,"turns":4}],"seed_played":"234975545894172410","potions_obtained":[{"floor":1.0,"key":"champ:CounterPotion"},{"floor":5.0,"key":"Venom Potion"},{"floor":14.0,"key":"Fruit Juice"},{"floor":21.0,"key":"SkillPotion"},{"floor":21.0,"key":"FearPotion"},{"floor":21.0,"key":"Flashbang"},{"floor":23.0,"key":"Fire Potion"},{"floor":30.0,"key":"LiquidBronze"},{"floor":31.0,"key":"Venom Potion"},{"floor":46.0,"key":"Strength Potion"},{"floor":47.0,"key":"Swift Potion"}],"is_trial":false,"path_per_floor":["M","M","M","$","M","R","E","M","T","?","R","M","$","M","R","B",null,"M","?","M","?","M","M","E","?","T","R","M","R","E","M","R","B",null,"M","?","?","?","M","R","?","M","T","M","$","E","M","$","R","B",null],"character_chosen":"THE_CURSED","items_purchased":["TheCursedMod:HellsGateOpen","TheCursedMod:CircleOfCorruption","TheCursedMod:Mangle","Calipers","PrismaticShard","Question Card","TheCursedMod:EmpowerCircles","ReplayTheSpireMod:Necrogeddon"],"campfire_rested":5,"item_purchase_floors":[4,4,13,45,45,45,45,48],"current_hp_per_floor":[74,72,61,61,43,65,53,48,48,48,70,70,70,67,80,72,80,66,66,71,71,70,56,26,26,26,50,62,80,78,80,80,80,80,80,80,80,80,80,80,71,80,80,83,86,89,92,95,91,91],"gold":7,"neow_bonus":"THREE_RARE_CARDS","is_daily":false,"chose_seed":false,"campfire_upgraded":0,"win_rate":0.0,"timestamp":1611853757,"path_taken":["M","M","?","$","M","R","E","M","T","?","R","M","$","M","R","BOSS","M","?","M","?","M","?","E","?","T","R","M","R","E","M","R","BOSS","M","?","?","?","M","R","?","M","T","?","$","E","M","?","R","BOSS"],"items_purchased_type":["Card","Card","Card","Relic","Relic","Relic","Card","Card"],"build_version":"2020-12-22","purchased_purges":0,"victory":true,"max_hp_per_floor":[75,75,75,75,75,75,75,75,75,75,75,75,75,75,80,80,80,80,80,80,80,80,80,80,80,80,80,80,80,80,80,80,80,80,80,80,80,80,80,80,80,80,80,83,86,89,92,95,95,95],"card_choices":[{"not_picked":["TheCursedMod:NeowsMight","TheCursedMod:DarkBarrier"],"picked":"TheCursedMod:VoidForm","floor":0.0},{"not_picked":["TheCursedMod:SurpriseAttack","TheCursedMod:SpitefulStrike"],"picked":"TheCursedMod:CircleOfFlame","floor":1.0},{"not_picked":["TheCursedMod:SurpriseAttack","TheCursedMod:ReleasedKnowledge"],"picked":"TheCursedMod:Hemoplague","floor":2.0},{"not_picked":["TheCursedMod:CircleOfFlame","TheCursedMod:SurpriseAttack"],"picked":"TheCursedMod:CursedShiv","floor":3.0},{"not_picked":["TheCursedMod:VitalStrike","TheCursedMod:CursedBoomerang"],"picked":"TheCursedMod:CursedAmulet","floor":5.0},{"not_picked":["TheCursedMod:ManaCirculation","TheCursedMod:RapidMovement"],"picked":"TheCursedMod:SpitefulPray","floor":7.0},{"not_picked":["TheCursedMod:TacticalStrike","TheCursedMod:CursedShiv"],"picked":"TheCursedMod:HellfireBreathing","floor":8.0},{"not_picked":["TheCursedMod:FleshFromBone","TheCursedMod:FuryStrike"],"picked":"TheCursedMod:CursedShiv","floor":12.0},{"not_picked":["TheCursedMod:SurpriseAttack","TheCursedMod:PrepareRite"],"picked":"TheCursedMod:StingEye","floor":14.0},{"not_picked":["TheCursedMod:OutForBlood","TheCursedMod:ForbiddenAlchemy"],"picked":"TheCursedMod:CollectTribute","floor":16.0},{"not_picked":["TheCursedMod:CursedBlade+1","TheCursedMod:RavingStaff+1"],"picked":"TheCursedMod:FleshFromBone+1","floor":18.0},{"not_picked":["TheCursedMod:ReleasedStrength+1","TheCursedMod:WearCloak"],"picked":"TheCursedMod:CursedAmulet+1","floor":20.0},{"not_picked":["TheCursedMod:CircleOfCorruption","TheCursedMod:Hemoplague"],"picked":"TheCursedMod:CircleOfBlood","floor":22.0},{"not_picked":["TheCursedMod:CircleOfFlame","TheCursedMod:FuryStrike+1"],"picked":"TheCursedMod:SoulReap","floor":23.0},{"not_picked":["TheCursedMod:CursedMace","TheCursedMod:Stigma"],"picked":"TheCursedMod:CursedShiv+1","floor":24.0},{"not_picked":["TheCursedMod:SpitefulPray","TheCursedMod:VitalStrike"],"picked":"TheCursedMod:CircleOfCorruption+1","floor":28.0},{"not_picked":["TheCursedMod:VoidForm","TheCursedMod:FleshFromBone"],"picked":"TheCursedMod:RapidMovement","floor":30.0},{"not_picked":["TheCursedMod:CursedBlade","TheCursedMod:WearCloak"],"picked":"TheCursedMod:EmpowerCircles+1","floor":31.0},{"not_picked":["TheCursedMod:ShockAndAwe","TheCursedMod:DemonSword"],"picked":"TheCursedMod:StunningStrike","floor":33.0},{"not_picked":["TheCursedMod:Mangle","TheCursedMod:TacticalStrike+1"],"picked":"TheCursedMod:LuckyCharm+1","floor":35.0},{"not_picked":["TheCursedMod:CursedAmulet+1","TheCursedMod:Mangle"],"picked":"TheCursedMod:CircleOfFlame+1","floor":36.0},{"not_picked":["TheCursedMod:RapidMovement+1","TheCursedMod:FleshFromBone"],"picked":"TheCursedMod:CircleOfAmplification+1","floor":38.0},{"not_picked":["TheCursedMod:Stretching","TheCursedMod:RavingStaff"],"picked":"TheCursedMod:VitalStrike+1","floor":39.0},{"not_picked":["TheCursedMod:WearCloak+1","TheCursedMod:BloodBarrier"],"picked":"TheCursedMod:CursedSpellbook","floor":42.0},{"not_picked":["TheCursedMod:VitalStrike","TheCursedMod:TacticalStrike"],"picked":"TheCursedMod:SurpriseAttack+1","floor":44.0},{"not_picked":["champ:FalseCounter","sneckomod:UnknownClassBLUE","hermit:FlashPowder"],"picked":"bronze:BuggyMess+1","floor":46.0},{"not_picked":["Slimebound:SlimeSpikes+1","Deadly Poison","Slimebound:GoopSpray"],"picked":"hermit:Misfire+1","floor":47.0}],"player_experience":114812,"relics_obtained":[{"floor":7.0,"key":"Lizard Tail"},{"floor":9.0,"key":"HornCleat"},{"floor":10.0,"key":"Ring of Misfortune"},{"floor":10.0,"key":"ReplayTheSpireMod:Ring of Challenge"},{"floor":24.0,"key":"Replay:Accelerometer"},{"floor":26.0,"key":"ReplayTheSpireMod:Ninjato"},{"floor":30.0,"key":"TheCursedMod:BloodyHarpoon"},{"floor":32.0,"key":"Letter Opener"},{"floor":35.0,"key":"Happy Flower"},{"floor":36.0,"key":"Shovel"},{"floor":40.0,"key":"TungstenRod"},{"floor":43.0,"key":"Replay:Ringing Soul"},{"floor":46.0,"key":"Orichalcum"},{"floor":49,"key":"Gambling Chip"}],"event_choices":[{"damage_healed":0.0,"max_hp_gain":0.0,"max_hp_loss":0.0,"gold_gain":0.0,"event_name":"The Library","player_choice":"Read","floor":19.0,"gold_loss":0.0,"damage_taken":0.0,"cards_obtained":["TheCursedMod:SoulReap"]},{"damage_healed":0.0,"max_hp_gain":0.0,"max_hp_loss":0.0,"gold_gain":0.0,"event_name":"Lab","player_choice":"Got Potions","floor":21.0,"gold_loss":0.0,"damage_taken":0.0},{"damage_healed":0.0,"max_hp_gain":0.0,"max_hp_loss":0.0,"gold_gain":0.0,"cards_transformed":["TheCursedMod:Defend_TheCursed","TheCursedMod:Strike_TheCursed"],"event_name":"Drug Dealer","player_choice":"Became Test Subject","floor":25.0,"gold_loss":0.0,"damage_taken":0.0,"cards_obtained":["TheCursedMod:SmokeScreen","TheCursedMod:CursedStaff"]},{"damage_healed":0.0,"max_hp_gain":0.0,"max_hp_loss":0.0,"gold_gain":0.0,"event_name":"MindBloom","player_choice":"Fight","floor":36.0,"gold_loss":0.0,"damage_taken":0.0},{"damage_healed":0.0,"max_hp_gain":0.0,"max_hp_loss":0.0,"gold_gain":0.0,"event_name":"Tomb of Lord Red Mask","player_choice":"Ignored","floor":37.0,"gold_loss":0.0,"damage_taken":0.0},{"damage_healed":0.0,"max_hp_gain":0.0,"max_hp_loss":0.0,"gold_gain":0.0,"event_name":"Winding Halls","player_choice":"Embrace Madness","floor":41.0,"gold_loss":0.0,"damage_taken":10.0,"cards_obtained":["Madness","Madness"]},{"damage_healed":0.0,"max_hp_gain":0.0,"max_hp_loss":0.0,"gold_gain":0.0,"event_name":"Mysterious Sphere","player_choice":"Fight","floor":49.0,"gold_loss":0.0,"damage_taken":0.0}],"is_beta":false,"boss_relics":[{"not_picked":["Sozu","Coffee Dripper"],"picked":"TheCursedMod:BlackMagicAdvanced"},{"not_picked":["Ring of Chaos","Painkiller Herb"],"picked":"Cursed Key"}],"items_purged_floors":[],"is_endless":false,"potions_floor_spawned":[1,5,14,23,30,31,46,47,49],"ascension_level":0}}