{"host":"rzjc4nrqz5d54r3r","time":1611814825,"event":{"mods":["BaseMod","Colored Map","Keyboard Shortcuts","Minty Spire (QoL Compilation)","Quick Restart","StSLib","SuperFastMode","everything is the same but u backflip on backflip"],"gold_per_floor":[110,110,159,169,169,43,78,78,78,112,37,37,54,71,71,169,169,179,198,398,409,117,149,149,59,59,91,91,124,144,19,19,121,171,186,186,36,36,53,85,85,96,147,192,206,206,224,250,250,250],"floor_reached":51,"language":"KOR","playtime":1414,"items_purged":["Strike_G","Defend_G","Defend_G","Strike_G+1"],"score":1033,"play_id":"239b44e7-d3cc-44fe-afda-89bec2867df0","local_time":"20210128152025","is_ascension_mode":true,"campfire_choices":[{"data":"Blade Dance","floor":8.0,"key":"SMITH"},{"data":"Adrenaline","floor":12.0,"key":"SMITH"},{"data":"Accuracy","floor":15.0,"key":"SMITH"},{"data":"A Thousand Cuts","floor":24.0,"key":"SMITH"},{"data":"Tactician","floor":28.0,"key":"SMITH"},{"data":"Acrobatics","floor":32.0,"key":"SMITH"},{"data":"After Image","floor":41,"key":"SMITH"},{"data":"Backflip","floor":46,"key":"SMITH"},{"data":"Defend_G","floor":49,"key":"SMITH"}],"circlet_count":0,"master_deck":["Strike_G+1","Defend_G+1","Survivor+1","Neutralize+1","Leg Sweep+1","Flying Knee","Blade Dance+1","Accuracy+1","Adrenaline+1","Tactician+1","Backflip+1","A Thousand Cuts+1","Malaise+1","Acrobatics+1","Infinite Blades","Outmaneuver+1","After Image+1","Escape Plan+1","Blade Dance+1","Trip+1","Calculated Gamble+1"],"relics":["Ring of the Snake","Nunchaku","Lantern","Vajra","Orichalcum","Pen Nib","Empty Cage","Bag of Marbles","Matryoshka","Toxic Egg 2","Blood Vial","Toy Ornithopter","Eternal Feather","Tiny House","Shuriken","War Paint","Potion Belt","Dream Catcher"],"acts_visited":["Exordium","TheCity","TheBeyond"],"potions_floor_usage":[47],"damage_taken":[{"damage":0.0,"enemies":"2 Louse","floor":1.0,"turns":3.0},{"damage":0.0,"enemies":"Jaw Worm","floor":4.0,"turns":5.0},{"damage":10.0,"enemies":"Lagavulin","floor":7.0,"turns":6.0},{"damage":4.0,"enemies":"3 Sentries","floor":10.0,"turns":4.0},{"damage":0.0,"enemies":"Small Slimes","floor":13.0,"turns":2.0},{"damage":0.0,"enemies":"Blue Slaver","floor":14.0,"turns":1.0},{"damage":0.0,"enemies":"Hexaghost","floor":16.0,"turns":6.0},{"damage":0.0,"enemies":"3 Byrds","floor":18.0,"turns":4.0},{"damage":0.0,"enemies":"Chosen","floor":19.0,"turns":3.0},{"damage":6.0,"enemies":"Shelled Parasite and Fungi","floor":21.0,"turns":4.0},{"damage":0.0,"enemies":"Gremlin Leader","floor":23.0,"turns":4.0},{"damage":16.0,"enemies":"Slavers","floor":27.0,"turns":4.0},{"damage":7.0,"enemies":"Gremlin Leader","floor":29.0,"turns":4.0},{"damage":3.0,"enemies":"Snake Plant","floor":30.0,"turns":4.0},{"damage":14.0,"enemies":"Champ","floor":33.0,"turns":6.0},{"damage":0.0,"enemies":"3 Shapes","floor":35.0,"turns":2.0},{"damage":0,"enemies":"Orb Walker","floor":39,"turns":2},{"damage":16,"enemies":"Nemesis","floor":40,"turns":3},{"damage":7,"enemies":"Maw","floor":42,"turns":5},{"damage":0,"enemies":"2 Orb Walkers","floor":44,"turns":3},{"damage":0,"enemies":"3 Darklings","floor":45,"turns":3},{"damage":6,"enemies":"4 Shapes","floor":47,"turns":3},{"damage":0,"enemies":"Giant Head","floor":48,"turns":3},{"damage":0,"enemies":"Donu and Deca","floor":50,"turns":4}],"seed_played":"-4769009704905050256","potions_obtained":[{"floor":7.0,"key":"EssenceOfSteel"},{"floor":13.0,"key":"GamblersBrew"},{"floor":21.0,"key":"Weak Potion"},{"floor":29.0,"key":"Regen Potion"},{"floor":33.0,"key":"AttackPotion"},{"floor":47,"key":"LiquidMemories"},{"floor":48,"key":"SpeedPotion"}],"is_trial":false,"path_per_floor":["M","?","T","M","?","$","E","R","T","E","$","R","M","M","R","B",null,"M","M","?","M","$","E","R","?","T","E","R","E","M","$","R","B",null,"M","?","$","?","M","E","R","M","T","?","M","R","M","E","R","B",null],"character_chosen":"THE_SILENT","items_purchased":["Blade Dance","Accuracy","Acrobatics","Bag of Marbles"],"campfire_rested":0,"item_purchase_floors":[6,6,22,22],"current_hp_per_floor":[70,63,63,63,49,49,39,39,39,35,35,35,35,35,35,35,70,70,70,70,64,64,64,64,64,64,50,50,45,44,44,53,61,75,75,75,75,65,67,53,65,60,60,62,64,75,74,75,75,75],"gold":250,"neow_bonus":"RANDOM_COMMON_RELIC","is_daily":false,"chose_seed":false,"campfire_upgraded":9,"win_rate":0.0,"timestamp":1611814825,"path_taken":["M","?","?","M","?","$","E","R","T","E","?","R","M","M","R","BOSS","M","M","?","?","$","E","R","?","T","E","R","E","M","?","R","BOSS","M","?","$","?","M","E","R","M","T","?","M","R","M","E","R","BOSS"],"items_purchased_type":["Card","Card","Card","Relic"],"build_version":"2020-12-22","purchased_purges":4,"victory":true,"max_hp_per_floor":[70,70,70,70,70,70,70,70,70,70,70,70,70,70,70,70,70,70,70,70,70,70,70,70,70,70,70,70,70,70,70,70,70,75,75,75,75,75,75,75,75,75,75,75,75,75,75,75,75,75],"card_choices":[{"not_picked":["Flying Knee","Bouncing Flask"],"picked":"Leg Sweep","floor":1.0},{"not_picked":["Flechettes","Predator"],"picked":"Flying Knee","floor":4.0},{"not_picked":["Backflip","Outmaneuver"],"picked":"Adrenaline","floor":7.0},{"not_picked":["Prepared","Poisoned Stab","Catalyst"],"picked":"SKIP","floor":10.0},{"not_picked":["Deadly Poison","Quick Slash"],"picked":"Tactician","floor":13.0},{"not_picked":["Blur","Heel Hook"],"picked":"Backflip","floor":14.0},{"not_picked":["Venomology","Bullet Time"],"picked":"A Thousand Cuts","floor":16.0},{"not_picked":["Skewer","Bane","Deflect"],"picked":"SKIP","floor":18.0},{"not_picked":["Underhanded Strike+1","Quick Slash"],"picked":"Dagger Throw","floor":19.0},{"not_picked":["Sucker Punch","Backstab"],"picked":"Malaise","floor":21.0},{"not_picked":["Riddle With Holes","Flying Knee","Finisher+1"],"picked":"SKIP","floor":23.0},{"not_picked":["Sucker Punch","Bouncing Flask+1"],"picked":"Infinite Blades","floor":27.0},{"not_picked":["Acrobatics+1","Deflect+1"],"picked":"Outmaneuver+1","floor":29.0},{"not_picked":["Calculated Gamble+1","Backflip+1","All Out Attack"],"picked":"SKIP","floor":30.0},{"not_picked":["A Thousand Cuts","Bullet Time+1"],"picked":"After Image","floor":33.0},{"not_picked":["Leg Sweep+1","Deflect+1"],"picked":"Escape Plan+1","floor":34.0},{"not_picked":["Slice+1","Expertise+1"],"picked":"Blade Dance+1","floor":35.0},{"not_picked":["Purity+1","Bandage Up+1"],"picked":"Trip+1","floor":38},{"not_picked":["Terror+1","Dagger Throw","Noxious Fumes"],"picked":"SKIP","floor":39},{"not_picked":["Blade Dance+1","Doppelganger+1","Backflip+1"],"picked":"SKIP","floor":40},{"not_picked":["Endless Agony","Prepared+1","Poisoned Stab+1"],"picked":"SKIP","floor":42},{"not_picked":["Calculated Gamble+1","Outmaneuver+1","Masterful Stab+1"],"picked":"SKIP","floor":45},{"not_picked":["Outmaneuver+1","Masterful Stab+1"],"picked":"Calculated Gamble+1","floor":45},{"not_picked":["Choke","Underhanded Strike","Deadly Poison+1"],"picked":"SKIP","floor":47},{"not_picked":["Acrobatics+1","Terror+1","Calculated Gamble+1"],"picked":"SKIP","floor":48}],"player_experience":28452,"relics_obtained":[{"floor":3.0,"key":"Lantern"},{"floor":7.0,"key":"Vajra"},{"floor":9.0,"key":"Orichalcum"},{"floor":10.0,"key":"Pen Nib"},{"floor":23.0,"key":"Matryoshka"},{"floor":26.0,"key":"Toxic Egg 2"},{"floor":26.0,"key":"Blood Vial"},{"floor":27.0,"key":"Toy Ornithopter"},{"floor":29.0,"key":"Eternal Feather"},{"floor":40,"key":"Shuriken"},{"floor":43,"key":"War Paint"},{"floor":43,"key":"Potion Belt"},{"floor":48,"key":"Dream Catcher"}],"event_choices":[{"cards_removed":["Defend_G"],"damage_healed":0.0,"max_hp_gain":0.0,"max_hp_loss":0.0,"gold_gain":0.0,"event_name":"Golden Wing","player_choice":"Card Removal","floor":2.0,"gold_loss":0.0,"damage_taken":7.0},{"damage_healed":0.0,"max_hp_gain":0.0,"max_hp_loss":0.0,"gold_gain":0.0,"event_name":"Shining Light","player_choice":"Entered Light","floor":5.0,"gold_loss":0.0,"damage_taken":14.0,"cards_upgraded":["Strike_G","Strike_G"]},{"damage_healed":0.0,"max_hp_gain":0.0,"max_hp_loss":0.0,"gold_gain":250.0,"event_name":"The Joust","player_choice":"Bet on Owner","floor":20.0,"gold_loss":50.0,"damage_taken":0.0},{"cards_removed":["Defend_G"],"damage_healed":0.0,"max_hp_gain":0.0,"max_hp_loss":0.0,"gold_gain":0.0,"event_name":"Designer","player_choice":"Upgrade and Remove","floor":25.0,"gold_loss":90.0,"damage_taken":0.0,"cards_upgraded":["Survivor"]},{"cards_removed":["Dagger Throw"],"damage_healed":0.0,"max_hp_gain":0.0,"max_hp_loss":0.0,"gold_gain":0.0,"event_name":"Falling","player_choice":"Removed Attack","floor":36.0,"gold_loss":0.0,"damage_taken":0.0},{"damage_healed":0,"gold_gain":0,"player_choice":"Memory 3","damage_taken":10,"max_hp_gain":0,"max_hp_loss":0,"event_name":"SensoryStone","floor":38,"gold_loss":0},{"damage_healed":0,"gold_gain":0,"player_choice":"Fight","damage_taken":0,"max_hp_gain":0,"max_hp_loss":0,"event_name":"Mysterious Sphere","floor":44,"gold_loss":0}],"is_beta":false,"boss_relics":[{"not_picked":["WristBlade","Ectoplasm"],"picked":"Empty Cage"},{"not_picked":["Velvet Choker","Calling Bell"],"picked":"Tiny House"}],"items_purged_floors":[11,22,31,37],"is_endless":false,"potions_floor_spawned":[7,13,21,29,33,39,40,47,48],"ascension_level":2}}