{"host":"vdr09qmawei9b8kz","time":1611805275,"event":{"mods":["BaseMod","Hermit","Minty Spire (QoL Compilation)","StSLib"],"gold_per_floor":[112,129,141,141,152,184,204,204,204,219,234,6,37,54,54,54,54],"floor_reached":16,"language":"ENG","playtime":1135,"items_purged":[],"score":116,"play_id":"8bd04724-f7b5-400c-8c74-b0d9df3fb19e","local_time":"20210127224115","is_ascension_mode":false,"campfire_choices":[{"floor":8,"key":"REST"},{"floor":15,"key":"REST"}],"circlet_count":0,"master_deck":["hermit:Strike_Hermit","hermit:Strike_Hermit","hermit:Strike_Hermit","hermit:Defend_Hermit","hermit:Defend_Hermit","hermit:Defend_Hermit","hermit:Defend_Hermit","hermit:Snapshot","hermit:Covet","hermit:TakeCover","hermit:BodyArmor","hermit:Misfire","hermit:GoldenBullet","hermit:Horror","hermit:Vantage","hermit:HighCaliber","hermit:TakeAim","hermit:Manifest","hermit:BlackWind"],"relics":["hermit:Momento","TungstenRod","Membership Card","Strawberry","MealTicket"],"acts_visited":["Exordium"],"potions_floor_usage":[6,16],"damage_taken":[{"damage":5,"enemies":"Small Slimes","floor":1,"turns":4},{"damage":0,"enemies":"Cultist","floor":2,"turns":4},{"damage":0,"enemies":"2 Louse","floor":3,"turns":2},{"damage":12,"enemies":"Large Slime","floor":5,"turns":9},{"damage":28,"enemies":"Gremlin Nob","floor":6,"turns":5},{"damage":5,"enemies":"Exordium Wildlife","floor":7,"turns":3},{"damage":0,"enemies":"3 Louse","floor":10,"turns":3},{"damage":0,"enemies":"Red Slaver","floor":11,"turns":3},{"damage":41,"enemies":"3 Sentries","floor":13,"turns":11},{"damage":0,"enemies":"Large Slime","floor":14,"turns":2},{"damage":89,"enemies":"Slime Boss","floor":16,"turns":13}],"seed_played":"-9131187452585875706","potions_obtained":[{"floor":1,"key":"Dexterity Potion"},{"floor":5,"key":"Regen Potion"},{"floor":11,"key":"GamblersBrew"},{"floor":13,"key":"FairyPotion"},{"floor":14,"key":"SteroidPotion"}],"is_trial":false,"path_per_floor":["M","M","M","?","M","E","M","R","T","M","M","$","E","M","R","B"],"character_chosen":"HERMIT","items_purchased":["Membership Card","Strawberry"],"campfire_rested":2,"item_purchase_floors":[12,12],"current_hp_per_floor":[77,77,77,77,65,51,46,70,70,70,70,77,36,36,62,0,0],"gold":54,"neow_bonus":"TEN_PERCENT_HP_BONUS","is_daily":false,"chose_seed":false,"campfire_upgraded":0,"win_rate":0.0,"timestamp":1611805275,"path_taken":["M","M","M","?","M","E","M","R","T","M","M","$","E","M","R","BOSS"],"items_purchased_type":["Relic","Relic"],"build_version":"2020-12-22","purchased_purges":0,"victory":false,"max_hp_per_floor":[82,82,82,82,82,82,82,82,82,82,82,89,89,89,89,89,89],"card_choices":[{"not_picked":["hermit:Roulette","hermit:TrackingShot"],"picked":"hermit:TakeCover","floor":1},{"not_picked":["hermit:HoleUp","hermit:Snipe"],"picked":"hermit:BodyArmor","floor":2},{"not_picked":["hermit:WideOpen","hermit:FullyLoaded"],"picked":"hermit:Misfire","floor":3},{"not_picked":["hermit:EyeOfTheStorm","hermit:LoneWolf"],"picked":"hermit:GoldenBullet","floor":5},{"not_picked":["hermit:Snipe","hermit:Quickdraw"],"picked":"hermit:Horror","floor":6},{"not_picked":["hermit:Manifest","hermit:Spite"],"picked":"hermit:Vantage","floor":7},{"not_picked":["hermit:ItchyTrigger","hermit:Roulette"],"picked":"hermit:HighCaliber","floor":10},{"not_picked":["hermit:HighCaliber","hermit:Ricochet"],"picked":"hermit:TakeAim","floor":11},{"not_picked":["hermit:LowProfile","hermit:FullyLoaded"],"picked":"hermit:Manifest","floor":13},{"not_picked":["hermit:TrackingShot","hermit:LowProfile"],"picked":"hermit:BlackWind","floor":14}],"player_experience":344101,"relics_obtained":[{"floor":6,"key":"TungstenRod"},{"floor":13,"key":"MealTicket"}],"event_choices":[{"cards_removed":["hermit:Strike_Hermit"],"damage_healed":0,"gold_gain":0,"player_choice":"Card Removal","damage_taken":0,"max_hp_gain":0,"max_hp_loss":0,"event_name":"Wheel of Change","floor":4,"gold_loss":0}],"is_beta":false,"boss_relics":[],"items_purged_floors":[],"is_endless":false,"potions_floor_spawned":[1,5,11,13,14],"killed_by":"Slime Boss","ascension_level":0}}