{"host":"e52c7hvho6xny3hd","time":1611817113,"event":{"mods":["AchievementEnabler","BaseMod","Colored Map","DeckTracker","Minty Spire (QoL Compilation)","Permanent Neow","StSLib"],"gold_per_floor":[213,20,30,46,61,61,73,99,168,188,188,202,219,219,219,296,296,314,314,324,324,324],"floor_reached":21,"language":"KOR","playtime":769,"items_purged":[],"score":361,"play_id":"da4399f7-6e90-4d20-bdc6-1c03df37fd74","local_time":"20210128155833","is_ascension_mode":true,"campfire_choices":[{"data":"Limit Break","floor":6,"key":"SMITH"},{"data":"Inflame","floor":11,"key":"SMITH"},{"floor":15,"key":"REST"}],"circlet_count":0,"master_deck":["AscendersBane","Strike_R","Strike_R","Strike_R","Strike_R","Strike_R","Defend_R","Defend_R","Defend_R","Defend_R","Bash","Inflame+1","Limit Break+1","Pummel","Sword Boomerang","Cleave","Second Wind","Battle Trance","Exhume","Rage+1"],"relics":["Burning Blood","Unceasing Top","Pear","Black Star"],"acts_visited":["Exordium","TheCity"],"potions_floor_usage":[],"damage_taken":[{"damage":3,"enemies":"2 Louse","floor":1,"turns":3},{"damage":2,"enemies":"Cultist","floor":3,"turns":4},{"damage":7,"enemies":"Jaw Worm","floor":4,"turns":3},{"damage":7,"enemies":"Looter","floor":5,"turns":4},{"damage":18,"enemies":"3 Louse","floor":7,"turns":3},{"damage":32,"enemies":"Gremlin Nob","floor":8,"turns":4},{"damage":16,"enemies":"Gremlin Gang","floor":10,"turns":4},{"damage":14,"enemies":"Red Slaver","floor":12,"turns":3},{"damage":14,"enemies":"2 Fungi Beasts","floor":13,"turns":3},{"damage":37,"enemies":"The Guardian","floor":16,"turns":9},{"damage":34,"enemies":"2 Thieves","floor":18,"turns":4},{"damage":30,"enemies":"Shell Parasite","floor":20,"turns":5},{"damage":0,"enemies":"Snake Plant","floor":21,"turns":2}],"seed_played":"7886306889537285431","potions_obtained":[{"floor":1,"key":"SpeedPotion"},{"floor":7,"key":"BlessingOfTheForge"}],"is_trial":false,"path_per_floor":["M","$","M","M","M","R","M","E","T","M","R","M","M","?","R","B",null,"M","?","M","M"],"character_chosen":"IRONCLAD","items_purchased":["Limit Break","Pummel"],"campfire_rested":1,"item_purchase_floors":[2,2],"current_hp_per_floor":[71,71,75,74,73,73,61,35,45,35,35,27,19,19,44,13,67,39,39,15,15,15],"gold":324,"neow_bonus":"HUNDRED_GOLD","is_daily":false,"chose_seed":false,"campfire_upgraded":2,"win_rate":0.0,"timestamp":1611817113,"path_taken":["M","$","M","M","M","R","M","E","T","M","R","M","M","?","R","BOSS","M","?","?","M"],"items_purchased_type":["Card","Card"],"build_version":"2020-12-22","purchased_purges":0,"victory":false,"max_hp_per_floor":[75,75,75,75,75,75,75,75,85,85,85,85,85,85,85,85,85,85,85,85,85,85],"card_choices":[{"not_picked":["Wild Strike","Shrug It Off"],"picked":"Inflame","floor":1},{"not_picked":["Feel No Pain","Burning Pact"],"picked":"Sword Boomerang","floor":3},{"not_picked":["Flex","Rupture"],"picked":"Cleave","floor":4},{"not_picked":["Sentinel","Clothesline","Clash"],"picked":"SKIP","floor":5},{"not_picked":["Clothesline","Sword Boomerang","Heavy Blade"],"picked":"SKIP","floor":7},{"not_picked":["Entrench","Double Tap","Clash"],"picked":"SKIP","floor":8},{"not_picked":["Heavy Blade","Clash"],"picked":"Second Wind","floor":10},{"not_picked":["Perfected Strike","Cleave"],"picked":"Battle Trance","floor":12},{"not_picked":["Havoc","Sword Boomerang","Impervious"],"picked":"SKIP","floor":13},{"not_picked":["Immolate","Impervious"],"picked":"Exhume","floor":16},{"not_picked":["Headbutt","Heavy Blade"],"picked":"Rage","floor":18},{"not_picked":["Sword Boomerang","Seeing Red+1","Whirlwind"],"picked":"SKIP","floor":20}],"player_experience":696053,"relics_obtained":[{"floor":8,"key":"Unceasing Top"},{"floor":9,"key":"Pear"}],"event_choices":[{"damage_healed":0,"gold_gain":0,"player_choice":"Ignored","damage_taken":0,"max_hp_gain":0,"max_hp_loss":0,"event_name":"Liars Game","floor":14,"gold_loss":0},{"damage_healed":0,"gold_gain":0,"player_choice":"Forge","damage_taken":0,"max_hp_gain":0,"max_hp_loss":0,"event_name":"Accursed Blacksmith","floor":19,"gold_loss":0,"cards_upgraded":["Rage"]}],"is_beta":false,"boss_relics":[{"not_picked":["Busted Crown","Runic Dome"],"picked":"Black Star"}],"items_purged_floors":[],"is_endless":false,"potions_floor_spawned":[1,7,8,12],"killed_by":"Snake Plant","ascension_level":19}}