{"host":"6bsa6zw5lz47odct","time":1611853934,"event":{"mods":["2.2 Compatiblity","Act Like it!","BaseMod","Downfall","Minty Spire (QoL Compilation)","StSLib"],"gold_per_floor":[99,110,123,136,286,286,286,386,110,141,153,153,166,166,185,289,289,289,289,306,317,332,332,332,53,79,79,79,79,93,111,123,123,123,123],"floor_reached":33,"language":"ENG","playtime":3173,"items_purged":["champ:Strike","champ:Strike"],"score":269,"play_id":"1c22360d-98e7-498a-8c31-0fac87ca1bfe","local_time":"20210129001214","is_ascension_mode":false,"campfire_choices":[{"data":"champ:Execute","floor":1,"key":"SMITH"},{"data":"champ:Taunt","floor":6,"key":"SMITH"},{"data":"champ:PreemptiveStrike","floor":12,"key":"SMITH"},{"data":"champ:ShieldWall","floor":18,"key":"SMITH"},{"data":"champ:DefensiveShout","floor":23,"key":"SMITH"},{"data":"champ:FlashCut","floor":28,"key":"SMITH"}],"circlet_count":0,"master_deck":["champ:Strike","champ:Strike","champ:Defend","champ:Defend","champ:Defend","champ:Defend","champ:Execute+1","champ:Taunt+1","champ:FlashCut","champ:SkillfulDodge","champ:PreemptiveStrike+1","downfall:Icky","champ:FalseCounter","champ:FlashCut+1","champ:DefensiveShout+1","champ:IronFortress","champ:TornadoPunch","champ:SetATrap+1","champ:ShieldWall+1","champ:SteelEdge","champ:FalseCounter+1","champ:Circumvent+1","champ:StanceDance+1","champ:SetATrap+1","champ:HoldFirm+1","champ:ShieldWall","champ:Circumvent+1","champ:DefensiveShout+1"],"relics":["champ:ChampionCrown","The Courier","Champion Belt","Vajra","Toxic Egg 2","Coffee Dripper","Nunchaku","PreservedInsect","Blue Candle"],"acts_visited":["Exordium","TheCity"],"potions_floor_usage":[16,17,21,26,31,33],"damage_taken":[{"damage":12,"enemies":"Cultist","floor":2,"turns":4},{"damage":11,"enemies":"2 Louse","floor":3,"turns":3},{"damage":10,"enemies":"Small Slimes","floor":4,"turns":3},{"damage":35,"enemies":"Small Slimes","floor":8,"turns":4},{"damage":10,"enemies":"downfall:FleeingMerchant","floor":9,"turns":4},{"damage":23,"enemies":"Lagavulin","floor":10,"turns":6},{"damage":6,"enemies":"Blue Slaver","floor":11,"turns":3},{"damage":4,"enemies":"Large Slime","floor":13,"turns":6},{"damage":1,"enemies":"Exordium Wildlife","floor":15,"turns":4},{"damage":39,"enemies":"WA_ARCHETYPE_RETAIN","floor":16,"turns":7},{"damage":0,"enemies":"Chosen","floor":19,"turns":1},{"damage":19,"enemies":"Shell Parasite","floor":20,"turns":3},{"damage":14,"enemies":"Shelled Parasite and Fungi","floor":21,"turns":4},{"damage":0,"enemies":"Centurion and Healer","floor":22,"turns":6},{"damage":10,"enemies":"downfall:FleeingMerchant","floor":25,"turns":4},{"damage":37,"enemies":"Gremlin Leader","floor":26,"turns":5},{"damage":18,"enemies":"Cultist and Chosen","floor":30,"turns":6},{"damage":0,"enemies":"Snake Plant","floor":31,"turns":2},{"damage":8,"enemies":"Chosen and Byrds","floor":32,"turns":4},{"damage":33,"enemies":"IC_MUSHROOM_ARCHETYPE","floor":33,"turns":4}],"seed_played":"1050005729016776344","potions_obtained":[{"floor":4,"key":"champ:CounterPotion"},{"floor":8,"key":"Fruit Juice"},{"floor":10,"key":"Fire Potion"},{"floor":20,"key":"FearPotion"},{"floor":22,"key":"bronze:BurnAndBuffPotion"},{"floor":32,"key":"Swift Potion"}],"is_trial":false,"path_per_floor":["R","M","M","M","?","R","T","?","$","E","M","R","M","?","M","B",null,"R","M","M","M","M","R","T","$","E","?","R","?","M","M","M","B"],"character_chosen":"THE_CHAMP","items_purchased":["champ:DefensiveShout","champ:IronFortress","Vajra","champ:HoldFirm+1","champ:ShieldWall"],"campfire_rested":0,"item_purchase_floors":[9,9,9,25,25],"current_hp_per_floor":[99,97,96,96,96,96,96,81,81,68,62,62,58,58,57,28,104,104,104,95,81,81,81,81,81,54,54,54,49,31,31,23,0,0,0],"gold":123,"neow_bonus":"TEN_PERCENT_HP_BONUS","is_daily":false,"chose_seed":false,"campfire_upgraded":6,"win_rate":0.0,"timestamp":1611853934,"path_taken":["R","M","M","?","?","R","T","?","?","E","M","R","M","?","M","BOSS","R","M","M","M","M","R","T","$","E","?","R","?","M","M","M","BOSS"],"items_purchased_type":["Card","Card","Relic","Card","Card"],"build_version":"2020-12-22","purchased_purges":2,"victory":false,"max_hp_per_floor":[99,99,99,99,99,99,99,99,99,99,99,99,99,99,99,99,104,104,104,104,104,104,104,104,104,104,104,104,104,104,104,104,104,104,104],"card_choices":[{"not_picked":["champ:EnGarde","champ:SkillfulDodge"],"picked":"champ:FlashCut","floor":2},{"not_picked":["champ:Backstep","champ:CrookedStrike"],"picked":"champ:SkillfulDodge","floor":3},{"not_picked":["champ:ArenaPreparation","champ:Lariat"],"picked":"champ:PreemptiveStrike","floor":4},{"not_picked":["champ:GladiatorStyle","champ:CrownThrow"],"picked":"champ:FalseCounter","floor":8},{"not_picked":["champ:CrownThrow","champ:TripleStrike"],"picked":"champ:FlashCut","floor":9},{"not_picked":["champ:DeathBlow","champ:FancyFootwork+1","champ:RecklessLeap"],"picked":"SKIP","floor":10},{"not_picked":["champ:PerfectedStrike","champ:BladeFlurry"],"picked":"champ:TornadoPunch","floor":11},{"not_picked":["champ:BerserkersShout+1","champ:DefensiveShout+1"],"picked":"champ:SetATrap+1","floor":13},{"not_picked":["champ:Haymaker","champ:TornadoPunch"],"picked":"champ:ShieldWall","floor":15},{"not_picked":["champ:TripleStrike","champ:MurderStrike"],"picked":"champ:SteelEdge","floor":16},{"not_picked":["champ:RapidStrikes","champ:ArenaPreparation+1"],"picked":"champ:FalseCounter+1","floor":19},{"not_picked":["champ:Shatter","champ:FaceSlap"],"picked":"champ:Circumvent+1","floor":20},{"not_picked":["champ:AdrenalArmor+1","champ:FaceSlap","champ:FanOfKnives"],"picked":"SKIP","floor":21},{"not_picked":["champ:BladeFlurry","champ:Haymaker"],"picked":"champ:StanceDance+1","floor":22},{"not_picked":["champ:EndlessRage","champ:BringItOn+1"],"picked":"champ:SetATrap+1","floor":25},{"not_picked":["champ:Lariat+1","champ:SetATrap+1","champ:GladiatorStyle+1"],"picked":"SKIP","floor":26},{"not_picked":["champ:Lariat+1","champ:RecklessLeap"],"picked":"champ:Circumvent+1","floor":30},{"not_picked":["champ:Shatter+1","champ:Encircle+1"],"picked":"champ:DefensiveShout+1","floor":31},{"not_picked":["champ:DefensiveShout+1","champ:PreemptiveStrike","champ:AdrenalArmor+1"],"picked":"SKIP","floor":32}],"player_experience":839079,"relics_obtained":[{"floor":7,"key":"The Courier"},{"floor":8,"key":"Champion Belt"},{"floor":10,"key":"Toxic Egg 2"},{"floor":24,"key":"Nunchaku"},{"floor":26,"key":"PreservedInsect"}],"event_choices":[],"is_beta":false,"boss_relics":[{"not_picked":["Pandora\u0027s Box","Runic Dome"],"picked":"Coffee Dripper"}],"items_purged_floors":[9,25],"is_endless":false,"potions_floor_spawned":[4,8,10,11,20,22,32],"killed_by":"IC_MUSHROOM_ARCHETYPE","ascension_level":0}}