{"host":"lnnm69al9x392px5","time":1611807839,"event":{"mods":["BaseMod","Downfall","Hermit","Minty Spire (QoL Compilation)","Replay The Spire","StSLib","The Cursed"],"gold_per_floor":[99,114,114,128,128,142,142,142,161,181,193,224,240,240,280,377,377,277,295,295,325,325,325,325],"floor_reached":22,"language":"ENG","playtime":1285,"items_purged":[],"score":238,"play_id":"1b33188c-f385-4bcd-916a-0e08b4eaf39f","local_time":"20210127202359","is_ascension_mode":false,"campfire_choices":[{"data":"sneckomod:TailWhip","floor":1,"key":"SMITH"},{"data":"sneckomod:Unknown0Cost","floor":8,"key":"SMITH"},{"floor":18,"key":"RECALL"}],"circlet_count":0,"master_deck":["sneckomod:Strike","sneckomod:Defend","sneckomod:Defend","sneckomod:TailWhip+1","sneckomod:SnekBite","sneckomod:Unknown","sneckomod:Unknown+1","sneckomod:Rotation","sneckomod:Unknown1Cost","Looming Evil","sneckomod:Unknown0Cost+1","sneckomod:Nope","sneckomod:SoulRoll","sneckomod:UnknownColorless","sneckomod:Unknown0Cost","Seek","sneckomod:SerpentIdol","sneckomod:Mudshield","downfall:Icky","TheCursedMod:Dregs","CommonCold","sneckomod:SoulRoll","sneckomod:Unknown0Cost"],"relics":["Replay:Drink Me","m_SnakeBloodCore","Ornamental Fan","sneckomod:LoadedDie","Replay:Ancient Bell","Lantern","Letter Opener","Du-Vu Doll","downfall:HeartBlessingGreen","Red Mask"],"acts_visited":["Exordium","TheCity"],"potions_floor_usage":[9,15,16,16,16],"damage_taken":[{"damage":0,"enemies":"Small Slimes","floor":2,"turns":4},{"damage":6,"enemies":"Jaw Worm","floor":4,"turns":2},{"damage":0,"enemies":"2 Louse","floor":6,"turns":3},{"damage":5,"enemies":"Lots of Slimes","floor":9,"turns":3},{"damage":0,"enemies":"Exordium Wildlife","floor":10,"turns":2},{"damage":0,"enemies":"Blue Slaver","floor":11,"turns":1},{"damage":0,"enemies":"3 Sentries","floor":12,"turns":4},{"damage":0,"enemies":"Red Slaver","floor":13,"turns":3},{"damage":0,"enemies":"2 Fungi Beasts","floor":15,"turns":2},{"damage":13,"enemies":"IC_STATUS_ARCHETYPE","floor":16,"turns":5},{"damage":0,"enemies":"Spheric Guardian","floor":19,"turns":1},{"damage":0,"enemies":"Chosen","floor":20,"turns":1},{"damage":56,"enemies":"Masked Bandits","floor":21,"turns":5},{"damage":21,"enemies":"Snake Plant","floor":22,"turns":3}],"seed_played":"1547350174043217427","potions_obtained":[{"floor":2,"key":"Energy Potion"},{"floor":4,"key":"Fruit Juice"},{"floor":11,"key":"Swift Potion"},{"floor":13,"key":"EssenceOfSteel"},{"floor":15,"key":"LiquidBronze"}],"is_trial":false,"path_per_floor":["R","M","?","M","?","M","T","R","M","M","M","E","M","?","M","B",null,"R","M","M","?","M"],"character_chosen":"THE_SNECKO","items_purchased":[],"campfire_rested":0,"item_purchase_floors":[],"current_hp_per_floor":[68,68,68,62,62,65,65,65,63,66,68,68,68,68,73,63,73,73,73,73,20,0,0,0],"gold":325,"neow_bonus":"BOSS_RELIC","is_daily":false,"chose_seed":false,"campfire_upgraded":2,"win_rate":0.0,"timestamp":1611807839,"path_taken":["R","M","?","M","?","M","T","R","M","M","?","E","M","?","M","BOSS","R","M","M","?","M"],"items_purchased_type":[],"build_version":"2020-12-22","purchased_purges":0,"victory":false,"max_hp_per_floor":[68,68,68,68,68,68,68,68,68,68,68,68,68,68,73,73,73,73,73,73,73,73,73,73],"card_choices":[{"not_picked":["sneckomod:UnknownExhaust","sneckomod:UnknownBlock"],"picked":"sneckomod:Rotation","floor":2},{"not_picked":["sneckomod:UnknownDexterity","sneckomod:IronFang"],"picked":"sneckomod:Unknown1Cost","floor":4},{"not_picked":["sneckomod:SnekBeam","sneckomod:UnknownCommonAttack"],"picked":"sneckomod:Unknown0Cost","floor":6},{"not_picked":["Distraction","Havoc"],"picked":"sneckomod:Nope","floor":9},{"not_picked":["sneckomod:UnknownDraw","sneckomod:UnknownCommonSkill"],"picked":"sneckomod:SoulRoll","floor":10},{"not_picked":["sneckomod:WideSting","sneckomod:SoulRoll"],"picked":"sneckomod:UnknownColorless","floor":11},{"not_picked":["sneckomod:UnknownDexterity","sneckomod:UnknownCommonAttack"],"picked":"sneckomod:Unknown0Cost","floor":12},{"not_picked":["sneckomod:UnknownUncommonPower","sneckomod:SoulRoll"],"picked":"Seek","floor":13},{"not_picked":["sneckomod:DiceCrush","Havoc"],"picked":"sneckomod:SerpentIdol","floor":15},{"not_picked":["Burst","Seek"],"picked":"sneckomod:Mudshield","floor":16},{"not_picked":["Overencumbered","Spreading Infection"],"picked":"downfall:Icky","floor":17},{"not_picked":["ReplayTheSpireMod:IOU","Parasite"],"picked":"TheCursedMod:Dregs","floor":17},{"not_picked":["ReplayTheSpireMod:Restless Dread","ReplayTheSpireMod:Doomed"],"picked":"CommonCold","floor":17},{"not_picked":["sneckomod:UnendingSupply","sneckomod:UnknownDraw"],"picked":"sneckomod:SoulRoll","floor":19},{"not_picked":["sneckomod:WideSting","sneckomod:IronFang","sneckomod:UnknownCommonSkill"],"picked":"SKIP","floor":20},{"not_picked":["sneckomod:Rotation","sneckomod:UnknownX"],"picked":"sneckomod:Unknown0Cost","floor":21}],"player_experience":343556,"relics_obtained":[{"floor":7,"key":"Ornamental Fan"},{"floor":12,"key":"sneckomod:LoadedDie"},{"floor":21,"key":"Red Mask"}],"event_choices":[{"damage_healed":0,"gold_gain":0,"player_choice":"Fought Bandits","damage_taken":0,"max_hp_gain":0,"max_hp_loss":0,"event_name":"Masked Bandits","floor":21,"gold_loss":0}],"is_beta":false,"boss_relics":[{"not_picked":["Empty Cage","Runic Pyramid"],"picked":"Replay:Ancient Bell"},{"not_picked":["Smiling Mask","Orichalcum"],"picked":"Lantern"},{"not_picked":["Mercury Hourglass","Blue Candle"],"picked":"Letter Opener"},{"not_picked":["Turnip","Durian"],"picked":"Du-Vu Doll"}],"items_purged_floors":[],"is_endless":false,"potions_floor_spawned":[2,4,11,13,15],"killed_by":"Snake Plant","ascension_level":0}}