{"host":"6rz02yiipefhcw4r","time":1611866645,"event":{"mods":["2.2 Compatiblity","BaseMod","Block Reminder","Colored Map","Curses Come First","DeckTracker","Googly Eyes","Minty Spire (QoL Compilation)","Quick Restart","Rare Cards Sparkle","StSLib"],"gold_per_floor":[119,135,150,161,86,112,187,222,222,222,252,266,281,291,291,291,291],"floor_reached":16,"language":"ENG","playtime":612,"items_purged":["Clumsy"],"score":298,"play_id":"d8c73cbd-ca0d-4d51-b77c-1da31160aff1","local_time":"20210128184405","is_ascension_mode":true,"campfire_choices":[{"data":"Metallicize","floor":15,"key":"SMITH"}],"circlet_count":0,"master_deck":["AscendersBane","Strike_R","Strike_R","Strike_R","Strike_R","Strike_R","Defend_R","Defend_R","Defend_R","Defend_R","Bash","Immolate+1","True Grit","Intimidate","Thunderclap","Pommel Strike","Offering","Battle Trance","Metallicize+1"],"relics":["Burning Blood","Pocketwatch","Self Forming Clay","Toxic Egg 2","Mercury Hourglass"],"acts_visited":["Exordium"],"potions_floor_usage":[16],"damage_taken":[{"damage":7,"enemies":"Small Slimes","floor":1,"turns":3},{"damage":2,"enemies":"Jaw Worm","floor":2,"turns":3},{"damage":7,"enemies":"2 Louse","floor":3,"turns":2},{"damage":2,"enemies":"Gremlin Gang","floor":4,"turns":2},{"damage":30,"enemies":"3 Sentries","floor":6,"turns":6},{"damage":17,"enemies":"Gremlin Nob","floor":8,"turns":3},{"damage":6,"enemies":"3 Sentries","floor":11,"turns":5},{"damage":11,"enemies":"Red Slaver","floor":12,"turns":2},{"damage":1,"enemies":"Large Slime","floor":13,"turns":4},{"damage":0,"enemies":"Exordium Wildlife","floor":14,"turns":2},{"damage":34,"enemies":"The Guardian","floor":16,"turns":8}],"seed_played":"4343192495208231779","potions_obtained":[{"floor":1,"key":"EssenceOfSteel"},{"floor":11,"key":"SneckoOil"},{"floor":14,"key":"Block Potion"}],"is_trial":false,"path_per_floor":["M","M","M","M","$","E","?","E","T","?","E","M","M","M","R","B"],"character_chosen":"IRONCLAD","items_purchased":[],"campfire_rested":0,"item_purchase_floors":[],"current_hp_per_floor":[67,71,70,74,74,50,39,28,28,28,28,23,28,34,34,0,0],"gold":291,"neow_bonus":"THREE_RARE_CARDS","is_daily":false,"chose_seed":false,"campfire_upgraded":1,"win_rate":0.0,"timestamp":1611866645,"path_taken":["M","M","M","M","$","E","?","E","T","?","E","?","M","M","R","BOSS"],"items_purchased_type":[],"build_version":"2020-12-22","purchased_purges":1,"victory":false,"max_hp_per_floor":[75,75,75,75,75,75,75,75,75,75,75,75,75,75,75,75,75],"card_choices":[{"not_picked":["Impervious","Demon Form"],"picked":"Immolate","floor":0},{"not_picked":["Perfected Strike","Pommel Strike"],"picked":"True Grit","floor":1},{"not_picked":["Wild Strike","Seeing Red"],"picked":"Intimidate","floor":2},{"not_picked":["Heavy Blade","Perfected Strike"],"picked":"Thunderclap","floor":3},{"not_picked":["Twin Strike","Body Slam"],"picked":"Pommel Strike","floor":4},{"not_picked":["Bloodletting","Clothesline"],"picked":"Offering","floor":6},{"not_picked":["Clothesline","Warcry"],"picked":"Battle Trance","floor":8},{"not_picked":["Anger","Bloodletting+1","Entrench+1"],"picked":"SKIP","floor":11},{"not_picked":["Cleave","Iron Wave"],"picked":"Metallicize","floor":12},{"not_picked":["Sword Boomerang","Pummel","Flex+1"],"picked":"SKIP","floor":13},{"not_picked":["Body Slam","Anger","Rage+1"],"picked":"SKIP","floor":14},{"not_picked":["Body Slam","Anger","Rage+1"],"picked":"SKIP","floor":14}],"player_experience":752314,"relics_obtained":[{"floor":6,"key":"Pocketwatch"},{"floor":8,"key":"Self Forming Clay"},{"floor":9,"key":"Toxic Egg 2"},{"floor":11,"key":"Mercury Hourglass"}],"event_choices":[{"damage_healed":0,"gold_gain":75,"player_choice":"Gather Gold","damage_taken":11,"max_hp_gain":0,"max_hp_loss":0,"event_name":"World of Goop","floor":7,"gold_loss":0},{"damage_healed":0,"gold_gain":0,"player_choice":"Grow","damage_taken":0,"max_hp_gain":0,"max_hp_loss":0,"event_name":"Living Wall","floor":10,"gold_loss":0,"cards_upgraded":["Immolate"]}],"is_beta":false,"boss_relics":[],"items_purged_floors":[5],"is_endless":false,"potions_floor_spawned":[1,11,13,14],"killed_by":"The Guardian","ascension_level":20}}