{"host":"ut3qe46kys7sl3ey","time":1611801354,"event":{"mods":["2.2 Compatiblity","AchievementEnabler","Bard","BaseMod","Bestiary","Better Altar","Better Match","Better Note","Better Sensory Stone","Better Skull","Better Third Choice","BetterRewards","Block Reminder","Colored Map","Colored Powertips","Curses Come First","DeckTracker","Downfall","Energized Spire","Friendly Minions","Highlight Path","Hubris","Infinite Spire","Minty Spire (QoL Compilation)","Permanent Neow","Quick Restart","Random Character Button","Relic Sorter","Relic Stats","Reliquary","Replay The Spire","StSLib","The Blue Laboratory","The Bug Knight","The Construct","The Cursed","The Jungle","The Mystic","The Spell Scribe","Unceasing Turn Reminder","Unknown Chances","Wandering Minibosses"],"gold_per_floor":[111,111,13,32,32,52,88,88,167,190,205,228,228,253,253,379,379,397,415,415,433,433,433,533,533],"floor_reached":24,"language":"ENG","playtime":2173,"items_purged":["Shame","Injury"],"score":200,"play_id":"ab682554-f1c8-4fed-8ec1-eaa79fe29ca1","local_time":"20210128043554","is_ascension_mode":false,"campfire_choices":[{"floor":8,"key":"REST"},{"floor":13,"key":"REST"},{"floor":15,"key":"REST"},{"floor":23,"key":"REST"}],"circlet_count":0,"master_deck":["Strike_B","Strike_B","Strike_B","Strike_B","Defend_B","Defend_B","Defend_B","Defend_B","Zap","Dualcast","Capacitor","Coolheaded","Crystallizer","Ball Lightning","White Noise","hubris:Ukulele","Cold Snap","BootSequence","Redo","Creative AI","Time Bomb"],"relics":["Cracked Core","hubris:Icosahedron","hubris:DeckOfHolding","TungstenRod","Golden Idol","Solar Panel","Replay:Fungal Core","Counterbalance"],"acts_visited":["Exordium","Exordium"],"potions_floor_usage":[16],"damage_taken":[{"damage":8,"enemies":"Jaw Worm","floor":1,"turns":4},{"damage":3,"enemies":"Small Slimes","floor":4,"turns":3},{"damage":8,"enemies":"2 Louse","floor":6,"turns":2},{"damage":24,"enemies":"Gremlin Nob","floor":7,"turns":5},{"damage":28,"enemies":"Lots of Slimes","floor":10,"turns":4},{"damage":20,"enemies":"Blue Slaver","floor":11,"turns":3},{"damage":14,"enemies":"2 Fungi Beasts","floor":12,"turns":3},{"damage":9,"enemies":"Exordium Wildlife","floor":14,"turns":6},{"damage":18,"enemies":"Hexaghost","floor":16,"turns":8},{"damage":10,"enemies":"theJungle:MUSHROOMGANG","floor":18,"turns":5},{"damage":25,"enemies":"theJungle:Flameango_and_Byrd","floor":19,"turns":7},{"damage":21,"enemies":"theJungle:SlimyTreeVines","floor":21,"turns":7},{"damage":70,"enemies":"theJungle:MamaSnecko","floor":24,"turns":8}],"seed_played":"4355467009935384438","potions_obtained":[{"floor":4,"key":"SteroidPotion"},{"floor":7,"key":"LiquidBronze"},{"floor":12,"key":"Dexterity Potion"},{"floor":16,"key":"blueLaboratory:PhilterOfMotion"},{"floor":21,"key":"blueLaboratory:BottleOfRum"}],"is_trial":false,"path_per_floor":["M","?","$","M","?","M","E","R","T","M","M","M","R","M","R","B",null,"M","M","AVR","M","?","R","E"],"character_chosen":"DEFECT","items_purchased":["Coolheaded"],"campfire_rested":4,"item_purchase_floors":[3],"current_hp_per_floor":[67,67,67,64,64,56,32,54,54,34,20,12,34,29,51,39,75,75,52,52,43,43,65,0,0],"gold":533,"neow_bonus":"ONE_RARE_RELIC","is_daily":false,"chose_seed":false,"campfire_upgraded":0,"win_rate":0.0,"timestamp":1611801354,"path_taken":["M","?","$","M","?","M","E","R","T","M","M","M","R","M","R","BOSS","M","M","AVR","M","?","R","E"],"items_purchased_type":["Card"],"build_version":"2020-12-22","purchased_purges":2,"victory":false,"max_hp_per_floor":[75,75,75,75,75,75,75,75,75,75,75,75,75,75,75,75,75,75,75,75,75,75,75,75,75],"relic_stats":{"counters":[13,65],"Golden Idol":70,"obtain_stats":[{"Solar Panel":9,"hubris:Icosahedron":5,"Replay:Fungal Core":17,"Golden Idol":2,"Counterbalance":20,"hubris:DeckOfHolding":7,"Cracked Core":0,"TungstenRod":0},{"Solar Panel":4,"hubris:Icosahedron":2,"Replay:Fungal Core":9,"Golden Idol":1,"Counterbalance":11,"hubris:DeckOfHolding":4,"Cracked Core":0,"TungstenRod":0},{"Solar Panel":14,"hubris:Icosahedron":7,"Replay:Fungal Core":38,"Golden Idol":4,"Counterbalance":50,"hubris:DeckOfHolding":14,"Cracked Core":0,"TungstenRod":0}],"TungstenRod":59},"card_choices":[{"not_picked":["Fusion","BasicCrystalCard"],"picked":"Capacitor","floor":1},{"not_picked":["Stack","Double Energy"],"picked":"Crystallizer","floor":4},{"not_picked":["Rebound","Coolheaded"],"picked":"Ball Lightning","floor":6},{"not_picked":["Auto Shields","ReplayTheSpireMod:System Scan"],"picked":"White Noise","floor":7},{"not_picked":["ReplaySolidLightProjector","Static Discharge"],"picked":"hubris:Ukulele","floor":10},{"not_picked":["Turbo","Compile Driver"],"picked":"Cold Snap","floor":11},{"not_picked":["Sweeping Beam","Rebound"],"picked":"BootSequence","floor":12},{"not_picked":["Meteor Strike","Go for the Eyes"],"picked":"Redo","floor":14},{"not_picked":["ReplayRNGCard","Machine Learning"],"picked":"Creative AI","floor":16},{"not_picked":["Sweeping Beam","Steam","Time Bomb"],"picked":"SKIP","floor":18},{"not_picked":["Rip and Tear","Compile Driver+1","Rebound"],"picked":"SKIP","floor":19},{"not_picked":["Blizzard","Panic Button"],"picked":"Time Bomb","floor":21}],"player_experience":185175,"relics_obtained":[{"floor":7,"key":"hubris:DeckOfHolding"},{"floor":9,"key":"Solar Panel"}],"event_choices":[{"damage_healed":0,"gold_gain":0,"player_choice":"Take Wound","damage_taken":0,"relics_obtained":["Golden Idol"],"max_hp_gain":0,"max_hp_loss":0,"event_name":"Golden Idol","floor":2,"gold_loss":0,"cards_obtained":["Injury"]},{"damage_healed":0,"gold_gain":0,"player_choice":"Bought 0 Potions","damage_taken":0,"max_hp_gain":0,"max_hp_loss":0,"event_name":"The Woman in Blue","floor":22,"gold_loss":0}],"is_beta":false,"boss_relics":[{"not_picked":["Velvet Choker","energizedSpire:DeadBattery"],"picked":"Replay:Fungal Core"}],"items_purged_floors":[3,20],"is_endless":false,"potions_floor_spawned":[4,7,12,14,16,21],"killed_by":"theJungle:MamaSnecko","ascension_level":0}}