{"host":"5x08nt64u3vxxcfi","time":1611806036,"event":{"mods":["BaseMod","Minty Spire (QoL Compilation)","StSLib","SuperFastMode"],"gold_per_floor":[364,212,287,303,318,344,344,378,404,404,478,478,202,220,220,322,322,334,334,252,264,277,292,323,59,59,71,71,91,91,116,116,221,221,240,240,252,264,264,264],"floor_reached":39,"language":"KOR","playtime":911,"items_purged":["Defend_R"],"score":626,"play_id":"16b3596f-4e2b-4b5e-afba-174e4731a900","local_time":"20210128125356","is_ascension_mode":true,"campfire_choices":[{"floor":7.0,"key":"REST"},{"data":"Perfected Strike","floor":12.0,"key":"SMITH"},{"data":"Perfected Strike","floor":15.0,"key":"SMITH"},{"floor":28,"key":"REST"},{"data":"Shockwave","floor":30,"key":"SMITH"},{"data":"Berserk","floor":32,"key":"SMITH"}],"circlet_count":0,"master_deck":["Strike_R","Strike_R","Strike_R","Strike_R","Strike_R","Defend_R","Defend_R","Bash","Perfected Strike+1","Immolate","Warcry","Shockwave+1","Perfected Strike+1","Apotheosis+1","Dropkick","Evolve","Fire Breathing","Berserk+1","True Grit+1","Dual Wield+1","Perfected Strike","Dark Embrace+1","Infernal Blade+1","Warcry+1","Secret Technique+1","Perfected Strike+1","Infernal Blade+1","Pommel Strike+1","Exhume+1","Twin Strike","Intimidate+1","Twin Strike+1"],"relics":["Burning Blood","PreservedInsect","Lantern","Regal Pillow","Art of War","Toxic Egg 2","Mark of Pain","Gambling Chip","Membership Card","Question Card","Pen Nib","Empty Cage"],"acts_visited":["Exordium","TheCity","TheBeyond"],"potions_floor_usage":[33,33],"damage_taken":[{"damage":8.0,"enemies":"Small Slimes","floor":1.0,"turns":3.0},{"damage":6.0,"enemies":"Cultist","floor":4.0,"turns":3.0},{"damage":7.0,"enemies":"Jaw Worm","floor":5.0,"turns":2.0},{"damage":55.0,"enemies":"Lagavulin","floor":6.0,"turns":6.0},{"damage":0.0,"enemies":"Gremlin Nob","floor":8.0,"turns":2.0},{"damage":8.0,"enemies":"Blue Slaver","floor":14.0,"turns":2.0},{"damage":23.0,"enemies":"Slime Boss","floor":16.0,"turns":6.0},{"damage":27.0,"enemies":"Shell Parasite","floor":18.0,"turns":3.0},{"damage":8.0,"enemies":"Chosen","floor":21.0,"turns":3.0},{"damage":0.0,"enemies":"Snecko","floor":22.0,"turns":3.0},{"damage":22.0,"enemies":"Centurion and Healer","floor":23.0,"turns":5.0},{"damage":0,"enemies":"Gremlin Leader","floor":24,"turns":3},{"damage":4,"enemies":"Cultist and Chosen","floor":27,"turns":3},{"damage":3,"enemies":"Sentry and Sphere","floor":29,"turns":3},{"damage":22,"enemies":"Slavers","floor":31,"turns":3},{"damage":64,"enemies":"Collector","floor":33,"turns":4},{"damage":32,"enemies":"3 Darklings","floor":35,"turns":6},{"damage":0,"enemies":"Orb Walker","floor":37,"turns":1},{"damage":30,"enemies":"Writhing Mass","floor":38,"turns":3},{"damage":27,"enemies":"Jaw Worm Horde","floor":39,"turns":2}],"seed_played":"1756124693714781984","potions_obtained":[{"floor":4.0,"key":"FearPotion"},{"floor":5.0,"key":"Strength Potion"},{"floor":8.0,"key":"GamblersBrew"},{"floor":22.0,"key":"Swift Potion"},{"floor":23,"key":"BloodPotion"},{"floor":27,"key":"PowerPotion"}],"is_trial":false,"path_per_floor":["M","$","?","M","M","E","R","E","T","?","T","R","$","M","R","B",null,"M","?","$","M","M","M","E","$","T","M","R","M","R","E","R","B",null,"M","?","M","M","M"],"character_chosen":"IRONCLAD","items_purchased":["DuplicationPotion","Apotheosis+1","Dropkick","Evolve","Dual Wield+1","Body Slam","Membership Card","Secret Technique+1","Body Slam"],"campfire_rested":2,"item_purchase_floors":[2,13,13,13,20,20,25,25,25],"current_hp_per_floor":[70,70,63,63,62,13,34,40,40,37,37,37,37,35,35,18,59,38,38,38,36,42,26,32,32,32,34,70,72,72,56,56,12,57,31,31,37,13,0,0],"gold":264,"neow_bonus":"TWO_FIFTY_GOLD","is_daily":false,"chose_seed":false,"campfire_upgraded":4,"win_rate":0.0,"timestamp":1611806036,"path_taken":["M","$","?","?","M","E","R","E","T","?","?","R","$","M","R","BOSS","M","?","$","?","M","M","E","$","T","M","R","?","R","E","R","BOSS","M","?","?","M","M"],"items_purchased_type":["Potion","Card","Card","Card","Card","Card","Relic","Card","Card"],"build_version":"2020-12-22","purchased_purges":1,"victory":false,"max_hp_per_floor":[72,72,72,72,72,72,72,72,72,72,72,72,72,72,72,72,72,72,72,72,72,72,72,72,72,72,72,72,72,72,72,72,72,72,72,72,72,72,72,72],"card_choices":[{"not_picked":["Iron Wave","Twin Strike"],"picked":"Perfected Strike","floor":1.0},{"not_picked":["Warcry","Wild Strike"],"picked":"Immolate","floor":4.0},{"not_picked":["Havoc","Iron Wave"],"picked":"Warcry","floor":5.0},{"not_picked":["Hemokinesis","Rampage"],"picked":"Shockwave","floor":6.0},{"not_picked":["Dropkick","Entrench"],"picked":"Perfected Strike","floor":8.0},{"not_picked":["Spot Weakness+1","Headbutt"],"picked":"Fire Breathing","floor":14.0},{"not_picked":["Fiend Fire","Corruption"],"picked":"Berserk","floor":16.0},{"not_picked":["Shockwave+1","Clothesline"],"picked":"True Grit+1","floor":18.0},{"not_picked":["Feel No Pain","Headbutt+1"],"picked":"Perfected Strike","floor":21.0},{"not_picked":["Shrug It Off+1","Spot Weakness+1"],"picked":"Dark Embrace+1","floor":22.0},{"not_picked":["Uppercut","Iron Wave"],"picked":"Infernal Blade+1","floor":23},{"not_picked":["Searing Blow","Pummel+1"],"picked":"Warcry+1","floor":24},{"not_picked":["Clothesline+1","Ghostly Armor+1","Flex+1"],"picked":"Perfected Strike+1","floor":27},{"not_picked":["Sword Boomerang+1","Reckless Charge+1","Armaments+1"],"picked":"Infernal Blade+1","floor":29},{"not_picked":["True Grit+1","Corruption","Carnage+1"],"picked":"Pommel Strike+1","floor":31},{"not_picked":["Corruption","Limit Break+1","Immolate"],"picked":"Exhume+1","floor":33},{"not_picked":["Clothesline+1","Sword Boomerang+1","Dark Embrace+1"],"picked":"Twin Strike","floor":35},{"not_picked":["Inflame+1","Iron Wave","Warcry+1"],"picked":"Intimidate+1","floor":37},{"not_picked":["Feed","Shrug It Off+1","True Grit+1"],"picked":"Twin Strike+1","floor":38}],"player_experience":117328,"relics_obtained":[{"floor":6.0,"key":"PreservedInsect"},{"floor":8.0,"key":"Lantern"},{"floor":9.0,"key":"Regal Pillow"},{"floor":11.0,"key":"Toxic Egg 2"},{"floor":24,"key":"Gambling Chip"},{"floor":26,"key":"Question Card"},{"floor":31,"key":"Pen Nib"}],"event_choices":[{"damage_healed":0.0,"max_hp_gain":0.0,"max_hp_loss":0.0,"gold_gain":75.0,"event_name":"FaceTrader","player_choice":"Touch","floor":3.0,"gold_loss":0.0,"damage_taken":7.0},{"damage_healed":0.0,"max_hp_gain":0.0,"max_hp_loss":0.0,"gold_gain":0.0,"event_name":"Scrap Ooze","player_choice":"Success","floor":10.0,"gold_loss":0.0,"damage_taken":3.0,"relics_obtained":["Art of War"]},{"cards_removed":["Defend_R"],"damage_healed":0.0,"max_hp_gain":0.0,"max_hp_loss":0.0,"gold_gain":0.0,"event_name":"Bonfire Elementals","player_choice":"Offered Basic","floor":19.0,"gold_loss":0.0,"damage_taken":0.0},{"damage_healed":0,"gold_gain":0,"player_choice":"Ignored","damage_taken":0,"max_hp_gain":0,"max_hp_loss":0,"event_name":"SecretPortal","floor":36,"gold_loss":0}],"is_beta":false,"boss_relics":[{"not_picked":["Runic Dome","Runic Pyramid"],"picked":"Mark of Pain"},{"not_picked":["Tiny House","Philosopher\u0027s Stone"],"picked":"Empty Cage"}],"items_purged_floors":[2],"is_endless":false,"potions_floor_spawned":[4,5,8,14,18,22,23,27],"killed_by":"Jaw Worm Horde","ascension_level":5}}