{"host":"mj8akmyfd5lo602f","time":1611863007,"event":{"mods":["2.2 Compatiblity","Act Like it!","BaseMod","Bestiary","BshForSts","Colored Map","Colored Powertips","Downfall","Highlight Path","Minty Spire (QoL Compilation)","Permanent Neow","Relic Stats","StSLib"],"gold_per_floor":[99,117,117,136,154,154,154,169,201,215,250,50,128,156,176,276,276,276,293,228,228,228,228,228,247,257,282,316,333,353,370,389,489,489,389,403,417,436,395,413,440,440,459,229,229,229,245,245,259,259,259,292,72,72,72,72],"floor_reached":57,"language":"ENG","playtime":4587,"items_purged":[],"score":1327,"play_id":"308490f6-b337-4784-b9d4-292a18afc978","local_time":"20210128194327","is_ascension_mode":false,"campfire_choices":[{"data":"Guardian:ConstructionForm","floor":1.0,"key":"SMITH"},{"floor":6.0,"key":"RECALL"},{"data":"Guardian:PrismaticBeam","floor":12.0,"key":"SMITH"},{"data":"Guardian:PiercingHide","floor":18.0,"key":"SMITH"},{"data":"Guardian:TimeBomb","floor":23.0,"key":"SMITH"},{"data":"Guardian:BaubleBeam","floor":35.0,"key":"SMITH"},{"data":"Guardian:FuturePlans","floor":46,"key":"SMITH"},{"data":"Guardian:TimeCapacitor","floor":54,"key":"SMITH"}],"circlet_count":0,"master_deck":["Guardian:CurlUp","Guardian:TwinSlam","Guardian:ConstructionForm+1","Guardian:PiercingHide+1","Guardian:PrismaticBeam+1","Guardian:TimeBomb+1","Guardian:PrismaticBarrier+1","Guardian:DonusPower+1","Guardian:Clone+1","Guardian:PrimingBeam","Guardian:PolyBeam","Guardian:Planning+1","Guardian:GemFire","Guardian:PiercingHide+1","Guardian:ShieldCharger+1","Guardian:FuturePlans+1","Guardian:BronzeArmor+1","Guardian:CrystalBeam+1","Guardian:BaubleBeam+1","Guardian:ShieldCharger+1","Guardian:Suspension+1","Guardian:TimeCapacitor+1","Guardian:PiercingHide+1","Guardian:PrismaticBarrier+1","Guardian:EvasiveProtocol","Guardian:TemporalShield+1","Guardian:SentryBeam+1","Guardian:FastForward+1","Guardian:TimeCapacitor+1"],"relics":["Guardian:ModeShifter","Toxic Egg 2","sneckomod:BlankCard","downfall:HeartBlessingRed","downfall:HeartBlessingBlue","Kunai","Oddly Smooth Stone","Pandora\u0027s Box","downfall:KnowingSkull","Question Card","Strawberry","SlaversCollar","downfall:HeartBlessingGreen","DollysMirror","Juzu Bracelet","Medical Kit","Unceasing Top","Guardian:PocketSentry"],"acts_visited":["Exordium","TheCity","TheBeyond","TheEnding"],"potions_floor_usage":[56,56],"damage_taken":[{"damage":0.0,"enemies":"Small Slimes","floor":2.0,"turns":5.0},{"damage":0.0,"enemies":"Cultist","floor":4.0,"turns":4.0},{"damage":0.0,"enemies":"2 Louse","floor":5.0,"turns":3.0},{"damage":0.0,"enemies":"Red Slaver","floor":8.0,"turns":5.0},{"damage":13.0,"enemies":"3 Sentries","floor":9.0,"turns":8.0},{"damage":11.0,"enemies":"Exordium Wildlife","floor":10.0,"turns":4.0},{"damage":0.0,"enemies":"Lagavulin","floor":11.0,"turns":8.0},{"damage":0.0,"enemies":"Gremlin Nob","floor":14.0,"turns":4.0},{"damage":8.0,"enemies":"Exordium Thugs","floor":15.0,"turns":7.0},{"damage":0.0,"enemies":"WA_ARCHETYPE_RETAIN","floor":16.0,"turns":10.0},{"damage":0.0,"enemies":"Shell Parasite","floor":19.0,"turns":5.0},{"damage":0.0,"enemies":"downfall:FleeingMerchant","floor":20.0,"turns":4.0},{"damage":1.0,"enemies":"Sentry and Sphere","floor":25.0,"turns":5.0},{"damage":17.0,"enemies":"Shelled Parasite and Fungi","floor":26.0,"turns":5.0},{"damage":15.0,"enemies":"Slavers","floor":27.0,"turns":4.0},{"damage":1.0,"enemies":"Snecko","floor":28.0,"turns":4.0},{"damage":1.0,"enemies":"Centurion and Healer","floor":29.0,"turns":6.0},{"damage":13.0,"enemies":"3 Cultists","floor":30.0,"turns":4.0},{"damage":0.0,"enemies":"Snecko","floor":31.0,"turns":1.0},{"damage":0.0,"enemies":"Centurion and Healer","floor":32.0,"turns":2.0},{"damage":7.0,"enemies":"SI_MIRROR_ARCHETYPE","floor":33.0,"turns":7.0},{"damage":1.0,"enemies":"Orb Walker","floor":36.0,"turns":1.0},{"damage":1.0,"enemies":"3 Darklings","floor":37.0,"turns":3.0},{"damage":26.0,"enemies":"Maw","floor":38.0,"turns":6.0},{"damage":1.0,"enemies":"downfall:FleeingMerchant","floor":39.0,"turns":4.0},{"damage":10.0,"enemies":"4 Shapes","floor":40.0,"turns":5.0},{"damage":1.0,"enemies":"Spire Growth","floor":43.0,"turns":6.0},{"damage":3,"enemies":"Transient","floor":47,"turns":5},{"damage":1,"enemies":"Maw","floor":49,"turns":6},{"damage":19,"enemies":"DF_ARCHETYPE_ORBS","floor":50,"turns":8},{"damage":1,"enemies":"downfall:CharBossMerchant","floor":52,"turns":7},{"damage":9,"enemies":"downfall:NeowBoss","floor":55,"turns":8},{"damage":1,"enemies":"downfall:NeowBossFinal","floor":56,"turns":9}],"seed_played":"-2469539430589682308","potions_obtained":[{"floor":4.0,"key":"DuplicationPotion"},{"floor":8.0,"key":"sneckomod:MuddlingPotion"},{"floor":10.0,"key":"Guardian:StasisDiscoveryPotion"},{"floor":14.0,"key":"BlessingOfTheForge"},{"floor":16.0,"key":"SkillPotion"},{"floor":26.0,"key":"SneckoOil"},{"floor":28.0,"key":"Guardian:BlockOnCardUsePotion"},{"floor":29.0,"key":"Regen Potion"},{"floor":30.0,"key":"CultistPotion"},{"floor":32.0,"key":"Ancient Potion"},{"floor":36.0,"key":"Energy Potion"},{"floor":38.0,"key":"Explosive Potion"},{"floor":47,"key":"Dexterity Potion"}],"is_trial":false,"path_per_floor":["R","M","?","M","M","R","T","M","E","M","E","R","T","E","M","B",null,"R","M","$","?","?","R","T","M","M","E","M","M","M","M","M","B",null,"R","M","M","M","$","M","T","?","M","$","?","R","M","?","M","B",null,"E","$","R","B","B",null],"character_chosen":"GUARDIAN","items_purchased":["Guardian:Gem_Lightblue","Guardian:TimeCapacitor","Guardian:Gem_Yellow","Guardian:PiercingHide+1","DollysMirror","Swift Potion","Guardian:EvasiveProtocol","Medical Kit","Guardian:PocketSentry","Guardian:TimeCapacitor"],"campfire_rested":0,"item_purchase_floors":[20,39,39,39,39,39,44,44,53,53],"current_hp_per_floor":[80,80,80,80,80,80,80,80,67,56,56,66,66,66,58,58,90,90,90,90,90,82,82,82,81,64,56,55,54,41,41,41,49,97,97,96,95,69,68,58,58,58,57,57,57,57,54,85,84,65,85,84,84,84,75,74],"gold":72,"neow_bonus":"ONE_RANDOM_RARE_CARD","is_daily":false,"chose_seed":false,"campfire_upgraded":7,"win_rate":0.0,"timestamp":1611863007,"path_taken":["R","M","?","M","M","R","T","?","E","M","E","R","?","E","M","BOSS","R","M","$","?","?","R","T","M","M","E","M","M","?","M","M","BOSS","R","M","M","M","$","M","T","?","M","?","?","R","M","?","M","BOSS","E","$","R","BOSS","BOSS"],"items_purchased_type":["Card","Card","Card","Card","Relic","Potion","Card","Relic","Relic","Card"],"build_version":"2020-12-22","purchased_purges":0,"victory":true,"max_hp_per_floor":[80,80,80,80,80,80,80,80,80,80,80,90,90,90,90,90,90,90,90,90,90,90,90,90,90,90,97,97,97,97,97,97,97,97,97,97,97,97,97,97,97,97,97,97,97,97,97,85,85,85,85,85,85,85,85,85],"relic_stats":{"counters":[33,171],"Pandora\u0027s Box":["Guardian:PrimingBeam","Guardian:Gem_Cyan","Guardian:PolyBeam","Guardian:Gem_Lightblue","Guardian:Planning","Guardian:Gem_Orange","Guardian:GemFire"],"Juzu Bracelet":1,"Kunai":[26],"Question Card":18,"Medical Kit":[0],"obtain_stats":[{"downfall:HeartBlessingRed":12,"sneckomod:BlankCard":11,"Guardian:ModeShifter":0,"Oddly Smooth Stone":14,"downfall:HeartBlessingGreen":35,"Juzu Bracelet":41,"Guardian:PocketSentry":53,"Question Card":24,"Medical Kit":44,"SlaversCollar":34,"downfall:HeartBlessingBlue":12,"DollysMirror":39,"Strawberry":27,"Pandora\u0027s Box":17,"downfall:KnowingSkull":22,"Kunai":13,"Toxic Egg 2":9,"Unceasing Top":52},{"downfall:HeartBlessingRed":7,"sneckomod:BlankCard":7,"Guardian:ModeShifter":0,"Oddly Smooth Stone":8,"downfall:HeartBlessingGreen":21,"Juzu Bracelet":26,"Guardian:PocketSentry":31,"Question Card":12,"Medical Kit":27,"SlaversCollar":21,"downfall:HeartBlessingBlue":7,"DollysMirror":25,"Strawberry":15,"Pandora\u0027s Box":10,"downfall:KnowingSkull":12,"Kunai":7,"Toxic Egg 2":5,"Unceasing Top":31},{"downfall:HeartBlessingRed":36,"sneckomod:BlankCard":36,"Guardian:ModeShifter":0,"Oddly Smooth Stone":40,"downfall:HeartBlessingGreen":103,"Juzu Bracelet":122,"Guardian:PocketSentry":154,"Question Card":66,"Medical Kit":128,"SlaversCollar":103,"downfall:HeartBlessingBlue":36,"DollysMirror":117,"Strawberry":80,"Pandora\u0027s Box":57,"downfall:KnowingSkull":66,"Kunai":36,"Toxic Egg 2":25,"Unceasing Top":154}],"Unceasing Top":[1]},"card_choices":[{"not_picked":["Guardian:Gem_Green","Guardian:TemporalStrike"],"picked":"Guardian:PiercingHide","floor":2.0},{"not_picked":["Guardian:CrystalBeam","Guardian:TemporalStrike"],"picked":"Guardian:PrismaticBeam","floor":4.0},{"not_picked":["Guardian:BronzeArmor","Guardian:GatlingBeam"],"picked":"Guardian:Gem_Crimson","floor":5.0},{"not_picked":["Guardian:MultiBeam","Guardian:Reroute"],"picked":"Guardian:TimeBomb","floor":8.0},{"not_picked":["Guardian:VentSteam+1","Guardian:Gem_Green"],"picked":"Guardian:Gem_White","floor":9.0},{"not_picked":["Guardian:Reroute","Guardian:TimeBomb+1"],"picked":"Guardian:PrismaticBarrier+1","floor":10.0},{"not_picked":["Guardian:PiercingHide+1","Guardian:MultiBeam"],"picked":"Guardian:Gem_Cyan","floor":11.0},{"not_picked":["Guardian:GuardianWhirl","Guardian:RefractedBeam"],"picked":"Guardian:DonusPower+1","floor":14.0},{"not_picked":["Guardian:Incinerate","Guardian:ShieldSpikes+1"],"picked":"Guardian:Clone+1","floor":15.0},{"not_picked":["Guardian:HyperBeam_Guardian","Guardian:StasisField+1"],"picked":"Guardian:Gem_Orange","floor":16.0},{"not_picked":["Guardian:VentSteam+1","Guardian:Orbwalk+1"],"picked":"Guardian:Gem_Lightblue","floor":19.0},{"not_picked":["Guardian:WalkerClaw","Guardian:CrystalBeam","Guardian:Reroute"],"picked":"SKIP","floor":20.0},{"not_picked":["Guardian:TemporalStrike+1","Guardian:CrystalBeam","Guardian:Gem_Red"],"picked":"Guardian:PiercingHide+1","floor":25.0},{"not_picked":["Guardian:Recover+1","Guardian:FastForward+1","Guardian:Clone+1"],"picked":"Guardian:ShieldCharger+1","floor":26.0},{"not_picked":["Guardian:PrismaticBarrier+1","Guardian:Clone+1","Guardian:HyperBeam_Guardian"],"picked":"Guardian:Gem_Cyan","floor":27.0},{"not_picked":["Guardian:Reroute","Guardian:PrimingBeam","Guardian:ChargeCore+1"],"picked":"Guardian:FuturePlans","floor":28.0},{"not_picked":["Guardian:ChargeUp+1","Guardian:PrismaticBarrier+1","Guardian:Harden+1"],"picked":"Guardian:BronzeArmor+1","floor":29.0},{"not_picked":["Guardian:PrismaticBarrier+1","Guardian:ChargeCore","Guardian:SentryBeam+1"],"picked":"Guardian:Gem_Red","floor":30.0},{"not_picked":["Guardian:Planning+1","Guardian:Reroute+1","Guardian:WalkerClaw+1"],"picked":"Guardian:CrystalBeam+1","floor":31.0},{"not_picked":["Guardian:Gem_Green","Guardian:Gem_Red","Guardian:ArmoredProtocol"],"picked":"Guardian:Gem_Purple","floor":32.0},{"not_picked":["Guardian:GemFinder","Guardian:SphericShield+1","Guardian:ConstructionForm"],"picked":"Guardian:BaubleBeam","floor":33.0},{"not_picked":["Guardian:TemporalStrike+1","Guardian:Incinerate","Guardian:BronzeArmor+1"],"picked":"Guardian:Gem_Yellow","floor":36.0},{"not_picked":["Guardian:ChargeCore+1","Guardian:PrismaticBarrier+1","Guardian:ArmoredProtocol"],"picked":"Guardian:ShieldCharger+1","floor":37.0},{"not_picked":["Guardian:SpikerProtocol","Guardian:BronzeOrb+1","Guardian:DecasProtection+1"],"picked":"Guardian:Suspension+1","floor":38.0},{"not_picked":["Guardian:Preprogram+1","Guardian:Gem_Lightblue","Guardian:BodySlam"],"picked":"Guardian:Gem_Crimson","floor":39.0},{"not_picked":["Guardian:RollAttack","Guardian:CrystalBeam+1","Guardian:PrimingBeam"],"picked":"Guardian:Gem_Cyan","floor":40.0},{"not_picked":["Guardian:Planning+1","Guardian:DecasProtection+1","Guardian:RollAttack"],"picked":"Guardian:Gem_Green","floor":43.0},{"not_picked":["Guardian:Gem_Green","Guardian:MultiBeam","Guardian:Gem_Cyan"],"picked":"Guardian:TemporalShield+1","floor":47},{"not_picked":["Guardian:PrimingBeam+1","Guardian:FloatingOrbs","Guardian:Recover+1"],"picked":"Guardian:SentryBeam+1","floor":49},{"not_picked":["Guardian:Gem_Lightblue","Guardian:TemporalStrike","Guardian:PrismaticBarrier+1"],"picked":"Guardian:FastForward+1","floor":52}],"player_experience":447037,"relics_obtained":[{"floor":9.0,"key":"Toxic Egg 2"},{"floor":11.0,"key":"sneckomod:BlankCard"},{"floor":13.0,"key":"Kunai"},{"floor":14.0,"key":"Oddly Smooth Stone"},{"floor":24.0,"key":"Question Card"},{"floor":27.0,"key":"Strawberry"},{"floor":41.0,"key":"Juzu Bracelet"},{"floor":52,"key":"Unceasing Top"}],"event_choices":[{"damage_healed":0.0,"max_hp_gain":0.0,"max_hp_loss":0.0,"gold_gain":0.0,"event_name":"Vampires","player_choice":"Ignored","floor":21.0,"gold_loss":0.0,"damage_taken":0.0}],"is_beta":false,"boss_relics":[{"not_picked":["SacredBark","Runic Pyramid"],"picked":"Pandora\u0027s Box"},{"not_picked":["Calling Bell","Guardian:StasisSlotReductionRelic"],"picked":"SlaversCollar"}],"items_purged_floors":[],"is_endless":false,"potions_floor_spawned":[4,8,10,14,16,26,28,29,30,32,36,38,43,47],"ascension_level":0}}