{"host":"phniwng9zo19jwdb","time":1611846284,"event":{"mods":["AchievementEnabler","BaseMod","Colored Powertips","Dark Map","Faster Ascension Climbing","GifTheSpireLib","Minty Spire (QoL Compilation)","Permanent Neow","Rare Cards Sparkle","StSLib"],"gold_per_floor":[111,261,276,288,288,288,323,323,323,323,348,358,358,3,3,76,76,96,106,106,106,106],"floor_reached":21,"language":"ENG","playtime":1016,"items_purged":[],"score":337,"play_id":"97df37f1-c34f-4bba-a8c4-ae149e758614","local_time":"20210128160444","is_ascension_mode":true,"campfire_choices":[{"data":"Pummel","floor":6.0,"key":"SMITH"},{"data":"Dark Embrace","floor":8.0,"key":"SMITH"},{"floor":13.0,"key":"REST"},{"floor":15.0,"key":"DIG"}],"circlet_count":0,"master_deck":["AscendersBane","Strike_R","Strike_R","Strike_R","Strike_R","Strike_R","Defend_R","Defend_R","Defend_R","Defend_R","Bash","Iron Wave","Doubt","Pummel+1","Dark Embrace+1","Inflame","Iron Wave","Twin Strike","Armaments","Reaper","Sentinel","Parasite"],"relics":["Burning Blood","Incense Burner","Calipers","Darkstone Periapt","Eternal Feather","Bronze Scales","Shovel","Thread and Needle","Sozu"],"acts_visited":["Exordium","TheCity"],"potions_floor_usage":[],"damage_taken":[{"damage":0.0,"enemies":"2 Louse","floor":1.0,"turns":3.0},{"damage":0.0,"enemies":"Small Slimes","floor":3.0,"turns":8.0},{"damage":13.0,"enemies":"Jaw Worm","floor":4.0,"turns":6.0},{"damage":41.0,"enemies":"3 Sentries","floor":7.0,"turns":18.0},{"damage":21.0,"enemies":"Lagavulin","floor":11.0,"turns":8.0},{"damage":10.0,"enemies":"Gremlin Gang","floor":12.0,"turns":5.0},{"damage":24.0,"enemies":"The Guardian","floor":16.0,"turns":15.0},{"damage":25,"enemies":"Chosen","floor":18,"turns":5},{"damage":8,"enemies":"3 Byrds","floor":19,"turns":6},{"damage":0,"enemies":"Snecko","floor":21,"turns":1}],"seed_played":"-6245490544831105858","potions_obtained":[{"floor":3.0,"key":"BlessingOfTheForge"},{"floor":7.0,"key":"GamblersBrew"},{"floor":11.0,"key":"Dexterity Potion"},{"floor":16.0,"key":"PowerPotion"}],"is_trial":false,"path_per_floor":["M","?","M","M","?","R","E","R","T","T","E","M","R","$","R","B",null,"M","M","?","M"],"character_chosen":"IRONCLAD","items_purchased":["Armaments","Shovel"],"campfire_rested":1,"item_purchase_floors":[14,14],"current_hp_per_floor":[68,68,68,61,66,66,31,31,31,31,16,12,42,42,51,33,63,53,57,63,63,63],"gold":106,"neow_bonus":"ONE_RARE_RELIC","is_daily":false,"chose_seed":false,"campfire_upgraded":2,"win_rate":0.0,"timestamp":1611846284,"path_taken":["M","?","M","M","?","R","E","R","T","?","E","?","R","$","R","BOSS","M","M","?","?"],"items_purchased_type":["Card","Relic"],"build_version":"2020-12-22","purchased_purges":0,"victory":false,"max_hp_per_floor":[68,68,68,68,73,73,73,73,73,73,73,73,73,73,73,73,73,73,73,79,79,79],"card_choices":[{"not_picked":["Headbutt","Searing Blow"],"picked":"Iron Wave","floor":1.0},{"not_picked":["Flex","Clothesline"],"picked":"Pummel","floor":3.0},{"not_picked":["Perfected Strike","Headbutt"],"picked":"Dark Embrace","floor":4.0},{"not_picked":["True Grit","Dual Wield"],"picked":"Inflame","floor":7.0},{"not_picked":["Fire Breathing","Clash"],"picked":"Iron Wave","floor":11.0},{"not_picked":["Bloodletting","Headbutt"],"picked":"Twin Strike","floor":12.0},{"not_picked":["Offering","Fiend Fire"],"picked":"Reaper","floor":16.0},{"not_picked":["Flex","Rupture","Heavy Blade"],"picked":"SKIP","floor":18},{"not_picked":["Evolve","Sever Soul","Body Slam"],"picked":"SKIP","floor":19}],"player_experience":67525,"relics_obtained":[{"floor":7.0,"key":"Calipers"},{"floor":9.0,"key":"Darkstone Periapt"},{"floor":10.0,"key":"Eternal Feather"},{"floor":11.0,"key":"Bronze Scales"},{"floor":15.0,"key":"Thread and Needle"}],"event_choices":[{"damage_healed":0.0,"max_hp_gain":0.0,"max_hp_loss":0.0,"gold_gain":150.0,"event_name":"Liars Game","player_choice":"AGREE","floor":2.0,"gold_loss":0.0,"damage_taken":0.0,"cards_obtained":["Doubt"]},{"damage_healed":0.0,"max_hp_gain":5.0,"max_hp_loss":0.0,"gold_gain":0.0,"event_name":"Big Fish","player_choice":"Donut","floor":5.0,"gold_loss":0.0,"damage_taken":0.0},{"damage_healed":0,"gold_gain":0,"player_choice":"2 cards matched","damage_taken":0,"max_hp_gain":0,"max_hp_loss":0,"event_name":"Match and Keep!","floor":20,"gold_loss":0,"cards_obtained":["Sentinel","Parasite"]}],"is_beta":false,"boss_relics":[{"not_picked":["Busted Crown","Snecko Eye"],"picked":"Sozu"}],"items_purged_floors":[],"is_endless":false,"potions_floor_spawned":[3,7,11,16],"killed_by":"Snecko","ascension_level":16}}