{"host":"gzsdmyo07u314vug","time":1611826119,"event":{"mods":["2.2 Compatiblity","Astrologer","BaseMod","Colored Powertips","GifTheSpireLib","Gremlin Mod","Hermit","Jorbs\u0027s Wanderer Trilogy","Minty Spire (QoL Compilation)","Quick Restart","Rare Cards Sparkle","Relic Stats","Replay The Spire","Robot Space Explorer","Shop Mod","StSLib","The Bug Knight","The Construct","The Cursed","The Elementalist","The Hierophant","The IronCluck","The Marked","The Necromancer","The Runesmith","The Servant 0.9.4","Unceasing Turn Reminder","everything is the same but u backflip on backflip","slay the spire mod where everything is the same but ironclad has a cowboy hat"],"gold_per_floor":[219,494,508,525,525,525,552,566,640,655,674,148,148,179,179,284,284,294,309,309,319,319,319,351,351,376,376,32,46,60,60,60,161,161,171,181,213,263,110,136,136,151,226,239,239,255,19,19,19,19],"floor_reached":51,"language":"ENG","playtime":3626,"items_purged":["Regret","hermit:Strike_Hermit"],"score":963,"play_id":"c07f3d06-498f-48cf-9567-13a47cab8c54","local_time":"20210128062839","is_ascension_mode":true,"campfire_choices":[{"data":"hermit:Snapshot","floor":6,"key":"SMITH"},{"data":"hermit:GoldenBullet","floor":13,"key":"SMITH"},{"data":"hermit:Vantage","floor":15,"key":"SMITH"},{"data":"Poisoned Strike","floor":23,"key":"SMITH"},{"data":"hermit:Covet","floor":25,"key":"SMITH"},{"data":"hermit:Spite","floor":27,"key":"SMITH"},{"floor":32,"key":"REST"},{"data":"1","floor":41,"key":"LIFT"},{"data":"hermit:Maintenance","floor":45,"key":"SMITH"},{"data":"hermit:Manifest","floor":45,"key":"SMITH"},{"data":"hermit:HighNoon","floor":49,"key":"SMITH"},{"data":"hermit:TakeCover","floor":49,"key":"SMITH"}],"circlet_count":0,"master_deck":["hermit:Strike_Hermit","hermit:Strike_Hermit","hermit:Defend_Hermit","hermit:Defend_Hermit","hermit:Defend_Hermit","hermit:Defend_Hermit","hermit:Snapshot+1","hermit:Covet+1","hermit:Deadeye","hermit:Vantage+1","hermit:GoldenBullet+1","Poisoned Strike+1","hermit:RoundhouseKick","hermit:SprayPray","hermit:Spite+1","hermit:Deadeye","hermit:FinalCanter","Injury","Regret","Pain","hermit:Grudge","ReplayTheSpireMod:Splinters","hermit:Spite","hermit:Manifest+1","hermit:FlashPowder+1","hermit:Malice","hermit:Maintenance+1","ReplayTheSpireMod:IOU","hermit:DeadMansHand+1","hermit:Midnight+1","hermit:TakeCover+1","hermit:HighNoon+1","Writhe"],"relics":["hermit:Momento","HollowMod:QueensCombRelic","Blue Candle","Replay:Bottled Steam","Strawberry","hermit:BartenderGlass","hermit:Horseshoe","Lantern","HollowMod:JonisBlessing","MutagenicStrength","Replay:Ancient Bell","Potion Belt","Darkstone Periapt","Peace Pipe","Girya","Replay:Arrowhead","Toy Ornithopter","Shuriken","Pantograph","Replay:Wax Seal","Orrery"],"acts_visited":["Exordium","TheCity","TheBeyond"],"potions_floor_usage":[7,14,14,18,18,19,19,21,21,21,24,24,24,29,30,30,30,33,33,33,33,35,35,36,36,38,38,38,40,40,40,42,42,44,44,46,50,50,50,50,50],"damage_taken":[{"damage":0,"enemies":"2 Louse","floor":1,"turns":2},{"damage":0,"enemies":"Cultist","floor":3,"turns":3},{"damage":7,"enemies":"Small Slimes","floor":4,"turns":3},{"damage":23,"enemies":"3 Sentries","floor":7,"turns":7},{"damage":11,"enemies":"Looter","floor":8,"turns":3},{"damage":0,"enemies":"Exordium Wildlife","floor":10,"turns":4},{"damage":9,"enemies":"Blue Slaver","floor":11,"turns":4},{"damage":13,"enemies":"Gremlin Nob","floor":14,"turns":4},{"damage":20,"enemies":"The Guardian","floor":16,"turns":11},{"damage":9,"enemies":"3 Byrds","floor":18,"turns":4},{"damage":17,"enemies":"Spheric Guardian","floor":19,"turns":4},{"damage":28,"enemies":"Shelled Parasite and Fungi","floor":21,"turns":6},{"damage":16,"enemies":"Gremlin Leader","floor":24,"turns":7},{"damage":0,"enemies":"Chosen and Byrds","floor":29,"turns":5},{"damage":0,"enemies":"Snecko","floor":30,"turns":3},{"damage":1,"enemies":"Collector","floor":33,"turns":8},{"damage":0,"enemies":"3 Darklings","floor":35,"turns":7},{"damage":0,"enemies":"3 Shapes","floor":36,"turns":1},{"damage":44,"enemies":"2 Orb Walkers","floor":38,"turns":6},{"damage":13,"enemies":"Reptomancer","floor":40,"turns":8},{"damage":0,"enemies":"3 Darklings","floor":42,"turns":5},{"damage":0,"enemies":"Maw","floor":44,"turns":8},{"damage":0,"enemies":"Jaw Worm Horde","floor":46,"turns":4},{"damage":0,"enemies":"Donu and Deca","floor":50,"turns":10}],"seed_played":"2057153790867161672","potions_obtained":[{"floor":1,"key":"hermit:Tonic"},{"floor":4,"key":"Cursed Concoction"},{"floor":8,"key":"DistilledChaos"},{"floor":10,"key":"Adrenaline Potion"},{"floor":16,"key":"Fire Potion"},{"floor":18,"key":"Explosive Potion"},{"floor":24,"key":"Venom Potion"},{"floor":36,"key":"SteroidPotion"},{"floor":44,"key":"LifebloodPotion"},{"floor":46,"key":"SpeedPotion"}],"is_trial":false,"path_per_floor":["M","?","M","M","?","R","E","M","T","M","M","$","R","E","R","B",null,"M","M","?","M","?","R","E","R","T","R","$","M","M","?","R","B",null,"M","M","?","?","$","E","R","M","T","M","R","M","$","?","R","B",null],"character_chosen":"HERMIT","items_purchased":["Poisoned Strike","Replay:Bottled Steam","HollowMod:JonisBlessing","EntropicBrew","Toy Ornithopter","Replay:Wax Seal","Orrery","hermit:HighNoon"],"campfire_rested":1,"item_purchase_floors":[12,12,28,28,39,47,47,47],"current_hp_per_floor":[75,75,75,68,68,68,45,39,39,50,41,41,41,39,39,31,57,48,39,39,20,9,9,13,13,13,13,13,13,13,13,33,32,85,85,85,91,47,47,34,34,34,34,34,34,34,40,70,70,70],"gold":19,"neow_bonus":"HUNDRED_GOLD","is_daily":false,"chose_seed":false,"campfire_upgraded":10,"win_rate":0.0,"timestamp":1611826119,"path_taken":["M","?","M","?","?","R","E","M","T","M","M","$","R","E","R","BOSS","M","M","?","M","?","R","E","R","T","R","$","M","M","?","R","BOSS","M","M","?","?","$","E","R","?","T","M","R","M","$","?","R","BOSS"],"items_purchased_type":["Card","Relic","Relic","Potion","Relic","Relic","Relic","Card"],"build_version":"2020-12-22","purchased_purges":2,"victory":true,"max_hp_per_floor":[75,75,75,75,75,75,50,50,50,50,50,50,50,57,57,57,57,57,57,57,62,67,67,67,67,67,67,67,67,67,67,67,67,85,85,85,91,91,91,91,91,91,91,91,91,91,97,103,103,103],"relic_stats":{"Darkstone Periapt":36,"Peace Pipe":0,"counters":[24,127],"Shuriken":[9],"Blue Candle":[53],"Pantograph":0,"obtain_stats":[{"Potion Belt":34,"Darkstone Periapt":34,"HollowMod:QueensCombRelic":7,"Girya":37,"Lantern":26,"Blue Candle":9,"HollowMod:JonisBlessing":28,"Replay:Ancient Bell":34,"Replay:Arrowhead":38,"Peace Pipe":34,"Shuriken":40,"Strawberry":14,"MutagenicStrength":31,"Pantograph":43,"Orrery":47,"hermit:BartenderGlass":17,"Replay:Wax Seal":47,"hermit:Horseshoe":24,"hermit:Momento":0,"Toy Ornithopter":39,"Replay:Bottled Steam":12},{"Potion Belt":16,"Darkstone Periapt":16,"HollowMod:QueensCombRelic":4,"Girya":18,"Lantern":13,"Blue Candle":5,"HollowMod:JonisBlessing":13,"Replay:Ancient Bell":16,"Replay:Arrowhead":19,"Peace Pipe":16,"Shuriken":20,"Strawberry":8,"MutagenicStrength":15,"Pantograph":21,"Orrery":23,"hermit:BartenderGlass":9,"Replay:Wax Seal":23,"hermit:Horseshoe":13,"hermit:Momento":0,"Toy Ornithopter":19,"Replay:Bottled Steam":7},{"Potion Belt":78,"Darkstone Periapt":78,"HollowMod:QueensCombRelic":15,"Girya":86,"Lantern":62,"Blue Candle":18,"HollowMod:JonisBlessing":62,"Replay:Ancient Bell":78,"Replay:Arrowhead":92,"Peace Pipe":78,"Shuriken":100,"Strawberry":30,"MutagenicStrength":70,"Pantograph":105,"Orrery":117,"hermit:BartenderGlass":41,"Replay:Wax Seal":117,"hermit:Horseshoe":62,"hermit:Momento":0,"Toy Ornithopter":92,"Replay:Bottled Steam":26}],"Toy Ornithopter":0},"card_choices":[{"not_picked":["hermit:BigShot","hermit:Feint"],"picked":"hermit:Deadeye","floor":1},{"not_picked":["hermit:DeadMansHand","hermit:HoleUp","hermit:Shortfuse"],"picked":"SKIP","floor":3},{"not_picked":["hermit:Desperado","hermit:DeadMansHand","hermit:Midnight"],"picked":"SKIP","floor":4},{"not_picked":["hermit:Malice","hermit:Determination","hermit:EyeOfTheStorm"],"picked":"SKIP","floor":7},{"not_picked":["hermit:Ricochet","hermit:Roulette"],"picked":"hermit:Vantage","floor":8},{"not_picked":["hermit:LowProfile","hermit:BigShot","hermit:GoldenBullet"],"picked":"SKIP","floor":10},{"not_picked":["hermit:LowProfile","hermit:BigShot"],"picked":"hermit:GoldenBullet","floor":10},{"not_picked":["hermit:Ricochet","hermit:Brawl","hermit:TrackingShot"],"picked":"SKIP","floor":11},{"not_picked":["hermit:Ricochet","hermit:Brawl","hermit:TrackingShot"],"picked":"SKIP","floor":11},{"not_picked":["hermit:FullyLoaded","hermit:CursedWeapon","hermit:HighCaliber"],"picked":"SKIP","floor":14},{"not_picked":["hermit:BlackWind","hermit:Magnum"],"picked":"hermit:RoundhouseKick","floor":16},{"not_picked":["hermit:Gestalt+1","hermit:Quickdraw"],"picked":"hermit:SprayPray","floor":18},{"not_picked":["hermit:Dive","hermit:BodyArmor+1","hermit:EyeOfTheStorm"],"picked":"SKIP","floor":19},{"not_picked":["hermit:Brawl","hermit:EyeOfTheStorm"],"picked":"hermit:Spite","floor":21},{"not_picked":["hermit:Ricochet","hermit:TakeCover","hermit:Desperado"],"picked":"SKIP","floor":24},{"not_picked":["hermit:Coalescence+1","hermit:Headshot"],"picked":"hermit:Deadeye","floor":29},{"not_picked":["hermit:LuckOfTheDraw","hermit:Horror","hermit:Coalescence"],"picked":"SKIP","floor":30},{"not_picked":["hermit:Roughhouse","hermit:HeroicBravado"],"picked":"hermit:FinalCanter","floor":33},{"not_picked":["Parasite","Doubt"],"picked":"Injury","floor":34},{"not_picked":["ReplayTheSpireMod:Faulty Equipment","CommonCold"],"picked":"Regret","floor":34},{"not_picked":["stsjorbsmod:PollutedStrike","hermit:ImpendingDoom"],"picked":"Pain","floor":34},{"not_picked":["hermit:Vantage+1","hermit:GhostlyPresence"],"picked":"hermit:Grudge","floor":35},{"not_picked":["hermit:Shortfuse+1","hermit:Snipe","hermit:Feint+1"],"picked":"SKIP","floor":36},{"not_picked":["hermit:Coalescence","hermit:LuckOfTheDraw"],"picked":"hermit:Spite","floor":37},{"not_picked":["hermit:HoleUp","hermit:Snipe"],"picked":"hermit:Manifest","floor":38},{"not_picked":["hermit:Enervate+1","hermit:Brawl+1"],"picked":"hermit:FlashPowder+1","floor":40},{"not_picked":["hermit:PistolWhip","hermit:Midnight+1"],"picked":"hermit:Malice","floor":42},{"not_picked":["hermit:SprayPray","hermit:PistolWhip+1"],"picked":"hermit:Maintenance","floor":44},{"not_picked":["hermit:Ricochet","hermit:Headshot+1","hermit:SprayPray+1"],"picked":"SKIP","floor":46},{"not_picked":["hermit:Malice","hermit:ItchyTrigger+1"],"picked":"hermit:DeadMansHand+1","floor":47},{"not_picked":["hermit:Feint+1","hermit:EyeOfTheStorm+1"],"picked":"hermit:Midnight+1","floor":47},{"not_picked":["hermit:TakeAim","hermit:SprayPray+1"],"picked":"hermit:TakeCover","floor":47}],"player_experience":805538,"relics_obtained":[{"floor":7,"key":"HollowMod:QueensCombRelic"},{"floor":9,"key":"Blue Candle"},{"floor":14,"key":"Strawberry"},{"floor":24,"key":"hermit:Horseshoe"},{"floor":26,"key":"Lantern"},{"floor":37,"key":"Girya"},{"floor":38,"key":"Replay:Arrowhead"},{"floor":40,"key":"Shuriken"},{"floor":43,"key":"Pantograph"}],"event_choices":[{"damage_healed":0,"gold_gain":275,"player_choice":"Desecrate","damage_taken":0,"max_hp_gain":0,"max_hp_loss":0,"event_name":"Golden Shrine","floor":2,"gold_loss":0,"cards_obtained":["Regret"]},{"cards_removed":["hermit:Strike_Hermit"],"damage_healed":0,"gold_gain":0,"player_choice":"Elegance","damage_taken":0,"max_hp_gain":0,"max_hp_loss":0,"event_name":"Back to Basics","floor":20,"gold_loss":0},{"damage_healed":0,"gold_gain":0,"player_choice":"Shed Blood","damage_taken":16,"max_hp_gain":5,"max_hp_loss":0,"event_name":"Forgotten Altar","floor":22,"gold_loss":0},{"damage_healed":0,"gold_gain":0,"player_choice":"Inject Mutagens","damage_taken":0,"relics_obtained":["MutagenicStrength"],"max_hp_gain":0,"max_hp_loss":0,"event_name":"Drug Dealer","floor":31,"gold_loss":0},{"damage_healed":0,"gold_gain":0,"player_choice":"Fight","damage_taken":0,"max_hp_gain":0,"max_hp_loss":0,"event_name":"Mysterious Sphere","floor":38,"gold_loss":0},{"damage_healed":24,"gold_gain":0,"player_choice":"Writhe","damage_taken":0,"max_hp_gain":0,"max_hp_loss":0,"event_name":"Winding Halls","floor":48,"gold_loss":0,"cards_obtained":["Writhe"]}],"is_beta":false,"boss_relics":[{"not_picked":["Snecko Eye","ReplayTheSpireMod:DimensionalGlitch"],"picked":"hermit:BartenderGlass"},{"not_picked":["Tiny House","Sozu"],"picked":"Replay:Ancient Bell"},{"not_picked":["ReplayTheSpireMod:Lightbulb","Boot"],"picked":"Potion Belt"},{"not_picked":["Ornamental Fan","StrikeDummy"],"picked":"Darkstone Periapt"},{"not_picked":["Replay:Multitool","Pondfish Scales"],"picked":"Peace Pipe"}],"items_purged_floors":[12,28],"is_endless":false,"potions_floor_spawned":[1,4,8,10,16,18,24,29,36,44,46],"ascension_level":3}}