{"host":"qtqz1b21ag9kfmyj","time":1611808868,"event":{"mods":["BaseMod","Better Third Choice","Block Reminder","Hermit","Minty Spire (QoL Compilation)","StSLib","The Bug Knight","The Cursed","The Exalted","The Necromancer","The Servant 0.9.4"],"gold_per_floor":[116,31,106,117,131,161,161,171,171,196,471,481,491,509,509,607,607,621,621,269,269,359,359,371,386,386,284,284,184,184,184,184,281,281,301,301,301],"floor_reached":36,"language":"ENG","playtime":1813,"items_purged":["Shame","Regret"],"score":447,"play_id":"63ee2b11-c1b1-4c41-bbda-de3ec41aa97c","local_time":"20210127224108","is_ascension_mode":false,"campfire_choices":[{"data":"Negative_Energy_Arrows","floor":7,"key":"SMITH"},{"floor":15,"key":"REST"},{"floor":23,"key":"REST"},{"floor":28,"key":"REST"},{"floor":30,"key":"REST"},{"floor":32,"key":"REST"}],"circlet_count":0,"master_deck":["Strike_W","Strike_W","Strike_W","Strike_W","Defend_W","Defend_W","Defend_W","Defend_W","Negative_Energy_Arrows+1","Bone_Wall","Spectral_Armor","Slay_Living","Negative_Energy_Javelin","Whirlwind_of_Bones","Spectral_Armor","Epidemic","Bone_Bullets","Summon_Undead_Army","Necrotic_Claws","Bone_Shift","Negative_Energy_Sphere","Bone_Armory","Acid_Javelin","Grasp_Heart","Hellfire","Violent_Necrosis","Bone_Spikes+1","Consume_Illness","Bone_Armor","Summon_Undead_Army+1","Blood_Curse","Skeleton_Dragon","Deaths_Shadow+1","Bone_Spikes","Requiem","CurseOfTheBell","Shackles_Of_Pain","Negative_Energy_Burst+1"],"relics":["Vampire_Amulet","NeowsBlessing","Thread and Needle","FossilizedHelix","Prayer Wheel","Bromod:ArcaneBarrier","Enchiridion","Pantograph","PreservedInsect","Ornamental Fan","Calling Bell","Tiny Chest","Pear","WingedGreaves"],"acts_visited":["Exordium","TheCity","TheBeyond"],"potions_floor_usage":[6,13,14,16,25,35],"damage_taken":[{"damage":0,"enemies":"2 Louse","floor":1,"turns":1},{"damage":0,"enemies":"Cultist","floor":4,"turns":1},{"damage":0,"enemies":"Small Slimes","floor":5,"turns":1},{"damage":8,"enemies":"Lagavulin","floor":6,"turns":9},{"damage":7,"enemies":"Red Slaver","floor":8,"turns":3},{"damage":9,"enemies":"Gremlin Nob","floor":10,"turns":6},{"damage":8,"enemies":"3 Louse","floor":12,"turns":4},{"damage":13,"enemies":"Large Slime","floor":13,"turns":4},{"damage":37,"enemies":"Gremlin Gang","floor":14,"turns":6},{"damage":6,"enemies":"Slime Boss","floor":16,"turns":11},{"damage":15,"enemies":"Chosen","floor":18,"turns":5},{"damage":16,"enemies":"2 Thieves","floor":24,"turns":4},{"damage":14,"enemies":"Snake Plant","floor":25,"turns":3},{"damage":11,"enemies":"Champ","floor":33,"turns":11},{"damage":82,"enemies":"3 Darklings","floor":35,"turns":12},{"damage":15,"enemies":"3 Shapes","floor":36,"turns":1}],"seed_played":"5001980502240844844","potions_obtained":[{"floor":1,"key":"DuplicationPotion"},{"floor":4,"key":"EssenceOfSteel"},{"floor":6,"key":"DistilledChaos"},{"floor":10,"key":"SkillPotion"},{"floor":18,"key":"BlessingOfTheForge"},{"floor":33,"key":"LiquidMemories"}],"is_trial":false,"path_per_floor":["M","$","?","M","M","E","R","M","T","E","?","M","M","M","R","B",null,"M","?","$","?","?","R","M","M","T","$","R","$","R","?","R","B",null,"M","M"],"character_chosen":"NECROMANCER","items_purchased":["Slay_Living","Negative_Energy_Javelin","Pantograph","Consume_Illness","Bone_Armor","Bone_Spikes"],"campfire_rested":5,"item_purchase_floors":[2,2,20,20,20,27],"current_hp_per_floor":[75,75,68,70,74,68,68,63,63,56,56,54,45,16,38,40,75,62,46,46,46,34,56,44,32,32,32,54,54,75,61,80,71,90,10,0,0],"gold":301,"neow_bonus":"THREE_ENEMY_KILL","is_daily":false,"chose_seed":false,"campfire_upgraded":1,"win_rate":0.0,"timestamp":1611808868,"path_taken":["M","$","?","M","?","E","R","M","T","E","?","M","?","M","R","BOSS","M","?","$","?","?","R","?","M","T","?","R","$","R","?","R","BOSS","M","M"],"items_purchased_type":["Card","Card","Relic","Card","Card","Card"],"build_version":"2020-12-22","purchased_purges":2,"victory":false,"max_hp_per_floor":[75,75,75,75,75,75,75,75,75,75,75,75,75,75,75,75,75,75,75,75,75,75,75,75,75,75,75,75,75,75,80,80,80,90,90,90,90],"card_choices":[{"not_picked":["Blood_Shield","Finger_Of_Death"],"picked":"Spectral_Armor","floor":1},{"not_picked":["Toxic_Smoke_Screen","Death_Coil"],"picked":"Whirlwind_of_Bones","floor":4},{"not_picked":["Bone_Spikes","Negative_Energy_Shield"],"picked":"Spectral_Armor","floor":5},{"not_picked":["Blood_Shield","Bones_to_Steel"],"picked":"Epidemic","floor":6},{"not_picked":["Epidemic","Strike_from_Beyond"],"picked":"Bone_Bullets","floor":8},{"not_picked":["Bones_to_Steel","Negative_Energy_Mist"],"picked":"Summon_Undead_Army","floor":10},{"not_picked":["Epidemic","Life_Tap"],"picked":"Necrotic_Claws","floor":12},{"not_picked":["Death_Knell","Toxic_Smoke_Screen"],"picked":"Bone_Shift","floor":12},{"not_picked":["Finger_Of_Death","Uncharnel"],"picked":"Negative_Energy_Sphere","floor":13},{"not_picked":["Bone_Armory","Finger_Of_Death","Strike_from_Beyond"],"picked":"SKIP","floor":13},{"not_picked":["Finger_Of_Death","Strike_from_Beyond"],"picked":"Bone_Armory","floor":13},{"not_picked":["Finger_Of_Death","Negative_Energy_Sphere"],"picked":"Acid_Javelin","floor":14},{"not_picked":["Blood_Whip","Negative_Energy_Burst"],"picked":"Grasp_Heart","floor":14},{"not_picked":["Grasp_Heart","Detonate_Bones"],"picked":"Hellfire","floor":16},{"not_picked":["Consume_Illness","Bone_Spikes"],"picked":"Violent_Necrosis","floor":18},{"not_picked":["Blood_Whip","Negative_Energy_Sphere"],"picked":"Bone_Spikes+1","floor":18},{"not_picked":["Bone_Bullets","Finger_Of_Death+1"],"picked":"Summon_Undead_Army+1","floor":24},{"not_picked":["Necromantic_Selection","Bone_Shift+1"],"picked":"Blood_Curse","floor":24},{"not_picked":["Blood_Whip","Spectral_Walk"],"picked":"Skeleton_Dragon","floor":25},{"not_picked":["Slay_Living","Flesh_Made_Foul+1"],"picked":"Deaths_Shadow+1","floor":25},{"not_picked":["Hellfire","Reap_The_Weak"],"picked":"Requiem","floor":33},{"not_picked":["Blood_Curse","Negative_Energy_Mist"],"picked":"Shackles_Of_Pain","floor":35},{"not_picked":["Scare+1","Blood_Is_Power"],"picked":"Negative_Energy_Burst+1","floor":35}],"player_experience":149354,"relics_obtained":[{"floor":6,"key":"Thread and Needle"},{"floor":9,"key":"FossilizedHelix"},{"floor":10,"key":"Prayer Wheel"},{"floor":19,"key":"Enchiridion"},{"floor":26,"key":"Ornamental Fan"},{"floor":34,"key":"Tiny Chest"},{"floor":34,"key":"Pear"},{"floor":34,"key":"WingedGreaves"}],"event_choices":[{"damage_healed":0,"gold_gain":75,"player_choice":"Touch","damage_taken":7,"max_hp_gain":0,"max_hp_loss":0,"event_name":"FaceTrader","floor":3,"gold_loss":0},{"damage_healed":0,"gold_gain":275,"player_choice":"Desecrate","damage_taken":0,"max_hp_gain":0,"max_hp_loss":0,"event_name":"Golden Shrine","floor":11,"gold_loss":0,"cards_obtained":["Regret"]},{"damage_healed":0,"gold_gain":0,"player_choice":"Obtained Book","damage_taken":16,"max_hp_gain":0,"max_hp_loss":0,"event_name":"Cursed Tome","floor":19,"gold_loss":0},{"damage_healed":0,"gold_gain":0,"player_choice":"Stole Relic","damage_taken":0,"relics_obtained":["PreservedInsect"],"max_hp_gain":0,"max_hp_loss":0,"event_name":"Addict","floor":21,"gold_loss":0,"cards_obtained":["Shame"]},{"damage_healed":0,"gold_gain":90,"player_choice":"GOLD ","damage_taken":12,"max_hp_gain":0,"max_hp_loss":0,"event_name":"Knowing Skull","floor":22,"potions_obtained":[],"gold_loss":0,"cards_obtained":[]},{"damage_healed":0,"gold_gain":0,"player_choice":"Shed Blood","damage_taken":19,"max_hp_gain":5,"max_hp_loss":0,"event_name":"Forgotten Altar","floor":31,"gold_loss":0}],"is_beta":false,"boss_relics":[{"not_picked":["Velvet Choker","Snecko Eye"],"picked":"Bromod:ArcaneBarrier"},{"not_picked":["Runic Dome","Fusion Hammer"],"picked":"Calling Bell"}],"items_purged_floors":[27,29],"is_endless":false,"potions_floor_spawned":[1,4,6,10,12,18,33],"killed_by":"3 Shapes","ascension_level":0}}