{"host":"takgv9cv6xf64vhq","time":1611860962,"event":{"mods":["BaseMod","Colored Powertips","Downfall","Hubris","LagranYue(拉格朗・月)","Marisa（F雨　魔理沙）","Minty Spire (QoL Compilation)","Replay The Spire","StSLib","The Animator","The Cursed","The Jungle","TheHeartMod"],"gold_per_floor":[111,111,111,36,60,95,111,150,174,194,227,227,227,227],"floor_reached":13,"language":"ZHS","playtime":565,"items_purged":["Pain"],"score":108,"play_id":"08c1256b-7ad5-4b46-bc6d-b2f8aa4a6240","local_time":"20210129030922","is_ascension_mode":true,"campfire_choices":[],"circlet_count":0,"master_deck":["Strike_B","Strike_B","Strike_B","Strike_B","Defend_B","Defend_B","Defend_B","Defend_B","Zap","Dualcast","Gash","ReplayGash","Chill","Compile Driver","Compile Driver","Pot Of Greed","Pot Of Greed","Fission"],"relics":["Black Star","Golden Idol","WarpedTongs","Akabeko","Du-Vu Doll","Onion Ring","Regal Pillow","Grinning Jar","hubris:ToyBattleship","Boot","Happy Flower"],"acts_visited":["Exordium"],"potions_floor_usage":[6,11,13],"damage_taken":[{"damage":10,"enemies":"2 Louse","floor":1,"turns":3},{"damage":7,"enemies":"Small Slimes","floor":5,"turns":4},{"damage":19,"enemies":"Lagavulin","floor":6,"turns":6},{"damage":0,"enemies":"Cultist","floor":7,"turns":4},{"damage":3,"enemies":"3 Sentries","floor":8,"turns":7},{"damage":0,"enemies":"Exordium Wildlife","floor":10,"turns":3},{"damage":24,"enemies":"Gremlin Nob","floor":11,"turns":5},{"damage":21,"enemies":"Lagavulin","floor":13,"turns":3}],"seed_played":"-3854763114613643305","potions_obtained":[{"floor":5,"key":"PowerPotion"},{"floor":6,"key":"Block Potion"},{"floor":10,"key":"LiquidMemories"}],"is_trial":false,"path_per_floor":["M","?","?","$","M","E","M","E","T","M","E","?","E"],"character_chosen":"DEFECT","items_purchased":[],"campfire_rested":0,"item_purchase_floors":[],"current_hp_per_floor":[65,65,65,65,58,39,39,36,36,36,12,12,0,0],"gold":227,"neow_bonus":"BOSS_RELIC","is_daily":false,"chose_seed":false,"campfire_upgraded":0,"win_rate":0.0,"timestamp":1611860962,"path_taken":["M","?","?","$","M","E","M","E","T","?","E","?","E"],"items_purchased_type":[],"build_version":"2020-12-22","purchased_purges":1,"victory":false,"max_hp_per_floor":[75,69,69,69,69,69,69,69,69,69,69,69,69,69],"card_choices":[{"not_picked":["Coolheaded","Turbo"],"picked":"Gash","floor":1},{"not_picked":["Streamline","Fusion"],"picked":"ReplayGash","floor":5},{"not_picked":["Hyperbeam","Streamline"],"picked":"Chill","floor":6},{"not_picked":["Redo","Reinforced Body"],"picked":"Compile Driver","floor":7},{"not_picked":["Defragment","Lockon"],"picked":"Compile Driver","floor":8},{"not_picked":["ReplayTheSpireMod:Repulse","Rebound"],"picked":"BasicCrystalCard","floor":10},{"not_picked":["hubris:Prefetch","Coolheaded"],"picked":"Fission","floor":11}],"player_experience":177256,"relics_obtained":[{"floor":6,"key":"Akabeko"},{"floor":6,"key":"Du-Vu Doll"},{"floor":8,"key":"Onion Ring"},{"floor":8,"key":"Regal Pillow"},{"floor":9,"key":"Grinning Jar"},{"floor":11,"key":"hubris:ToyBattleship"},{"floor":11,"key":"Boot"}],"event_choices":[{"damage_healed":0,"gold_gain":0,"player_choice":"Lose Max HP","damage_taken":0,"relics_obtained":["Golden Idol"],"max_hp_gain":0,"max_hp_loss":6,"event_name":"Golden Idol","floor":2,"gold_loss":0},{"damage_healed":0,"gold_gain":0,"player_choice":"Rummage","damage_taken":0,"relics_obtained":["WarpedTongs"],"max_hp_gain":0,"max_hp_loss":0,"event_name":"Accursed Blacksmith","floor":3,"gold_loss":0,"cards_obtained":["Pain"]},{"cards_removed":["BasicCrystalCard"],"damage_healed":0,"gold_gain":0,"player_choice":"Gave Card","damage_taken":0,"relics_obtained":["Happy Flower"],"max_hp_gain":0,"max_hp_loss":0,"event_name":"WeMeetAgain","floor":12,"gold_loss":0}],"is_beta":false,"boss_relics":[],"items_purged_floors":[4],"is_endless":false,"potions_floor_spawned":[5,6,10],"killed_by":"Lagavulin","ascension_level":1}}