{"host":"lehz9p79pih88cc3","time":1611808787,"event":{"mods":["AchievementEnabler","Act Like it!","BaseMod","Downfall","Minty Spire (QoL Compilation)","Permanent Neow","Quick Restart","Replay The Spire","SacredBarkPlus","StSLib"],"gold_per_floor":[0,17,17,17,27,57,57,69,69,139,158,190,190,200,220,322,322,322,338,354,370,370,470,470,490,508,508,519,519,537,154,173,276,276,276,276,276,286,171,171,197,215,22,22,49,60,60,94,105,105],"floor_reached":51,"language":"ENG","playtime":2953,"items_purged":["hexamod:Defend","hexamod:Defend","hexamod:Strike"],"score":816,"play_id":"4d5fe077-ccb5-4743-a65f-16a9a8ba10a9","local_time":"20210127233947","is_ascension_mode":false,"campfire_choices":[{"floor":1,"key":"DIG"},{"floor":9,"key":"REST"},{"data":"hexamod:ForkedFlame","floor":18,"key":"SMITH"},{"data":"hexamod:ParanormalForm","floor":29,"key":"SMITH"},{"data":"hexamod:Strike","floor":35,"key":"PURGE"},{"data":"hexamod:HexaLevel","floor":40,"key":"SMITH"},{"data":"hexamod:GiftsFromTheDead","floor":47,"key":"SMITH"}],"circlet_count":0,"master_deck":["hexamod:Strike+1","hexamod:Defend","hexamod:Defend","hexamod:Sear","hexamod:Float","hexamod:ThirdSeal","hexamod:FirstSeal","hexamod:ChargedBarrage","hexamod:FourthSeal","hexamod:GiftsFromTheDead+1","hexamod:ThirdSeal","hexamod:ThirdSeal","hexamod:GhostShield","hexamod:GhostLash","hexamod:PowerFromBeyond","hexamod:GhostLash+1","hexamod:GhostLash","hexamod:WildfireWeapon","hexamod:ForkedFlame+1","hexamod:GhostflameInferno","hexamod:FirstSeal","hexamod:GhostflameInferno","hexamod:GhostShield","hexamod:ForkedFlame","hexamod:GhostShield","hexamod:PowerFromBeyond+1","hexamod:ParanormalForm+1","hexamod:ThirdSeal","hexamod:GhostShield+1","hexamod:HexaLevel+1","hexamod:GhostflameInferno","hexamod:ForkedFlame","hexamod:FastForward"],"relics":["hexamod:SpiritBrand","Blood Vial","Replay:Towering Pillar of Hats","Singing Bowl","Mirror","Regal Pillow","SlaversCollar","Incense Burner","Letter Opener","Toy Ornithopter","Replay:Rubber Ducky","Whetstone","bronze:MakeshiftBattery","Vajra","Lantern","Thread and Needle","Pondfish Scales"],"acts_visited":["Exordium","TheCity","TheBeyond"],"potions_floor_usage":[15,16,16,21,23,23,33,50,50],"damage_taken":[{"damage":0,"enemies":"2 Louse","floor":2,"turns":3},{"damage":6,"enemies":"Jaw Worm","floor":5,"turns":4},{"damage":60,"enemies":"Gremlin Nob","floor":6,"turns":6},{"damage":17,"enemies":"Small Slimes","floor":8,"turns":4},{"damage":13,"enemies":"Blue Slaver","floor":11,"turns":7},{"damage":9,"enemies":"Replay:BlueRogue","floor":12,"turns":7},{"damage":13,"enemies":"3 Louse","floor":14,"turns":4},{"damage":30,"enemies":"Lots of Slimes","floor":15,"turns":5},{"damage":35,"enemies":"SI_SHIV_ARCHETYPE","floor":16,"turns":13},{"damage":11,"enemies":"Spheric Guardian","floor":19,"turns":4},{"damage":33,"enemies":"Shelled Parasite and Fungi","floor":20,"turns":6},{"damage":21,"enemies":"Snecko","floor":21,"turns":5},{"damage":36,"enemies":"Colosseum Nobs","floor":23,"turns":6},{"damage":17,"enemies":"Centurion and Healer","floor":25,"turns":6},{"damage":20,"enemies":"Shelled Parasite and Fungi","floor":26,"turns":5},{"damage":0,"enemies":"Snake Plant","floor":28,"turns":3},{"damage":23,"enemies":"Snecko","floor":30,"turns":6},{"damage":0,"enemies":"downfall:FleeingMerchant","floor":31,"turns":4},{"damage":27,"enemies":"3 Cultists","floor":32,"turns":5},{"damage":4,"enemies":"IC_MUSHROOM_ARCHETYPE","floor":33,"turns":10},{"damage":1,"enemies":"Orb Walker","floor":38,"turns":4},{"damage":0,"enemies":"downfall:FleeingMerchant","floor":39,"turns":4},{"damage":16,"enemies":"3 Darklings","floor":42,"turns":6},{"damage":6,"enemies":"downfall:FleeingMerchant","floor":43,"turns":4},{"damage":25,"enemies":"Nemesis","floor":45,"turns":6},{"damage":0,"enemies":"4 Shapes","floor":46,"turns":6},{"damage":0,"enemies":"downfall:FleeingMerchant","floor":48,"turns":4},{"damage":3,"enemies":"Jaw Worm Horde","floor":49,"turns":6},{"damage":72,"enemies":"DF_ARCHETYPE_ORBS","floor":50,"turns":10}],"seed_played":"-2234327158838089146","potions_obtained":[{"floor":8,"key":"Elixir"},{"floor":11,"key":"FearPotion"},{"floor":12,"key":"bronze:BurnAndBuffPotion"},{"floor":14,"key":"hexamod:EctoCoolerPotion"},{"floor":15,"key":"FairyPotion"},{"floor":15,"key":"PowerPotion"},{"floor":16,"key":"Languid Potion"},{"floor":16,"key":"DuplicationPotion"},{"floor":21,"key":"ColorlessPotion"},{"floor":23,"key":"hexamod:InfernoChargePotion"},{"floor":25,"key":"hexamod:InfernoChargePotion"},{"floor":33,"key":"SteroidPotion"},{"floor":38,"key":"hexamod:DoubleChargePotion"}],"is_trial":false,"path_per_floor":["R","M","?","?","M","E","T","M","R","T","M","E","?","M","M","B",null,"R","M","M","M","?","?","T","M","M","?","M","R","M","$","M","B",null,"R","?","?","M","$","R","T","M","$","?","E","M","R","$","M","B",null],"character_chosen":"THE_SPIRIT","items_purchased":["Replay:Rubber Ducky","Whetstone","hexamod:FastForward","Pondfish Scales"],"campfire_rested":1,"item_purchase_floors":[31,31,43,48],"current_hp_per_floor":[84,84,89,82,85,34,34,30,57,57,57,57,57,55,38,14,105,105,107,87,79,79,65,65,70,72,72,83,83,84,101,89,112,167,167,167,167,177,183,183,183,189,193,193,192,211,211,215,225,177],"gold":105,"neow_bonus":"TWENTY_PERCENT_HP_BONUS","is_daily":false,"chose_seed":false,"campfire_upgraded":4,"win_rate":0.0,"timestamp":1611808787,"path_taken":["R","M","?","?","M","E","T","M","R","?","M","E","?","M","M","BOSS","R","M","M","M","?","?","T","M","M","?","?","R","M","$","M","BOSS","R","?","?","M","$","R","T","M","$","?","E","M","R","?","M","BOSS"],"items_purchased_type":["Relic","Relic","Card","Relic"],"build_version":"2020-12-22","purchased_purges":3,"victory":true,"max_hp_per_floor":[84,84,89,89,89,89,89,93,93,93,97,97,97,99,103,105,105,105,111,115,119,119,125,125,131,137,137,139,139,147,155,161,167,167,167,167,167,177,183,183,183,191,193,193,203,211,211,215,225,225],"card_choices":[{"not_picked":["hexamod:NightmareGuise","hexamod:SpectersWail"],"picked":"hexamod:InspiringFlames","floor":2},{"not_picked":["hexamod:FastForward","hexamod:GhostShield"],"picked":"hexamod:ChargedBarrage","floor":5},{"not_picked":["hexamod:Hexaguard","hexamod:BurningTouch","hexamod:NightmareStrike"],"picked":"SKIP","floor":5},{"not_picked":["hexamod:HauntingEcho","hexamod:SpectersWail"],"picked":"hexamod:FourthSeal","floor":6},{"not_picked":["hexamod:SoulSteal","hexamod:SpectersWail"],"picked":"hexamod:GiftsFromTheDead","floor":6},{"not_picked":["hexamod:RadiantFlame","hexamod:BurningTouch","hexamod:ExtraCrispy"],"picked":"Singing Bowl","floor":8},{"not_picked":["hexamod:SecondSeal","hexamod:HauntingEcho","hexamod:HeatMetal"],"picked":"Singing Bowl","floor":8},{"not_picked":["hexamod:InspiringFlames","hexamod:Rewind","hexamod:SecondSeal"],"picked":"Singing Bowl","floor":11},{"not_picked":["hexamod:NightmareStrike","hexamod:DynamicBlow","hexamod:GhostOfSpirePast"],"picked":"Singing Bowl","floor":11},{"not_picked":["hexamod:NightmareGuise","hexamod:GhostOfSpireFuture"],"picked":"hexamod:ThirdSeal","floor":12},{"not_picked":["hexamod:GhostShield","hexamod:FastForward"],"picked":"hexamod:ThirdSeal","floor":12},{"not_picked":["hexamod:ShieldOfDarkness","hexamod:EtherealExpedition"],"picked":"hexamod:GhostShield","floor":14},{"not_picked":["hexamod:Firestarter","hexamod:ShieldOfDarkness"],"picked":"hexamod:GhostLash","floor":14},{"not_picked":["hexamod:GhostLash","hexamod:UnlimitedPower"],"picked":"hexamod:PowerFromBeyond","floor":14},{"not_picked":["hexamod:Hexaguard","hexamod:NightmareStrike","hexamod:DynamicBlow"],"picked":"Singing Bowl","floor":14},{"not_picked":["hexamod:DynamicBlow","hexamod:BurningTouch"],"picked":"hexamod:GhostLash","floor":15},{"not_picked":["hexamod:ExtraCrispy","hexamod:SecondSeal"],"picked":"hexamod:GhostLash","floor":15},{"not_picked":["hexamod:InspiringFlames","hexamod:GhostLash","hexamod:Haunt"],"picked":"Singing Bowl","floor":15},{"not_picked":["hexamod:GhostflameBarrier","hexamod:RainOfEmbers","hexamod:HeatShield"],"picked":"Singing Bowl","floor":15},{"not_picked":["hexamod:UnlimitedPower","hexamod:GhostOfSpirePresent","hexamod:SixthSeal"],"picked":"Singing Bowl","floor":16},{"not_picked":["hexamod:UnlimitedPower","hexamod:HexaLevel"],"picked":"hexamod:WildfireWeapon","floor":16},{"not_picked":["hexamod:GiftsFromTheDead","hexamod:TurnItUp"],"picked":"hexamod:ForkedFlame","floor":16},{"not_picked":["hexamod:HexaLevel","hexamod:VolcanoVisage"],"picked":"hexamod:GhostflameInferno","floor":16},{"not_picked":["hexamod:PhantomCloak+1","hexamod:Firestarter","hexamod:SkipABeat+1"],"picked":"Singing Bowl","floor":19},{"not_picked":["hexamod:Firestarter","hexamod:FourthSeal","hexamod:NightmareGuise+1"],"picked":"Singing Bowl","floor":19},{"not_picked":["hexamod:DynamicBlow","hexamod:GhostLash","hexamod:NightmareStrike+1"],"picked":"Singing Bowl","floor":19},{"not_picked":["hexamod:GhostLash","hexamod:ThermalTransfer","hexamod:AdvancingGuard"],"picked":"Singing Bowl","floor":20},{"not_picked":["hexamod:RetreatToShadows","hexamod:Firestarter","hexamod:PhantomCloak+1"],"picked":"Singing Bowl","floor":20},{"not_picked":["hexamod:GhostOfSpireFuture+1","hexamod:GhostShield"],"picked":"hexamod:FirstSeal","floor":20},{"not_picked":["hexamod:HauntingEcho","hexamod:GhostOfSpirePast"],"picked":"hexamod:GhostflameInferno","floor":20},{"not_picked":["hexamod:HeatShield","hexamod:NecessarySacrifice+1","hexamod:Firestarter"],"picked":"Singing Bowl","floor":21},{"not_picked":["hexamod:HauntingEcho","hexamod:NecessarySacrifice"],"picked":"hexamod:GhostShield","floor":21},{"not_picked":["hexamod:GhostflameBarrier+1","hexamod:ExtraCrispy"],"picked":"hexamod:ForkedFlame","floor":21},{"not_picked":["hexamod:Hexaguard+1","hexamod:RadiantFlame","hexamod:RetreatToShadows"],"picked":"Singing Bowl","floor":21},{"not_picked":["hexamod:FastForward","hexamod:ChargedBarrage","hexamod:BurningTouch"],"picked":"Singing Bowl","floor":23},{"not_picked":["hexamod:Again+1","hexamod:SwordOfDarkness"],"picked":"hexamod:GhostShield","floor":23},{"not_picked":["hexamod:Rewind","hexamod:HauntingEcho","hexamod:SpectersWail"],"picked":"Singing Bowl","floor":23},{"not_picked":["hexamod:BurningTouch+1","hexamod:NightmareStrike","hexamod:SkipABeat+1"],"picked":"Singing Bowl","floor":23},{"not_picked":["hexamod:SoulSteal+1","hexamod:BacktrackSmack+1","hexamod:RecurringNightmare"],"picked":"Singing Bowl","floor":25},{"not_picked":["hexamod:NightmareGuise","hexamod:SkipABeat"],"picked":"hexamod:PowerFromBeyond+1","floor":25},{"not_picked":["hexamod:NightmareGuise+1","hexamod:Firestarter","hexamod:GhostLash"],"picked":"Singing Bowl","floor":25},{"not_picked":["hexamod:FastForward","hexamod:Rewind","hexamod:SwordOfDarkness+1"],"picked":"Singing Bowl","floor":25},{"not_picked":["hexamod:HeatShield","hexamod:RetreatToShadows","hexamod:RadiantFlame"],"picked":"Singing Bowl","floor":26},{"not_picked":["hexamod:CatchUp+1","hexamod:InspiringFlames+1"],"picked":"hexamod:ParanormalForm","floor":26},{"not_picked":["hexamod:BurningTouch","hexamod:DynamicBlow","hexamod:SpectersWail"],"picked":"Singing Bowl","floor":26},{"not_picked":["hexamod:BurningTouch+1","hexamod:SecondSeal","hexamod:FourthSeal"],"picked":"Singing Bowl","floor":26},{"not_picked":["hexamod:Hexaguard+1","hexamod:HauntingEcho","hexamod:InspiringFlames"],"picked":"Singing Bowl","floor":28},{"not_picked":["hexamod:PowerFromBeyond","hexamod:ExtraCrispy"],"picked":"hexamod:ThirdSeal","floor":28},{"not_picked":["hexamod:ShieldOfDarkness","hexamod:TimeOfNeed","hexamod:BacktrackSmack"],"picked":"Singing Bowl","floor":30},{"not_picked":["hexamod:Rewind","hexamod:NightmareGuise","hexamod:EtherealExpedition"],"picked":"Singing Bowl","floor":30},{"not_picked":["hexamod:ShieldOfDarkness+1","hexamod:DynamicBlow","hexamod:SwordOfDarkness+1"],"picked":"Singing Bowl","floor":30},{"not_picked":["hexamod:SwordOfDarkness","hexamod:HeatShield","hexamod:ThirdSeal"],"picked":"Singing Bowl","floor":30},{"not_picked":["hexamod:FourthSeal","hexamod:FastForward+1","hexamod:HeatMetal"],"picked":"Singing Bowl","floor":31},{"not_picked":["hexamod:TimeWarp","hexamod:InspiringFlames","hexamod:TimeOfNeed"],"picked":"Singing Bowl","floor":31},{"not_picked":["hexamod:SpectersWail","hexamod:AdvancingGuard","hexamod:ThermalTransfer+1"],"picked":"Singing Bowl","floor":31},{"not_picked":["hexamod:RainOfEmbers","hexamod:GhostLash","hexamod:NightmareStrike"],"picked":"Singing Bowl","floor":31},{"not_picked":["hexamod:SpectersWail+1","hexamod:HauntingEcho","hexamod:AdvancingGuard"],"picked":"Singing Bowl","floor":32},{"not_picked":["hexamod:HeatMetal","hexamod:GhostLash+1","hexamod:FastForward+1"],"picked":"Singing Bowl","floor":32},{"not_picked":["hexamod:AdvancingGuard","hexamod:HeatMetal+1"],"picked":"hexamod:GhostShield+1","floor":32},{"not_picked":["hexamod:TimeOfNeed","hexamod:FourthSeal","hexamod:BurningTouch+1"],"picked":"Singing Bowl","floor":32},{"not_picked":["hexamod:FifthSeal","hexamod:UnleashSpirits","hexamod:WildfireWeapon"],"picked":"Singing Bowl","floor":33},{"not_picked":["hexamod:TimeOfNeed","hexamod:GhostOfSpirePresent","hexamod:GiftsFromTheDead"],"picked":"Singing Bowl","floor":33},{"not_picked":["hexamod:ForkedFlame","hexamod:FifthSeal"],"picked":"hexamod:HexaLevel","floor":33},{"not_picked":["hexamod:VolcanoVisage","hexamod:TimeOfNeed","hexamod:SixthSeal"],"picked":"Singing Bowl","floor":33},{"not_picked":["hexamod:VolcanoVisage","hexamod:TimeOfNeed"],"picked":"hexamod:GhostflameInferno","floor":33},{"not_picked":["hexamod:BurningTouch","hexamod:BacktrackSmack","hexamod:GhostShield+1"],"picked":"Singing Bowl","floor":38},{"not_picked":["hexamod:CatchUp+1","hexamod:GhostflameBarrier","hexamod:ShieldOfDarkness+1"],"picked":"Singing Bowl","floor":38},{"not_picked":["hexamod:WildfireWeapon","hexamod:BurningTouch","hexamod:ChargedBarrage"],"picked":"Singing Bowl","floor":38},{"not_picked":["hexamod:HeatCrush","hexamod:GhostOfSpirePast+1","hexamod:ThermalTransfer+1"],"picked":"Singing Bowl","floor":38},{"not_picked":["hexamod:GhostShield+1","hexamod:SpectersWail","hexamod:ThermalTransfer"],"picked":"Singing Bowl","floor":38},{"not_picked":["hexamod:FastForward+1","hexamod:NightmareStrike+1","hexamod:HeatShield"],"picked":"Singing Bowl","floor":39},{"not_picked":["hexamod:RadiantFlame+1","hexamod:GhostLash","hexamod:ThermalTransfer"],"picked":"Singing Bowl","floor":39},{"not_picked":["hexamod:TimeWarp","hexamod:PhantomCloak","hexamod:AdvancingGuard+1"],"picked":"Singing Bowl","floor":39},{"not_picked":["hexamod:ExtraCrispy+1","hexamod:SwordOfDarkness","hexamod:HeatMetal"],"picked":"Singing Bowl","floor":42},{"not_picked":["hexamod:PhantomCloak","hexamod:ChargedBarrage+1","hexamod:ThermalTransfer"],"picked":"Singing Bowl","floor":42},{"not_picked":["hexamod:PhantomCloak+1","hexamod:Again","hexamod:GhostShield+1"],"picked":"Singing Bowl","floor":42},{"not_picked":["hexamod:ShieldOfDarkness+1","hexamod:RainOfEmbers","hexamod:PhantomCloak"],"picked":"Singing Bowl","floor":42},{"not_picked":["hexamod:ShieldOfDarkness+1","hexamod:AdvancingGuard+1","hexamod:HauntingEcho+1"],"picked":"Singing Bowl","floor":43},{"not_picked":["hexamod:Hexaguard+1","hexamod:SwordOfDarkness+1"],"picked":"hexamod:ForkedFlame","floor":43},{"not_picked":["hexamod:SpectersWail","hexamod:BurningTouch","hexamod:HeatMetal"],"picked":"Singing Bowl","floor":45},{"not_picked":["hexamod:ExtraCrispy","hexamod:Hexaguard+1","hexamod:SwordOfDarkness"],"picked":"Singing Bowl","floor":45},{"not_picked":["hexamod:SwordOfDarkness","hexamod:GhostShield","hexamod:PowerFromBeyond+1"],"picked":"Singing Bowl","floor":45},{"not_picked":["hexamod:FirstSeal","hexamod:Rewind+1","hexamod:SoulSteal"],"picked":"Singing Bowl","floor":45},{"not_picked":["hexamod:GhostShield+1","hexamod:HeatMetal+1","hexamod:GhostflameInferno"],"picked":"Singing Bowl","floor":45},{"not_picked":["hexamod:ShieldOfDarkness","hexamod:RadiantFlame+1","hexamod:NightmareGuise"],"picked":"Singing Bowl","floor":46},{"not_picked":["hexamod:RainOfEmbers+1","hexamod:PhantomFireball+1","hexamod:GhostflameBarrier+1"],"picked":"Singing Bowl","floor":46},{"not_picked":["hexamod:SecondSeal","hexamod:SoulSteal","hexamod:HauntingEcho+1"],"picked":"Singing Bowl","floor":46},{"not_picked":["hexamod:HauntingEcho","hexamod:FourthSeal","hexamod:GhostLash+1"],"picked":"Singing Bowl","floor":46},{"not_picked":["hexamod:BacktrackSmack","hexamod:ChargedBarrage+1","hexamod:RecurringNightmare+1"],"picked":"Singing Bowl","floor":48},{"not_picked":["hexamod:HeatMetal+1","hexamod:GiftsFromTheDead","hexamod:ShieldOfDarkness+1"],"picked":"Singing Bowl","floor":48},{"not_picked":["hexamod:InspiringFlames+1","hexamod:SwordOfDarkness+1","hexamod:HauntingEcho+1"],"picked":"Singing Bowl","floor":49},{"not_picked":["hexamod:EmpoweredFlame","hexamod:FlamesFromBeyond","hexamod:Hexaguard+1"],"picked":"Singing Bowl","floor":49},{"not_picked":["hexamod:AdvancingGuard","hexamod:BurningTouch","hexamod:NightmareGuise"],"picked":"Singing Bowl","floor":49},{"not_picked":["hexamod:Firestarter","hexamod:FlamesFromBeyond","hexamod:SpectersWail"],"picked":"Singing Bowl","floor":49},{"not_picked":["hexamod:GhostOfSpirePast","hexamod:NightmareStrike+1","hexamod:GiftsFromTheDead"],"picked":"Singing Bowl","floor":49}],"player_experience":139742,"relics_obtained":[{"floor":1,"key":"Blood Vial"},{"floor":6,"key":"Replay:Towering Pillar of Hats"},{"floor":7,"key":"Singing Bowl"},{"floor":10,"key":"Mirror"},{"floor":12,"key":"Regal Pillow"},{"floor":23,"key":"Incense Burner"},{"floor":23,"key":"Letter Opener"},{"floor":24,"key":"Toy Ornithopter"},{"floor":41,"key":"Vajra"},{"floor":44,"key":"Lantern"},{"floor":45,"key":"Thread and Needle"}],"event_choices":[{"damage_healed":0,"gold_gain":0,"player_choice":"Donut","damage_taken":0,"max_hp_gain":5,"max_hp_loss":0,"event_name":"Big Fish","floor":3,"gold_loss":0}],"is_beta":false,"boss_relics":[{"not_picked":["Astrolabe","Ring of Chaos"],"picked":"SlaversCollar"},{"not_picked":["Replay:Wanted Poster","Runic Dome"],"picked":"bronze:MakeshiftBattery"}],"items_purged_floors":[31,39,43],"is_endless":false,"potions_floor_spawned":[14,15,16,21,25,26,28,30,42,45,49],"ascension_level":0}}