{"host":"ttx8tv95o5vka1nm","time":1611813038,"event":{"mods":["AchievementEnabler","BaseMod","Colored Map","Downfall","Infinite Spire","Minty Spire (QoL Compilation)","Replay The Spire","Shop Mod","StSLib","The Jungle"],"gold_per_floor":[111,128,146,159,175,175,204,216,241,256,273,273,307,34,34,134,134,146,146,146,165,183,213,281,310,310,345,345,365,375,395,452,547,547,558,574,586,606,619,651,651,685,756,790,803,343,362,379,379,482,482,488,500,496,506,518,535,551,597,597,597,190,212,212,241,241,343,343,362,374,390,18,31,69,69,84,111,157,157,172,172,87,87,211,211,216,250,253,271,290,330,330,117,117,166,0,0,41,78,78,154,154,166,166,177,68,68,103,120,120,190,199,208,244,91,100,100,209,209,216,47,64,80,87,118,126,126,198,206,226,226,242,278,278,396,396,409,431,342,342,360,394,374,381,381,406,436,486,493,518,518,612,612,612,454,494,589],"floor_reached":158,"language":"ENG","playtime":16103,"items_purged":["Defend_R","Defend_R","Defend_R","Strike_R","Strike_R","Strike_R+1","Strike_R+1","Inflame+1","Headbutt","Clash","Brutality+1","Combust+1","infinitespire:NeuralNetwork+1","Warcry+1","Ghostly Armor+1","Pot Of Greed+1"],"score":4487,"play_id":"2a22a991-adf4-4d95-9d2a-56d499f935b6","local_time":"20210128155038","is_ascension_mode":true,"campfire_choices":[{"data":"Bash","floor":6,"key":"SMITH"},{"data":"Rage","floor":12,"key":"SMITH"},{"data":"Pommel Strike","floor":15,"key":"SMITH"},{"data":"infinitespire:Menacing","floor":28,"key":"SMITH"},{"data":"Berserk","floor":28,"key":"SMITH"},{"data":"Feed","floor":41,"key":"SMITH"},{"data":"Dropkick","floor":41,"key":"SMITH"},{"floor":49,"key":"REST"},{"data":"Brutality","floor":61,"key":"SMITH"},{"data":"Pommel Strike","floor":61,"key":"SMITH"},{"data":"Bloodletting","floor":66,"key":"SMITH"},{"data":"Bash","floor":66,"key":"SMITH"},{"data":"Shrug It Off","floor":75,"key":"SMITH"},{"data":"Shrug It Off","floor":75,"key":"SMITH"},{"data":"Double Tap","floor":79,"key":"SMITH"},{"data":"Dropkick","floor":79,"key":"SMITH"},{"data":"Master of Strategy","floor":81,"key":"SMITH"},{"data":"Headbutt","floor":81,"key":"SMITH"},{"data":"Heavy Blade","floor":83,"key":"SMITH"},{"data":"Iron Wave","floor":83,"key":"SMITH"},{"data":"Rupture+1","floor":92,"key":"PURGE"},{"data":"infinitespire:SevenWalls","floor":97,"key":"SMITH"},{"data":"Warcry","floor":97,"key":"SMITH"},{"data":"Berserk+1","floor":100,"key":"PURGE"},{"data":"Heavy Blade+1","floor":110,"key":"PURGE"},{"data":"Rupture+1","floor":117,"key":"PURGE"},{"data":"Limit Break","floor":127,"key":"SMITH"},{"data":"ReplayTheSpireMod:Private Reserves","floor":127,"key":"SMITH"},{"data":"Metallicize+1","floor":131,"key":"PURGE"},{"floor":134,"key":"DIG"},{"data":"Spot Weakness","floor":151,"key":"SMITH"},{"data":"ReplayReversal","floor":151,"key":"SMITH"},{"data":"Bludgeon","floor":154,"key":"SMITH"},{"data":"ReplayTheSpireMod:Muscle Training","floor":154,"key":"SMITH"}],"circlet_count":0,"master_deck":["Headbutt+1","Dropkick+1","Shrug It Off+1","Rage+1","Thunderclap+1","Pommel Strike+1","Feed+1","True Grit+1","infinitespire:Menacing+1","Bash+1","Body Slam+1","Iron Wave+1","Pommel Strike+1","Inflame+1","Bloodletting+1","Dropkick+1","Master of Strategy+1","Shrug It Off+1","Double Tap+1","infinitespire:SevenWalls+1","ReplayTheSpireMod:Muscle Training+1","Limit Break+1","Eruption+1","Pot Of Greed+1","Pot Of Greed+1","Reaper+1","ReplayTheSpireMod:Muscle Training+1","Spot Weakness+1","ReplayTheSpireMod:Private Reserves+1","Bludgeon+1","ReplayReversal+1","Rage+1"],"relics":["Anchor","Counterbalance","MerchantsRug","ClockworkSouvenir","infinitespire:Cupcake","Runic Pyramid","Champion Belt","Pen Nib","Replay:Arrowhead","Chameleon Ring","Black Star","infinitespire:PuzzleCube","Replay:Baseball","Darkstone Periapt","White Beast Statue","Snack Pack","Brimstone","ReplayTheSpireMod:Lightbulb","infinitespire:Beetle Shell","SacredBark","Replay:Bandana","Frozen Egg 2","Omamori","Divine Protection","Blood Vial","Toy Ornithopter","CeramicFish","Busted Crown","King of Hearts","Nunchaku","infinitespire:CursedDice","King of Hearts","Replay:Bottled Snecko","Membership Card","Kunai","Durian","Pet Ghost","infinitespire:ShieldingShard","Potion Belt","ReplayTheSpireMod:TigerMarble","Toolbox","Replay:Multitool","Orichalcum","Replay:Towering Pillar of Hats","Juzu Bracelet","Guide Book","Bottled Lightning","Calipers","Red Mask","Replay:Ringing Soul","Letter Opener","Bag of Preparation","Red Skull","Self Forming Clay","Replay:M_SmolderingBlood","Lantern","Shovel","Abe\u0027s Treasure","Meat on the Bone","Paper Frog","infinitespire:Broken Mirror","infinitespire:Eraser","Regal Pillow","Boot","Ancient Tea Set","infinitespire:CheckeredPen","infinitespire:Burning Sword","BargainBundle","DollysMirror","Bronze Scales","Replay:Bottled Eggs","Garlic","Lizard Tail","Gremlin Horn","Prayer Wheel","infinitespire:Satchel","Replay:Bottled Flurry","Sozu","Gremlin Food","Replay:Wax Seal"],"acts_visited":["Exordium","TheCity","TheBeyond","Exordium","Exordium","TheBeyond","Exordium","Exordium","TheBeyond","TheEnding"],"potions_floor_usage":[7,21,24,27,31,37,44,44,45,69,91,95],"damage_taken":[{"damage":18,"enemies":"Cultist","floor":1,"turns":4},{"damage":2,"enemies":"2 Louse","floor":2,"turns":2},{"damage":6,"enemies":"Jaw Worm","floor":3,"turns":2},{"damage":0,"enemies":"Gremlin Gang","floor":4,"turns":3},{"damage":10,"enemies":"Red Slaver","floor":5,"turns":3},{"damage":27,"enemies":"3 Sentries","floor":7,"turns":7},{"damage":2,"enemies":"Looter","floor":8,"turns":4},{"damage":0,"enemies":"3 Louse","floor":10,"turns":3},{"damage":0,"enemies":"Blue Slaver","floor":11,"turns":3},{"damage":13,"enemies":"Gremlin Nob","floor":13,"turns":4},{"damage":36,"enemies":"Hexaghost","floor":16,"turns":9},{"damage":7,"enemies":"Spheric Guardian","floor":18,"turns":4},{"damage":2,"enemies":"3 Byrds","floor":21,"turns":4},{"damage":20,"enemies":"3 Cultists","floor":22,"turns":5},{"damage":5,"enemies":"Replay:Snechameleon","floor":23,"turns":6},{"damage":2,"enemies":"Book of Stabbing","floor":25,"turns":4},{"damage":0,"enemies":"Slavers","floor":27,"turns":6},{"damage":0,"enemies":"Chosen and Byrds","floor":29,"turns":4},{"damage":0,"enemies":"Cultist and Chosen","floor":30,"turns":3},{"damage":0,"enemies":"Snecko","floor":31,"turns":2},{"damage":17,"enemies":"Automaton","floor":33,"turns":10},{"damage":2,"enemies":"3 Darklings","floor":35,"turns":4},{"damage":3,"enemies":"Orb Walker","floor":36,"turns":3},{"damage":3,"enemies":"3 Darklings","floor":37,"turns":4},{"damage":2,"enemies":"Transient","floor":38,"turns":5},{"damage":25,"enemies":"Maw","floor":39,"turns":6},{"damage":47,"enemies":"Nightmare","floor":40,"turns":7},{"damage":7,"enemies":"Nemesis","floor":42,"turns":5},{"damage":35,"enemies":"Reptomancer","floor":44,"turns":5},{"damage":21,"enemies":"3 Darklings","floor":45,"turns":3},{"damage":0,"enemies":"4 Shapes","floor":47,"turns":2},{"damage":5,"enemies":"Maw","floor":48,"turns":4},{"damage":74,"enemies":"Awakened One","floor":50,"turns":7},{"damage":1,"enemies":"2 Louse","floor":52,"turns":2},{"damage":0,"enemies":"Jaw Worm","floor":53,"turns":1},{"damage":1,"enemies":"Cultist","floor":54,"turns":3},{"damage":17,"enemies":"Lots of Slimes","floor":55,"turns":2},{"damage":1,"enemies":"3 Louse","floor":56,"turns":2},{"damage":3,"enemies":"Gremlin Nob","floor":57,"turns":4},{"damage":11,"enemies":"2 Fungi Beasts","floor":58,"turns":4},{"damage":0,"enemies":"3 Sentries","floor":59,"turns":3},{"damage":6,"enemies":"Exordium Thugs","floor":63,"turns":2},{"damage":0,"enemies":"Lagavulin","floor":65,"turns":3},{"damage":0,"enemies":"The Guardian","floor":67,"turns":3},{"damage":0,"enemies":"theJungle:5_Spyders","floor":69,"turns":3},{"damage":16,"enemies":"theJungle:Flameango_and_Byrd","floor":70,"turns":3},{"damage":0,"enemies":"theJungle:JungleHuntersEncounter","floor":71,"turns":3},{"damage":0,"enemies":"Snake Plant","floor":73,"turns":3},{"damage":0,"enemies":"theJungle:Cassacara","floor":74,"turns":3},{"damage":0,"enemies":"theJungle:Lyon","floor":76,"turns":2},{"damage":0,"enemies":"theJungle:MamaSnecko","floor":78,"turns":3},{"damage":0,"enemies":"theJungle:2_Flameangoes","floor":80,"turns":2},{"damage":0,"enemies":"theJungle:QueenSpyder","floor":84,"turns":3},{"damage":0,"enemies":"3 Shapes","floor":86,"turns":3},{"damage":0,"enemies":"3 Darklings","floor":87,"turns":3},{"damage":0,"enemies":"Maw","floor":88,"turns":3},{"damage":26,"enemies":"Writhing Mass","floor":90,"turns":3},{"damage":0,"enemies":"R_Hoarder","floor":91,"turns":1},{"damage":0,"enemies":"2 Orb Walkers","floor":95,"turns":3},{"damage":3,"enemies":"Reptomancer","floor":98,"turns":3},{"damage":0,"enemies":"4 Shapes","floor":99,"turns":3},{"damage":0,"enemies":"Awakened One","floor":101,"turns":7},{"damage":0,"enemies":"Small Slimes","floor":103,"turns":2},{"damage":0,"enemies":"Jaw Worm","floor":105,"turns":1},{"damage":0,"enemies":"Gremlin Nob","floor":108,"turns":1},{"damage":0,"enemies":"2 Louse","floor":109,"turns":1},{"damage":0,"enemies":"Exordium Thugs","floor":113,"turns":2},{"damage":0,"enemies":"3 Sentries","floor":114,"turns":2},{"damage":0,"enemies":"Slime Boss","floor":118,"turns":2},{"damage":0,"enemies":"theJungle:GiantWrat","floor":120,"turns":2},{"damage":0,"enemies":"Shell Parasite","floor":122,"turns":2},{"damage":0,"enemies":"theJungle:2_Snecko_Cultists","floor":123,"turns":2},{"damage":0,"enemies":"theJungle:MamaSnecko","floor":125,"turns":2},{"damage":0,"enemies":"theJungle:SlimyTreeVines","floor":126,"turns":2},{"damage":0,"enemies":"theJungle:Snecko_Cultist_And_Trap","floor":129,"turns":2},{"damage":0,"enemies":"theJungle:Cassacara","floor":130,"turns":2},{"damage":0,"enemies":"theJungle:2_Flameangoes","floor":132,"turns":1},{"damage":0,"enemies":"theJungle:MamaSnecko","floor":133,"turns":2},{"damage":0,"enemies":"theJungle:QueenSpyder","floor":135,"turns":2},{"damage":0,"enemies":"3 Darklings","floor":137,"turns":2},{"damage":0,"enemies":"3 Shapes","floor":138,"turns":2},{"damage":0,"enemies":"Reptomancer","floor":142,"turns":2},{"damage":0,"enemies":"3 Darklings","floor":144,"turns":2},{"damage":0,"enemies":"Spire Growth","floor":146,"turns":1},{"damage":0,"enemies":"Giant Head","floor":147,"turns":2},{"damage":0,"enemies":"2 Orb Walkers","floor":148,"turns":2},{"damage":0,"enemies":"Writhing Mass","floor":149,"turns":2},{"damage":0,"enemies":"R_Hoarder","floor":150,"turns":2},{"damage":0,"enemies":"infinitespire:LordOfFortification","floor":152,"turns":1},{"damage":0,"enemies":"Shield and Spear","floor":156,"turns":1},{"damage":0,"enemies":"The Heart","floor":157,"turns":3}],"seed_played":"176566006952390291","potions_obtained":[{"floor":1,"key":"Weak Potion"},{"floor":2,"key":"Weak Potion"},{"floor":5,"key":"SkillPotion"},{"floor":10,"key":"SpeedPotion"},{"floor":13,"key":"LifebloodPotion"},{"floor":16,"key":"AttackPotion"},{"floor":21,"key":"Reflective Coating"},{"floor":23,"key":"BloodPotion"},{"floor":24,"key":"Toxic Potion"},{"floor":24,"key":"LifebloodPotion"},{"floor":27,"key":"SpeedPotion"},{"floor":33,"key":"Block Potion"},{"floor":38,"key":"Languid Potion"},{"floor":44,"key":"SkillPotion"},{"floor":45,"key":"FearPotion"},{"floor":47,"key":"sneckomod:MuddlingPotion"},{"floor":48,"key":"PowerPotion"},{"floor":50,"key":"LiquidBronze"},{"floor":52,"key":"Fruit Juice"},{"floor":53,"key":"SneckoOil"},{"floor":54,"key":"EssenceOfSteel"},{"floor":55,"key":"Swift Potion"},{"floor":63,"key":"GamblersBrew"},{"floor":65,"key":"Regen Potion"},{"floor":67,"key":"Energy Potion"},{"floor":69,"key":"LifebloodPotion"},{"floor":70,"key":"Adrenaline Potion"},{"floor":71,"key":"HeartOfIron"},{"floor":73,"key":"ColorlessPotion"},{"floor":78,"key":"Energy Potion"},{"floor":80,"key":"Energy Potion"},{"floor":84,"key":"Languid Potion"},{"floor":86,"key":"Fire Potion"},{"floor":87,"key":"infinitespire:BlackPotion"},{"floor":88,"key":"Toxic Potion"},{"floor":90,"key":"Block Potion"},{"floor":91,"key":"BlessingOfTheForge"},{"floor":95,"key":"Fruit Juice"},{"floor":98,"key":"Dexterity Potion"},{"floor":99,"key":"FearPotion"},{"floor":101,"key":"Adrenaline Potion"},{"floor":103,"key":"Dexterity Potion"},{"floor":105,"key":"Adrenaline Potion"},{"floor":108,"key":"Fire Potion"},{"floor":109,"key":"PowerPotion"},{"floor":113,"key":"PowerPotion"},{"floor":114,"key":"DistilledChaos"},{"floor":118,"key":"FearPotion"},{"floor":120,"key":"Weak Potion"},{"floor":122,"key":"champ:CounterPotion"},{"floor":123,"key":"Fire Potion"},{"floor":125,"key":"Block Potion"},{"floor":126,"key":"AttackPotion"},{"floor":129,"key":"Adrenaline Potion"},{"floor":130,"key":"hexamod:SoulburnPotion"},{"floor":132,"key":"LifebloodPotion"},{"floor":133,"key":"Adrenaline Potion"},{"floor":138,"key":"FairyPotion"},{"floor":142,"key":"hexamod:SoulburnPotion"},{"floor":143,"key":"Fire Potion"},{"floor":144,"key":"champ:CounterPotion"},{"floor":146,"key":"GamblersBrew"}],"is_trial":false,"path_per_floor":["M","M","M","M","M","R","E","M","T","M","M","R","E","$","R","B",null,"M","AVR","?","M","M","E","?","E","T","E","R","M","M","M","R_BF","B",null,"M","M","M","M","M","NM","R","E","T","E","M","$","M","M","R","B",null,"M","M","M","M","M","E","M","E","T","R","$","M","AVR","E","R","B",null,"M","M","M","$","M","E","R","M","T","E","R","M","R","$","R","B",null,"M","M","M","AVR","M","E","R","$","T","?","?","R","E","M","R","B",null,"M","?","M","$","?","E","M","R","T","?","M","E","$","?","R","B",null,"M","$","M","M","$","E","M","R","T","M","E","R","M","E","R","B",null,"M","M","$","?","AVR","E","?","M","T","M","E","?","M","E","R","B",null,"R","$","E","B",null],"character_chosen":"IRONCLAD","items_purchased":["MerchantsRug","ClockworkSouvenir","Brimstone","ReplayTheSpireMod:Lightbulb","infinitespire:Beetle Shell","Toy Ornithopter","CeramicFish","Metallicize+1","Membership Card","Kunai","Dropkick","Master of Strategy","Rupture+1","Shrug It Off","Headbutt","ReplayTheSpireMod:TigerMarble","Heavy Blade","Replay:Towering Pillar of Hats","Juzu Bracelet","Guide Book","Bag of Preparation","Shovel","Grinning Jar","ReplayTheSpireMod:Muscle Training","Whetstone","Spot Weakness","ReplayTheSpireMod:Private Reserves","BargainBundle"],"campfire_rested":1,"item_purchase_floors":[14,14,46,46,46,62,62,62,72,72,72,72,72,72,72,82,82,93,93,93,106,115,115,121,121,124,124,139],"current_hp_per_floor":[44,48,48,54,50,50,29,33,33,39,45,45,38,38,38,8,80,79,79,79,83,72,76,58,65,65,74,74,83,89,95,95,87,101,104,104,104,104,88,50,50,53,53,28,17,17,25,34,70,14,126,130,130,130,119,126,134,131,138,138,138,138,142,142,146,146,150,150,154,152,162,162,162,174,174,178,178,182,182,186,186,186,186,190,190,194,198,202,202,190,203,203,203,203,225,225,225,229,233,233,240,240,244,211,221,221,221,237,251,251,251,254,259,259,262,197,197,206,268,272,275,275,275,278,278,278,278,278,278,278,278,282,282,282,285,285,289,296,296,296,299,302,302,306,306,306,310,317,321,321,321,321,321,321,321,325,325],"gold":589,"neow_bonus":"TRANSFORM_TWO_CARDS","is_daily":false,"chose_seed":false,"campfire_upgraded":27,"win_rate":0.0,"timestamp":1611813038,"path_taken":["M","M","M","M","?","R","E","M","T","M","M","R","E","$","R","BOSS","M","AVR","?","M","?","E","?","E","T","E","R","M","M","M","R_BF","BOSS","M","M","M","M","M","NM","R","E","T","E","M","$","M","M","R","BOSS","M","M","M","M","?","E","M","E","T","R","?","M","AVR","E","R","BOSS","M","M","M","$","M","E","R","M","T","E","R","M","R","?","R","BOSS","M","M","M","AVR","M","E","R","$","T","?","?","R","E","M","R","BOSS","M","?","M","$","?","E","M","R","T","?","M","E","$","?","R","BOSS","M","$","M","M","$","E","M","R","T","M","E","R","M","E","R","BOSS","M","M","$","?","AVR","E","?","M","T","M","E","?","M","E","R","BOSS","R","$","E","BOSS"],"items_purchased_type":["Relic","Relic","Relic","Relic","Relic","Relic","Relic","Card","Relic","Relic","Card","Card","Card","Card","Card","Relic","Card","Relic","Relic","Relic","Relic","Relic","Relic","Card","Relic","Card","Card","Relic"],"build_version":"2020-12-22","purchased_purges":16,"victory":true,"max_hp_per_floor":[80,80,80,80,80,80,80,80,80,80,80,80,80,80,80,80,80,80,80,80,83,86,89,89,92,92,95,95,98,98,98,98,101,101,104,104,104,104,107,110,110,114,114,118,118,118,118,122,122,126,126,130,130,130,130,130,134,134,138,138,138,138,142,142,146,146,150,150,154,158,162,162,162,174,174,178,178,182,182,186,186,186,186,190,190,194,198,202,202,206,206,206,206,206,225,225,225,229,233,233,240,240,244,244,244,244,244,248,252,252,252,255,259,259,262,265,265,268,268,272,275,275,275,278,278,278,278,278,278,278,278,282,282,282,285,285,289,296,296,296,299,302,302,306,306,306,310,317,321,321,321,321,321,321,321,325,325],"card_choices":[{"not_picked":["Twin Strike","Replay:Undeath\u0027s Touch"],"picked":"Cleave","floor":1},{"not_picked":["Dark Embrace","Burning Pact"],"picked":"Dropkick","floor":2},{"not_picked":["Sword Boomerang","True Grit"],"picked":"Shrug It Off","floor":3},{"not_picked":["Headbutt","Carnage"],"picked":"Rage","floor":4},{"not_picked":["Perfected Strike","Clash","Eclipse"],"picked":"SKIP","floor":5},{"not_picked":["Sword Boomerang","Fire Breathing"],"picked":"Thunderclap","floor":7},{"not_picked":["Combust","Entrench","Replay:Undeath\u0027s Touch"],"picked":"SKIP","floor":8},{"not_picked":["Sword Boomerang","Perfected Strike"],"picked":"Warcry","floor":10},{"not_picked":["Replay:Many Hands","Flex"],"picked":"Pommel Strike","floor":11},{"not_picked":["Combust","Twin Strike","Anger"],"picked":"SKIP","floor":13},{"not_picked":["Demon Form","Brutality"],"picked":"Feed","floor":16},{"not_picked":["Burning Pact","Run Through"],"picked":"True Grit+1","floor":18},{"not_picked":["Havoc","Run Through+1","Clash"],"picked":"SKIP","floor":21},{"not_picked":["Headbutt+1","Twin Strike","Sword Boomerang"],"picked":"SKIP","floor":22},{"not_picked":["Twin Strike+1","Dark Embrace","Armaments"],"picked":"SKIP","floor":23},{"not_picked":["Sword Boomerang+1","ReplayTheSpireMod:Strike From Hell"],"picked":"Body Slam+1","floor":24},{"not_picked":["Shockwave","Body Slam"],"picked":"Berserk","floor":25},{"not_picked":["Replay:Undeath\u0027s Touch+1","Metallicize"],"picked":"Iron Wave","floor":27},{"not_picked":["Hemokinesis","Clothesline"],"picked":"Clash","floor":29},{"not_picked":["Defy Death","ReplayTheSpireMod:Corrosion Curse"],"picked":"Ghostly Armor+1","floor":30},{"not_picked":["Clash","Burning Pact"],"picked":"Pommel Strike","floor":31},{"not_picked":["Replay:Many Hands","Barricade"],"picked":"Immolate","floor":33},{"not_picked":["Heavy Blade+1","ReplayTheSpireMod:Stacked"],"picked":"Flex","floor":35},{"not_picked":["Heavy Blade","Run Through+1","Thunderclap"],"picked":"SKIP","floor":36},{"not_picked":["Thunderclap","Warcry","Twin Strike+1"],"picked":"SKIP","floor":37},{"not_picked":["Carnage+1","Shrug It Off+1"],"picked":"Inflame+1","floor":38},{"not_picked":["infinitespire:OneForAll+1","Pommel Strike+1"],"picked":"Rupture+1","floor":39},{"not_picked":["Anger+1","Perfected Strike","Shockwave"],"picked":"SKIP","floor":40},{"not_picked":["ReplayTheSpireMod:Strike From Hell+1","Power Through+1"],"picked":"Inflame+1","floor":42},{"not_picked":["Infernal Blade+1","Life Link","Shrug It Off"],"picked":"SKIP","floor":44},{"not_picked":["Sever Soul","Wild Strike"],"picked":"Bloodletting","floor":45},{"not_picked":["Abandon+1","Cleave","ReplayTheSpireMod:Strike From Hell"],"picked":"SKIP","floor":47},{"not_picked":["Run Through+1","Wild Strike+1","Armaments"],"picked":"SKIP","floor":48},{"not_picked":["Fire Breathing","infinitespire:OneForAll","Shockwave"],"picked":"SKIP","floor":52},{"not_picked":["Combust","True Grit","Armaments"],"picked":"SKIP","floor":53},{"not_picked":["Sword Boomerang","Replay:Undeath\u0027s Touch","Thunderclap"],"picked":"SKIP","floor":54},{"not_picked":["Twin Strike","Blood for Blood","Sword Boomerang"],"picked":"SKIP","floor":55},{"not_picked":["Abandon","Second Wind","Pommel Strike"],"picked":"SKIP","floor":56},{"not_picked":["Dark Embrace+1","Pommel Strike","Evolve+1"],"picked":"SKIP","floor":57},{"not_picked":["Shrug It Off","Defy Death","Searing Blow"],"picked":"SKIP","floor":58},{"not_picked":["Clothesline","Havoc","Eclipse"],"picked":"SKIP","floor":59},{"not_picked":["Burning Pact","Iron Wave"],"picked":"Combust+1","floor":63},{"not_picked":["Iron Wave"],"picked":"SKIP","floor":65},{"not_picked":["Wild Strike"],"picked":"SKIP","floor":69},{"not_picked":["Armaments"],"picked":"SKIP","floor":70},{"not_picked":["Searing Blow"],"picked":"SKIP","floor":71},{"not_picked":["Anger"],"picked":"SKIP","floor":73},{"not_picked":["Warcry"],"picked":"SKIP","floor":74},{"not_picked":["Twin Strike"],"picked":"SKIP","floor":76},{"not_picked":[],"picked":"Double Tap","floor":78},{"not_picked":["Seeing Red+1"],"picked":"SKIP","floor":80},{"not_picked":["infinitespire:Starlight","infinitespire:FinalStrike"],"picked":"infinitespire:SevenWalls","floor":84},{"not_picked":["Anger+1"],"picked":"SKIP","floor":86},{"not_picked":["Armaments+1"],"picked":"SKIP","floor":87},{"not_picked":["Combust+1"],"picked":"SKIP","floor":88},{"not_picked":["Rampage+1"],"picked":"SKIP","floor":90},{"not_picked":[],"picked":"ReplayTheSpireMod:Muscle Training","floor":91},{"not_picked":["ReplayTheSpireMod:Corrosion Curse+1"],"picked":"SKIP","floor":98},{"not_picked":["Sever Soul"],"picked":"SKIP","floor":99},{"not_picked":[],"picked":"Limit Break","floor":101},{"not_picked":["Metallicize+1"],"picked":"SKIP","floor":103},{"not_picked":["Blood for Blood"],"picked":"SKIP","floor":105},{"not_picked":["ReplayTheSpireMod:Strike From Hell"],"picked":"SKIP","floor":108},{"not_picked":["Flex"],"picked":"SKIP","floor":109},{"not_picked":["CrushJoints"],"picked":"SKIP","floor":113},{"not_picked":["Havoc"],"picked":"SKIP","floor":114},{"not_picked":["infinitespire:DeathsTouch","ReplayTheSpireMod:Chaos Vortex"],"picked":"ReplayTheSpireMod:Book of Names","floor":116},{"not_picked":[],"picked":"Reaper","floor":118},{"not_picked":["Whirlwind"],"picked":"SKIP","floor":120},{"not_picked":["Metallicize+1"],"picked":"SKIP","floor":122},{"not_picked":["Sword Boomerang"],"picked":"SKIP","floor":123},{"not_picked":["Cleave+1"],"picked":"SKIP","floor":125},{"not_picked":["Evolve+1"],"picked":"SKIP","floor":126},{"not_picked":["Evolve+1"],"picked":"SKIP","floor":126},{"not_picked":["Intimidate"],"picked":"SKIP","floor":129},{"not_picked":["Carnage"],"picked":"SKIP","floor":130},{"not_picked":["Sword Boomerang"],"picked":"SKIP","floor":132},{"not_picked":["Sentinel"],"picked":"SKIP","floor":133},{"not_picked":[],"picked":"Bludgeon","floor":135},{"not_picked":["Headbutt"],"picked":"SKIP","floor":137},{"not_picked":[],"picked":"ReplayReversal","floor":138},{"not_picked":["Wild Strike+1"],"picked":"SKIP","floor":142},{"not_picked":["Twin Strike+1"],"picked":"SKIP","floor":144},{"not_picked":["Shrug It Off"],"picked":"SKIP","floor":146},{"not_picked":["Searing Blow+1"],"picked":"SKIP","floor":147},{"not_picked":["Anger+1"],"picked":"SKIP","floor":149},{"not_picked":["Twin Strike"],"picked":"SKIP","floor":149},{"not_picked":["Feel No Pain+1"],"picked":"SKIP","floor":150},{"not_picked":["Sword Boomerang+1"],"picked":"SKIP","floor":156}],"player_experience":938396,"relics_obtained":[{"floor":7,"key":"Anchor"},{"floor":9,"key":"Dream Catcher"},{"floor":13,"key":"Counterbalance"},{"floor":23,"key":"Pen Nib"},{"floor":25,"key":"Replay:Arrowhead"},{"floor":26,"key":"Chameleon Ring"},{"floor":27,"key":"Replay:Accelerometer"},{"floor":40,"key":"infinitespire:PuzzleCube"},{"floor":40,"key":"Replay:Baseball"},{"floor":42,"key":"Art of War"},{"floor":42,"key":"Darkstone Periapt"},{"floor":43,"key":"White Beast Statue"},{"floor":44,"key":"Snack Pack"},{"floor":44,"key":"Simple Rune"},{"floor":57,"key":"Replay:Bandana"},{"floor":57,"key":"Frozen Egg 2"},{"floor":59,"key":"Omamori"},{"floor":59,"key":"Divine Protection"},{"floor":60,"key":"Blood Vial"},{"floor":65,"key":"Nunchaku"},{"floor":65,"key":"infinitespire:CursedDice"},{"floor":68,"key":"King of Hearts"},{"floor":68,"key":"infinitespire:Magic Flask"},{"floor":68,"key":"Replay:Bottled Snecko"},{"floor":74,"key":"Strawberry"},{"floor":74,"key":"Durian"},{"floor":77,"key":"Pet Ghost"},{"floor":78,"key":"infinitespire:ShieldingShard"},{"floor":78,"key":"Potion Belt"},{"floor":91,"key":"Replay:Multitool"},{"floor":91,"key":"Orichalcum"},{"floor":94,"key":"Bottled Lightning"},{"floor":95,"key":"Calipers"},{"floor":98,"key":"Replay:Ringing Soul"},{"floor":98,"key":"Letter Opener"},{"floor":108,"key":"StrikeDummy"},{"floor":108,"key":"Red Skull"},{"floor":111,"key":"Self Forming Clay"},{"floor":114,"key":"Art of War"},{"floor":114,"key":"Lantern"},{"floor":125,"key":"Meat on the Bone"},{"floor":125,"key":"Paper Frog"},{"floor":128,"key":"infinitespire:Broken Mirror"},{"floor":130,"key":"infinitespire:Eraser"},{"floor":130,"key":"Regal Pillow"},{"floor":133,"key":"Boot"},{"floor":133,"key":"Ancient Tea Set"},{"floor":134,"key":"infinitespire:CheckeredPen"},{"floor":142,"key":"Bronze Scales"},{"floor":142,"key":"Replay:Bottled Eggs"},{"floor":145,"key":"Garlic"},{"floor":147,"key":"Lizard Tail"},{"floor":147,"key":"Gremlin Horn"},{"floor":148,"key":"Prayer Wheel"},{"floor":150,"key":"infinitespire:Satchel"},{"floor":150,"key":"Replay:Bottled Flurry"},{"floor":156,"key":"Gremlin Food"},{"floor":156,"key":"Replay:Wax Seal"}],"event_choices":[{"damage_healed":0,"gold_gain":0,"player_choice":"1 cards matched","damage_taken":0,"max_hp_gain":0,"max_hp_loss":0,"event_name":"Match and Keep!","floor":20,"gold_loss":0,"cards_obtained":["Bash"]},{"damage_healed":0,"gold_gain":0,"player_choice":"Fight","damage_taken":0,"max_hp_gain":0,"max_hp_loss":0,"event_name":"Mysterious Sphere","floor":95,"gold_loss":0},{"damage_healed":0,"gold_gain":0,"player_choice":"Paid","damage_taken":0,"relics_obtained":["Red Mask"],"max_hp_gain":0,"max_hp_loss":0,"event_name":"Tomb of Lord Red Mask","floor":96,"gold_loss":166},{"damage_healed":0,"gold_gain":0,"player_choice":"Success","damage_taken":33,"relics_obtained":["Dream Catcher"],"max_hp_gain":0,"max_hp_loss":0,"event_name":"Scrap Ooze","floor":104,"gold_loss":0},{"cards_removed":["ReplayTheSpireMod:Book of Names"],"damage_healed":0,"gold_gain":0,"player_choice":"Removed Power","damage_taken":0,"max_hp_gain":0,"max_hp_loss":0,"event_name":"Falling","floor":140,"gold_loss":0},{"damage_healed":0,"gold_gain":0,"player_choice":"Bought 1 Potion","damage_taken":0,"max_hp_gain":0,"max_hp_loss":0,"event_name":"The Woman in Blue","floor":143,"gold_loss":0},{"damage_healed":0,"gold_gain":0,"player_choice":"Fight","damage_taken":0,"max_hp_gain":0,"max_hp_loss":0,"event_name":"Mysterious Sphere","floor":148,"gold_loss":0}],"is_beta":false,"boss_relics":[{"not_picked":["ReplayTheSpireMod:SealedPack","Ring of Chaos"],"picked":"infinitespire:Cupcake"},{"not_picked":["SlaversCollar","Black Blood"],"picked":"Black Star"},{"not_picked":["Replay:Bronze Core","Replay:Fungal Core"],"picked":"SacredBark"},{"not_picked":["Runic Dome","Painkiller Herb"],"picked":"Calling Bell"},{"not_picked":["Replay:Wanted Poster","Sozu"],"picked":"Empty Cage"},{"not_picked":["Pandora\u0027s Box","Cursed Key"],"picked":"Replay:Fungal Core"},{"not_picked":["Calling Bell","Electric Blood"],"picked":"Abe\u0027s Treasure"},{"not_picked":["Pandora\u0027s Box","Runic Cube"],"picked":"infinitespire:Burning Sword"},{"not_picked":["ReplayTheSpireMod:SealedPack","Runic Dome"],"picked":"Sozu"}],"items_purged_floors":[14,19,46,62,64,72,82,89,93,106,115,121,124,139,141,155],"is_endless":true,"potions_floor_spawned":[1,2,5,10,13,16,21,23,27,30,33,35,38,40,44,45,47,48,50,52,53,54,55,56,57,58,59,63,65,67,69,70,71,73,74,76,78,80,84,86,87,88,90,91,95,98,99,101,103,105,108,109,113,114,118,120,122,123,125,126,129,130,132,133,135,137,138,142,144,146,147,148,149,150,152,156,157],"ascension_level":1}}