{"host":"vyiqbz5w606ur92t","time":1611803977,"event":{"mods":["BaseMod","Downfall","Minty Spire (QoL Compilation)","StSLib"],"gold_per_floor":[349,361,536,550,179,198,225,240,253,267,367,378,410,423,442,442,442,442],"floor_reached":16,"language":"ENG","playtime":1241,"items_purged":["Doubt"],"score":108,"play_id":"3378b21e-4318-42d9-b774-b847583d2824","local_time":"20210128031937","is_ascension_mode":false,"campfire_choices":[{"data":"bronze:Goto","floor":1.0,"key":"SMITH"}],"circlet_count":0,"master_deck":["bronze:Strike","bronze:Strike","bronze:Strike","bronze:Strike","bronze:Defend","bronze:Defend","bronze:Defend","bronze:Defend","bronze:Replicate","bronze:Goto+1","Writhe","bronze:Branch","bronze:ForLoop","bronze:OilSpill","bronze:ItsAFeature","bronze:Return","bronze:FollowUp","bronze:WhirlingStrike","bronze:BuggyMess","bronze:BurnOut","bronze:BugBarrage"],"relics":["bronze:BronzeCore","Gremlin Horn","bronze:ProtectiveGoggles","Bronze Scales"],"acts_visited":["Exordium"],"potions_floor_usage":[16,16],"damage_taken":[{"damage":7.0,"enemies":"2 Louse","floor":2.0,"turns":3.0},{"damage":2.0,"enemies":"Small Slimes","floor":4.0,"turns":4.0},{"damage":5.0,"enemies":"downfall:FleeingMerchant","floor":5.0,"turns":4.0},{"damage":2.0,"enemies":"Cultist","floor":6.0,"turns":4.0},{"damage":7.0,"enemies":"Blue Slaver","floor":8.0,"turns":3.0},{"damage":14.0,"enemies":"Exordium Wildlife","floor":9.0,"turns":5.0},{"damage":7.0,"enemies":"Red Slaver","floor":10.0,"turns":4.0},{"damage":4.0,"enemies":"Blue Slaver","floor":12.0,"turns":3.0},{"damage":14.0,"enemies":"Gremlin Nob","floor":13.0,"turns":4.0},{"damage":0.0,"enemies":"Large Slime","floor":14.0,"turns":4.0},{"damage":0.0,"enemies":"Exordium Wildlife","floor":15.0,"turns":3.0},{"damage":9,"enemies":"WA_ARCHETYPE_RETAIN","floor":16,"turns":4}],"seed_played":"-2733745970624011930","potions_obtained":[{"floor":6.0,"key":"Swift Potion"},{"floor":8.0,"key":"hexamod:SoulburnPotion"},{"floor":9.0,"key":"champ:CounterPotion"},{"floor":14.0,"key":"PowerPotion"}],"is_trial":false,"path_per_floor":["R","M","?","M","$","M","T","M","M","M","?","M","E","M","M","B"],"character_chosen":"THE_AUTOMATON","items_purchased":["bronze:ItsAFeature","Gremlin Horn"],"campfire_rested":0,"item_purchase_floors":[5,5],"current_hp_per_floor":[70,63,63,61,56,54,54,47,33,26,26,22,8,8,8,0,0,0],"gold":442,"neow_bonus":"TWO_FIFTY_GOLD","is_daily":false,"chose_seed":false,"campfire_upgraded":1,"win_rate":0.0,"timestamp":1611803977,"path_taken":["R","M","?","M","$","M","T","M","M","M","?","M","E","M","M","BOSS"],"items_purchased_type":["Card","Relic"],"build_version":"2020-12-22","purchased_purges":1,"victory":false,"max_hp_per_floor":[70,70,70,70,70,70,70,70,70,70,70,70,70,70,70,70,70,70],"card_choices":[{"not_picked":["bronze:ChildClass","bronze:Allocate"],"picked":"bronze:Branch","floor":2.0},{"not_picked":["bronze:CutThrough","bronze:BuggyMess"],"picked":"bronze:ForLoop","floor":4.0},{"not_picked":["bronze:WhirlingStrike","bronze:ClassDefault"],"picked":"bronze:OilSpill","floor":5.0},{"not_picked":["bronze:DigitalCarnage","bronze:BuggyMess"],"picked":"bronze:Return","floor":6.0},{"not_picked":["bronze:BuggyMess","bronze:Deprecate"],"picked":"bronze:FollowUp","floor":8.0},{"not_picked":["bronze:Optimize","bronze:Deprecate"],"picked":"bronze:WhirlingStrike","floor":9.0},{"not_picked":["bronze:ForLoop","bronze:Overheat","bronze:CutThrough"],"picked":"SKIP","floor":10.0},{"not_picked":["bronze:Shield","bronze:WhirlingStrike"],"picked":"bronze:BuggyMess","floor":12.0},{"not_picked":["bronze:OilSpill","bronze:DarkDash"],"picked":"bronze:BurnOut","floor":13.0},{"not_picked":["bronze:Deprecate","bronze:BronzeArmor","bronze:WildBeam"],"picked":"SKIP","floor":14.0},{"not_picked":["bronze:WildBeam","bronze:Flail"],"picked":"bronze:BugBarrage","floor":15.0}],"player_experience":1144718,"relics_obtained":[{"floor":7.0,"key":"bronze:ProtectiveGoggles"},{"floor":13.0,"key":"Bronze Scales"}],"event_choices":[],"is_beta":false,"boss_relics":[],"items_purged_floors":[5],"is_endless":false,"potions_floor_spawned":[6,8,9,14,15],"killed_by":"WA_ARCHETYPE_RETAIN","ascension_level":0}}