{"host":"qc8p2flj7wsy3zpg","time":1611813905,"event":{"mods":["BaseMod","Highlight Path","Minty Spire (QoL Compilation)","Relic Stats","StSLib"],"gold_per_floor":[112,124,124,199,199,233,233,259,285,295,311,325,325,345,345,420,420,438,449,3,21,37,71,71,85,85,118,118,148,148,30,30,107,107,119,144,159,175,175,175,201,217,296,324,336,370,6,6,6,6,6,6,6,6,36,36],"floor_reached":57,"language":"ENG","playtime":5964,"items_purged":["Bite","Defend_B"],"score":2795,"play_id":"1844d43e-a097-4eb4-9e86-c1a43c5dcb22","local_time":"20210128000505","is_ascension_mode":true,"campfire_choices":[{"floor":7,"key":"REST"},{"data":"Consume","floor":13,"key":"SMITH"},{"data":"Electrodynamics","floor":15,"key":"SMITH"},{"data":"Sunder","floor":24,"key":"SMITH"},{"data":"Recycle","floor":28,"key":"SMITH"},{"data":"Chaos","floor":32,"key":"SMITH"},{"data":"Capacitor","floor":40,"key":"SMITH"},{"floor":49,"key":"RECALL"},{"data":"Defragment","floor":53,"key":"SMITH"}],"circlet_count":0,"master_deck":["AscendersBane","Defend_B","Defend_B","Defend_B","Zap","Dualcast","Electrodynamics+1","Steam Power","Auto Shields","Consume+1","Melter","Genetic Algorithm","Steam","Turbo","Reinforced Body","Echo Form","Ball Lightning","Cold Snap","Core Surge","Sunder+1","Recycle+1","Compile Driver","Bite","Bite","Bite","Bite","Chaos+1","Creative AI","Glacier","Capacitor+1","Conserve Battery","Defragment+1","Hologram+1","Coolheaded"],"relics":["Cracked Core","Orichalcum","Strawberry","Eternal Feather","DataDisk","Odd Mushroom","Nuclear Battery","Lee\u0027s Waffle","HornCleat","PreservedInsect","MealTicket","Ancient Tea Set","Shuriken","Sozu","Prayer Wheel","Peace Pipe","Bottled Flame","Bag of Marbles","Bottled Tornado","Torii","Sundial"],"acts_visited":["Exordium","TheCity","TheBeyond","TheEnding"],"potions_floor_usage":[6,6,12,16,21,42],"damage_taken":[{"damage":0,"enemies":"2 Louse","floor":1,"turns":1},{"damage":0,"enemies":"Cultist","floor":2,"turns":3},{"damage":18,"enemies":"Lagavulin","floor":6,"turns":6},{"damage":20,"enemies":"3 Sentries","floor":8,"turns":4},{"damage":7,"enemies":"Small Slimes","floor":10,"turns":3},{"damage":0,"enemies":"2 Fungi Beasts","floor":11,"turns":3},{"damage":4,"enemies":"Exordium Wildlife","floor":12,"turns":4},{"damage":2,"enemies":"The Mushroom Lair","floor":14,"turns":2},{"damage":28,"enemies":"Slime Boss","floor":16,"turns":7},{"damage":0,"enemies":"3 Byrds","floor":18,"turns":2},{"damage":43,"enemies":"Shell Parasite","floor":19,"turns":6},{"damage":13,"enemies":"Centurion and Healer","floor":21,"turns":10},{"damage":16,"enemies":"Sentry and Sphere","floor":22,"turns":4},{"damage":14,"enemies":"Book of Stabbing","floor":23,"turns":5},{"damage":18,"enemies":"Snake Plant","floor":25,"turns":5},{"damage":17,"enemies":"Gremlin Leader","floor":27,"turns":4},{"damage":5,"enemies":"Slavers","floor":29,"turns":3},{"damage":74,"enemies":"Champ","floor":33,"turns":17},{"damage":12,"enemies":"Orb Walker","floor":35,"turns":4},{"damage":0,"enemies":"Mind Bloom Boss Battle","floor":36,"turns":3},{"damage":12,"enemies":"3 Shapes","floor":37,"turns":19},{"damage":47,"enemies":"Transient","floor":38,"turns":6},{"damage":18,"enemies":"Reptomancer","floor":41,"turns":4},{"damage":0,"enemies":"3 Darklings","floor":42,"turns":6},{"damage":50,"enemies":"Giant Head","floor":44,"turns":40},{"damage":24,"enemies":"Writhing Mass","floor":45,"turns":7},{"damage":64,"enemies":"Nemesis","floor":46,"turns":43},{"damage":27,"enemies":"Donu and Deca","floor":50,"turns":14},{"damage":26,"enemies":"Time Eater","floor":51,"turns":20},{"damage":50,"enemies":"Shield and Spear","floor":55,"turns":28},{"damage":32,"enemies":"The Heart","floor":56,"turns":14}],"seed_played":"-5401438905317756331","potions_obtained":[{"floor":1,"key":"AttackPotion"},{"floor":2,"key":"SteroidPotion"},{"floor":10,"key":"AttackPotion"},{"floor":14,"key":"Regen Potion"},{"floor":18,"key":"EssenceOfDarkness"},{"floor":25,"key":"LiquidMemories"},{"floor":27,"key":"AttackPotion"},{"floor":29,"key":"FairyPotion"}],"is_trial":false,"path_per_floor":["M","M","?","?","?","E","R","E","T","M","M","M","R","?","R","B",null,"M","M","$","M","M","E","R","M","T","E","R","E","?","$","R","B",null,"M","?","M","M","?","R","E","M","T","E","M","E","$","T","R","B","B",null,"R","$","E","B",null],"character_chosen":"DEFECT","items_purchased":["Lee\u0027s Waffle","HornCleat","Chaos","Bottled Tornado"],"campfire_rested":1,"item_purchase_floors":[20,20,31,47],"current_hp_per_floor":[64,64,38,27,34,16,39,21,21,16,18,16,25,25,37,26,65,67,26,85,72,58,46,61,45,45,30,45,42,42,57,72,26,70,60,66,78,37,37,55,41,49,49,67,45,85,85,85,85,85,85,85,85,85,85,67],"gold":36,"neow_bonus":"ONE_RANDOM_RARE_CARD","is_daily":false,"chose_seed":false,"campfire_upgraded":7,"win_rate":0.0,"timestamp":1611813905,"path_taken":["M","M","?","?","?","E","R","E","T","?","M","M","R","?","R","BOSS","M","M","$","M","M","E","R","M","T","E","R","E","?","$","R","BOSS","M","?","M","M","?","R","E","M","T","E","M","E","$","?","R","BOSS","BOSS","R","$","E","BOSS"],"items_purchased_type":["Relic","Relic","Card","Relic"],"build_version":"2020-12-22","purchased_purges":2,"victory":true,"max_hp_per_floor":[71,71,71,71,78,78,78,78,78,78,78,78,78,78,78,78,78,78,78,85,85,85,85,85,85,85,85,85,85,85,85,85,85,85,85,85,85,85,85,85,85,85,85,85,85,85,85,85,85,85,85,85,85,85,85,85],"relic_stats":{"Lee\u0027s Waffle":59,"Torii":29,"counters":[31,296],"Eternal Feather":84,"PreservedInsect":443,"Orichalcum":[492],"Sozu":5,"Peace Pipe":0,"Shuriken":[33],"Sundial":[0],"MealTicket":15,"Prayer Wheel":4,"obtain_stats":[{"Lee\u0027s Waffle":20,"Torii":48,"Eternal Feather":8,"PreservedInsect":23,"Orichalcum":3,"Odd Mushroom":14,"Bottled Tornado":47,"Ancient Tea Set":27,"Nuclear Battery":17,"Blood Vial":6,"Sozu":34,"Peace Pipe":41,"DataDisk":9,"Bottled Flame":44,"HornCleat":20,"Shuriken":29,"Sundial":55,"Strawberry":5,"MealTicket":26,"Prayer Wheel":36,"Bag of Marbles":46,"Cracked Core":0},{"Lee\u0027s Waffle":11,"Torii":27,"Eternal Feather":4,"PreservedInsect":14,"Orichalcum":2,"Odd Mushroom":8,"Bottled Tornado":27,"Ancient Tea Set":16,"Nuclear Battery":9,"Blood Vial":3,"Sozu":18,"Peace Pipe":23,"DataDisk":4,"Bottled Flame":25,"HornCleat":11,"Shuriken":17,"Sundial":30,"Strawberry":2,"MealTicket":15,"Prayer Wheel":20,"Bag of Marbles":27,"Cracked Core":0},{"Lee\u0027s Waffle":41,"Torii":221,"Eternal Feather":14,"PreservedInsect":60,"Orichalcum":4,"Odd Mushroom":26,"Bottled Tornado":221,"Ancient Tea Set":69,"Nuclear Battery":33,"Blood Vial":10,"Sozu":89,"Peace Pipe":125,"DataDisk":14,"Bottled Flame":171,"HornCleat":41,"Shuriken":72,"Sundial":283,"Strawberry":4,"MealTicket":65,"Prayer Wheel":96,"Bag of Marbles":221,"Cracked Core":0}]},"card_choices":[{"not_picked":["Reprogram","Go for the Eyes"],"picked":"Steam Power","floor":1},{"not_picked":["Streamline","Go for the Eyes"],"picked":"Auto Shields","floor":2},{"not_picked":["Rip and Tear","Heatsinks"],"picked":"Consume","floor":6},{"not_picked":["Gash","Rebound"],"picked":"Melter","floor":8},{"not_picked":["Go for the Eyes","Conserve Battery"],"picked":"Genetic Algorithm","floor":10},{"not_picked":["Rebound","Sweeping Beam"],"picked":"Steam","floor":11},{"not_picked":["Amplify","Scrape"],"picked":"Turbo","floor":12},{"not_picked":["Leap","Turbo"],"picked":"Reinforced Body","floor":14},{"not_picked":["Reboot","Machine Learning"],"picked":"Echo Form","floor":16},{"not_picked":["Steam","Rip and Tear"],"picked":"Ball Lightning","floor":18},{"not_picked":["Rip and Tear","Conserve Battery"],"picked":"Cold Snap","floor":19},{"not_picked":["BootSequence+1","Recycle+1"],"picked":"Core Surge","floor":21},{"not_picked":["Cold Snap","Barrage"],"picked":"Sunder","floor":22},{"not_picked":["Leap","Sweeping Beam","Melter"],"picked":"SKIP","floor":23},{"not_picked":["Multi-Cast","Cold Snap","Leap"],"picked":"SKIP","floor":25},{"not_picked":["Barrage","Skim"],"picked":"Recycle","floor":27},{"not_picked":["Aggregate","Gash"],"picked":"Compile Driver","floor":29},{"not_picked":["Multi-Cast","All For One"],"picked":"Creative AI","floor":33},{"not_picked":["Stack+1","Lockon"],"picked":"Glacier","floor":35},{"not_picked":["Hello World+1","Loop"],"picked":"Capacitor","floor":37},{"not_picked":["Beam Cell","Turbo","Steam+1"],"picked":"SKIP","floor":37},{"not_picked":["Cold Snap","Ball Lightning+1"],"picked":"Conserve Battery","floor":38},{"not_picked":["Turbo","Stack+1"],"picked":"Defragment","floor":41},{"not_picked":["Consume","Stack"],"picked":"Hologram+1","floor":42},{"not_picked":["Reprogram+1","Storm+1"],"picked":"Coolheaded","floor":42},{"not_picked":["Gash","Amplify","Darkness"],"picked":"SKIP","floor":44},{"not_picked":["Aggregate","Steam+1","Beam Cell"],"picked":"SKIP","floor":45},{"not_picked":["Cold Snap+1","Heatsinks","Barrage"],"picked":"SKIP","floor":45},{"not_picked":["Gash","Leap","Heatsinks"],"picked":"SKIP","floor":46}],"player_experience":2276270,"relics_obtained":[{"floor":5,"key":"Strawberry"},{"floor":6,"key":"Blood Vial"},{"floor":8,"key":"Eternal Feather"},{"floor":9,"key":"DataDisk"},{"floor":14,"key":"Odd Mushroom"},{"floor":23,"key":"PreservedInsect"},{"floor":26,"key":"MealTicket"},{"floor":27,"key":"Ancient Tea Set"},{"floor":29,"key":"Shuriken"},{"floor":36,"key":"Prayer Wheel"},{"floor":41,"key":"Peace Pipe"},{"floor":44,"key":"Bottled Flame"},{"floor":46,"key":"Bag of Marbles"},{"floor":48,"key":"Torii"},{"floor":55,"key":"Sundial"}],"event_choices":[{"damage_healed":0,"gold_gain":0,"player_choice":"Success","damage_taken":26,"relics_obtained":["Orichalcum"],"max_hp_gain":0,"max_hp_loss":0,"event_name":"Scrap Ooze","floor":3,"gold_loss":0},{"damage_healed":0,"gold_gain":75,"player_choice":"Gather Gold","damage_taken":11,"max_hp_gain":0,"max_hp_loss":0,"event_name":"World of Goop","floor":4,"gold_loss":0},{"damage_healed":0,"gold_gain":0,"player_choice":"Relic","damage_taken":0,"max_hp_gain":0,"max_hp_loss":0,"event_name":"Wheel of Change","floor":5,"gold_loss":0},{"damage_healed":0,"gold_gain":0,"player_choice":"Fought Mushrooms","damage_taken":0,"max_hp_gain":0,"max_hp_loss":0,"event_name":"Mushrooms","floor":14,"gold_loss":0},{"damage_healed":0,"gold_gain":0,"player_choice":"Became a vampire (Vial)","damage_taken":0,"max_hp_gain":0,"max_hp_loss":0,"event_name":"Vampires","floor":30,"relics_lost":["Blood Vial"],"gold_loss":0,"cards_obtained":["Bite","Bite","Bite","Bite","Bite"]},{"damage_healed":0,"gold_gain":0,"player_choice":"Fight","damage_taken":0,"max_hp_gain":0,"max_hp_loss":0,"event_name":"MindBloom","floor":36,"gold_loss":0},{"damage_healed":0,"gold_gain":0,"player_choice":"Ignored","damage_taken":0,"max_hp_gain":0,"max_hp_loss":0,"event_name":"Tomb of Lord Red Mask","floor":39,"gold_loss":0}],"is_beta":false,"boss_relics":[{"not_picked":["Empty Cage","Fusion Hammer"],"picked":"Nuclear Battery"},{"not_picked":["Snecko Eye","Philosopher\u0027s Stone"],"picked":"Sozu"}],"items_purged_floors":[31,47],"is_endless":false,"potions_floor_spawned":[1,2,10,14,18,25,27,29,35,41,44,46,55],"ascension_level":20}}