{"host":"aj7el8l5kufbk20z","time":1611806674,"event":{"mods":["AchievementEnabler","BaseMod","Colored Map","Colored Powertips","Curses Come First","Highlight Path","Minty Spire (QoL Compilation)","Permanent Neow","Poor People Problems","Quick Restart","Rare Cards Sparkle","Relic Stats","StSLib","SuperFastMode","Waifu the Spire"],"gold_per_floor":[118,300,312,262,262,290,290,318,318,318,351,362,362,372,372,445,445,464,402,312,324,339,366,366,400,412,455,467,185,197,230,230,301,301,313,332,269,279,279,279,313,384,409,435,435,466,479,494,494,494],"floor_reached":51,"language":"ZHS","playtime":3348,"items_purged":["Strike_G","Storm of Steel","Strike_G+1","Defend_G","Defend_G"],"score":1630,"play_id":"d2401680-048f-4305-8791-737a7265270d","local_time":"20210128120434","is_ascension_mode":true,"campfire_choices":[{"data":"Caltrops","floor":10.0,"key":"SMITH"},{"data":"Well Laid Plans","floor":13.0,"key":"SMITH"},{"data":"Cloak And Dagger","floor":15.0,"key":"SMITH"},{"data":"Accuracy","floor":24.0,"key":"SMITH"},{"data":"Cloak And Dagger","floor":28.0,"key":"SMITH"},{"data":"Blade Dance","floor":32.0,"key":"SMITH"},{"data":"Blur","floor":40.0,"key":"SMITH"},{"data":"Deadly Poison","floor":49.0,"key":"SMITH"}],"circlet_count":0,"master_deck":["AscendersBane","Defend_G+1","Survivor+1","Neutralize+1","Cloak And Dagger+1","Prepared+1","Deadly Poison+1","Prepared","Well Laid Plans+1","After Image+1","Storm of Steel+1","Tactician+1","Accuracy+1","Backflip","Cloak And Dagger+1","Blade Dance+1","Blur+1","Accuracy+1","Cloak And Dagger+1","Accuracy+1","Noxious Fumes+1","Deflect+1","Accuracy+1","Die Die Die","Escape Plan+1","Backflip+1","Well Laid Plans+1","Footwork+1","Noxious Fumes+1","Caltrops+1","Footwork+1","Accuracy+1","A Thousand Cuts+1","Madness+1","Madness+1","Noxious Fumes+1","Footwork+1","PiercingWail+1","Terror+1","Noxious Fumes+1","Cloak And Dagger+1"],"relics":["Black Star","Kunai","Ninja Scroll","Oddly Smooth Stone","Akabeko","InkBottle","Potion Belt","Shuriken","The Courier","Bronze Scales","Astrolabe","Frozen Egg 2","Whetstone","War Paint","Orichalcum","Centennial Puzzle","Letter Opener","MawBank","The Specimen","Blue Candle","Vajra","Du-Vu Doll","Toxic Egg 2","Snake Skull","Strawberry","WristBlade","Lee\u0027s Waffle","Regal Pillow","Molten Egg 2","Bag of Marbles","HornCleat","Mummified Hand","Mercury Hourglass","Boot","Art of War","Toy Ornithopter","Nunchaku","Eternal Feather"],"acts_visited":["Exordium","TheCity","TheBeyond"],"potions_floor_usage":[50,50,50,50],"damage_taken":[{"damage":1.0,"enemies":"Cultist","floor":1.0,"turns":4.0},{"damage":1.0,"enemies":"Jaw Worm","floor":3.0,"turns":7.0},{"damage":95.0,"enemies":"Gremlin Nob","floor":6.0,"turns":8.0},{"damage":9.0,"enemies":"Lagavulin","floor":8.0,"turns":7.0},{"damage":12.0,"enemies":"3 Sentries","floor":11.0,"turns":9.0},{"damage":0.0,"enemies":"2 Louse","floor":12.0,"turns":2.0},{"damage":0.0,"enemies":"2 Fungi Beasts","floor":14.0,"turns":3.0},{"damage":14.0,"enemies":"Hexaghost","floor":16.0,"turns":9.0},{"damage":11.0,"enemies":"2 Thieves","floor":18.0,"turns":4.0},{"damage":4.0,"enemies":"Chosen","floor":21.0,"turns":3.0},{"damage":13.0,"enemies":"Snake Plant","floor":22.0,"turns":3.0},{"damage":0.0,"enemies":"Gremlin Leader","floor":23.0,"turns":5.0},{"damage":14.0,"enemies":"Book of Stabbing","floor":25.0,"turns":4.0},{"damage":12.0,"enemies":"Slavers","floor":27.0,"turns":3.0},{"damage":0.0,"enemies":"Cultist and Chosen","floor":30.0,"turns":3.0},{"damage":1.0,"enemies":"Book of Stabbing","floor":31.0,"turns":3.0},{"damage":0.0,"enemies":"Collector","floor":33.0,"turns":5.0},{"damage":0.0,"enemies":"Orb Walker","floor":35.0,"turns":2.0},{"damage":7.0,"enemies":"3 Shapes","floor":36.0,"turns":2.0},{"damage":0.0,"enemies":"Sphere and 2 Shapes","floor":38.0,"turns":4.0},{"damage":1.0,"enemies":"Nemesis","floor":41.0,"turns":3.0},{"damage":6.0,"enemies":"Giant Head","floor":44.0,"turns":3.0},{"damage":14.0,"enemies":"Nemesis","floor":46.0,"turns":3.0},{"damage":0.0,"enemies":"Transient","floor":47.0,"turns":5.0},{"damage":0.0,"enemies":"Writhing Mass","floor":48.0,"turns":3.0},{"damage":10,"enemies":"Donu and Deca","floor":50,"turns":4}],"seed_played":"4197882277073498916","potions_obtained":[{"floor":3.0,"key":"AttackPotion"},{"floor":8.0,"key":"Regen Potion"},{"floor":11.0,"key":"ColorlessPotion"},{"floor":14.0,"key":"Ancient Potion"},{"floor":23.0,"key":"ColorlessPotion"},{"floor":25.0,"key":"ColorlessPotion"},{"floor":33.0,"key":"Ancient Potion"}],"is_trial":false,"path_per_floor":["M","$","M","?","?","E","?","E","T","R","E","M","R","M","R","B",null,"M","$","?","M","M","E","R","E","T","E","R","$","M","E","R","B",null,"M","M","$","M","?","R","E","$","T","E","?","E","M","M","R","B",null],"character_chosen":"THE_SILENT","items_purchased":["Caltrops","Kunai","Frozen Egg 2","Whetstone","War Paint","Orichalcum","Backflip","Cloak And Dagger","Blade Dance","Toxic Egg 2","Backflip+1","Well Laid Plans+1","Footwork+1","Noxious Fumes+1","Lee\u0027s Waffle","Caltrops+1","Footwork+1","Accuracy+1","Regal Pillow","Footwork+1","HornCleat","Mummified Hand","Mercury Hourglass","PiercingWail+1"],"campfire_rested":0,"item_purchase_floors":[2,2,19,19,19,19,19,19,19,29,37,37,37,37,37,37,37,37,37,42,42,42,42,42],"current_hp_per_floor":[58,58,57,57,57,38,38,74,74,74,62,62,62,62,62,48,62,51,51,51,47,34,66,66,52,52,40,40,40,40,73,73,73,73,73,66,80,80,70,70,69,69,69,63,80,66,66,66,80,70],"gold":494,"neow_bonus":"BOSS_RELIC","is_daily":false,"chose_seed":false,"campfire_upgraded":8,"win_rate":0.0,"timestamp":1611806674,"path_taken":["M","$","?","?","?","E","?","E","T","R","E","?","R","M","R","BOSS","M","$","?","M","M","E","R","E","T","E","R","$","?","E","R","BOSS","M","M","$","M","?","R","E","$","T","E","?","E","M","?","R","BOSS"],"items_purchased_type":["Card","Relic","Relic","Relic","Relic","Relic","Card","Card","Card","Relic","Card","Card","Card","Card","Relic","Card","Card","Card","Relic","Card","Relic","Relic","Relic","Card"],"build_version":"2020-12-22","purchased_purges":5,"victory":true,"max_hp_per_floor":[66,66,66,66,66,66,66,66,66,66,66,66,66,66,66,66,66,66,66,66,66,66,66,66,66,66,66,66,66,66,73,73,73,73,73,73,80,80,80,80,80,80,80,80,80,80,80,80,80,80],"relic_stats":{"Regal Pillow":0,"Snake Skull":[15],"Whetstone":["Strike_G","Neutralize"],"Boot":[28],"Centennial Puzzle":[24],"Nunchaku":[3],"Mummified Hand":[40],"Kunai":[62],"InkBottle":[54],"Lee\u0027s Waffle":14,"counters":[26,111],"Astrolabe":["After Image","Storm of Steel","Tactician"],"Blue Candle":[0],"Eternal Feather":14,"Letter Opener":[87],"War Paint":["Defend_G","Prepared"],"Orichalcum":[6],"MawBank":48,"Mercury Hourglass":[55],"Shuriken":[58],"Bronze Scales":[205],"Black Star":10,"Art of War":[0],"obtain_stats":[{"Regal Pillow":37,"Vajra":27,"Snake Skull":31,"Whetstone":19,"Boot":43,"Centennial Puzzle":23,"Nunchaku":46,"HornCleat":42,"WristBlade":34,"Ninja Scroll":6,"Mummified Hand":42,"Strawberry":31,"Kunai":2,"Toxic Egg 2":29,"InkBottle":8,"Ring of the Snake":0,"Potion Belt":8,"Lee\u0027s Waffle":37,"The Specimen":25,"Astrolabe":17,"Blue Candle":26,"Oddly Smooth Stone":6,"Eternal Feather":46,"The Courier":11,"Letter Opener":23,"Frozen Egg 2":19,"War Paint":19,"Orichalcum":19,"MawBank":25,"Akabeko":7,"Mercury Hourglass":42,"Du-Vu Doll":27,"Shuriken":9,"Bronze Scales":11,"Molten Egg 2":41,"Black Star":0,"Bag of Marbles":41,"Art of War":44,"Toy Ornithopter":44},{"Regal Pillow":19,"Vajra":14,"Snake Skull":16,"Whetstone":9,"Boot":21,"Centennial Puzzle":12,"Nunchaku":23,"HornCleat":21,"WristBlade":17,"Ninja Scroll":3,"Mummified Hand":21,"Strawberry":16,"Kunai":1,"Toxic Egg 2":14,"InkBottle":4,"Ring of the Snake":0,"Potion Belt":4,"Lee\u0027s Waffle":19,"The Specimen":13,"Astrolabe":8,"Blue Candle":13,"Oddly Smooth Stone":3,"Eternal Feather":23,"The Courier":5,"Letter Opener":12,"Frozen Egg 2":9,"War Paint":9,"Orichalcum":9,"MawBank":13,"Akabeko":3,"Mercury Hourglass":21,"Du-Vu Doll":14,"Shuriken":4,"Bronze Scales":5,"Molten Egg 2":21,"Black Star":0,"Bag of Marbles":21,"Art of War":22,"Toy Ornithopter":22},{"Regal Pillow":86,"Vajra":71,"Snake Skull":77,"Whetstone":53,"Boot":93,"Centennial Puzzle":64,"Nunchaku":99,"HornCleat":93,"WristBlade":82,"Ninja Scroll":19,"Mummified Hand":93,"Strawberry":77,"Kunai":4,"Toxic Egg 2":71,"InkBottle":26,"Ring of the Snake":0,"Potion Belt":26,"Lee\u0027s Waffle":86,"The Specimen":68,"Astrolabe":49,"Blue Candle":68,"Oddly Smooth Stone":19,"Eternal Feather":99,"The Courier":35,"Letter Opener":64,"Frozen Egg 2":53,"War Paint":53,"Orichalcum":53,"MawBank":68,"Akabeko":19,"Mercury Hourglass":93,"Du-Vu Doll":71,"Shuriken":26,"Bronze Scales":35,"Molten Egg 2":93,"Black Star":0,"Bag of Marbles":93,"Art of War":96,"Toy Ornithopter":96}],"Toy Ornithopter":0},"card_choices":[{"not_picked":["Underhanded Strike","Concentrate"],"picked":"Cloak And Dagger","floor":1.0},{"not_picked":["All Out Attack","Underhanded Strike"],"picked":"Prepared","floor":3.0},{"not_picked":["Masterful Stab","Acrobatics"],"picked":"Deadly Poison","floor":6.0},{"not_picked":["Slice","Outmaneuver"],"picked":"Prepared","floor":8.0},{"not_picked":["Underhanded Strike","Expertise","Poisoned Stab"],"picked":"SKIP","floor":11.0},{"not_picked":["Bane","Endless Agony"],"picked":"Well Laid Plans","floor":12.0},{"not_picked":["Slice","Bane"],"picked":"Tactician","floor":14.0},{"not_picked":["Venomology","Wraith Form v2"],"picked":"Storm of Steel","floor":16.0},{"not_picked":["Predator","Catalyst"],"picked":"Accuracy","floor":18.0},{"not_picked":["Setup","Flying Knee+1"],"picked":"Blur","floor":21.0},{"not_picked":["Expertise","Concentrate"],"picked":"Accuracy+1","floor":22.0},{"not_picked":["Expertise","Finisher"],"picked":"Cloak And Dagger+1","floor":23.0},{"not_picked":["Flying Knee","Setup"],"picked":"Accuracy+1","floor":25.0},{"not_picked":["Dagger Throw","Deadly Poison"],"picked":"Noxious Fumes+1","floor":27.0},{"not_picked":["Dagger Spray","Sucker Punch"],"picked":"Deflect+1","floor":30.0},{"not_picked":["Flying Knee","Quick Slash"],"picked":"Accuracy+1","floor":31.0},{"not_picked":["Storm of Steel+1","Glass Knife"],"picked":"Die Die Die","floor":33.0},{"not_picked":["Blade Dance+1","Bane"],"picked":"Escape Plan+1","floor":35.0},{"not_picked":["Deflect+1","Flying Knee","Quick Slash"],"picked":"SKIP","floor":36.0},{"not_picked":["Blade Dance+1","Backflip+1"],"picked":"A Thousand Cuts+1","floor":38.0},{"not_picked":["Quick Slash+1","Caltrops+1"],"picked":"Noxious Fumes+1","floor":41.0},{"not_picked":["Accuracy+1","Acrobatics+1"],"picked":"Terror+1","floor":44.0},{"not_picked":["Prepared+1","Dodge and Roll+1"],"picked":"Noxious Fumes+1","floor":46.0},{"not_picked":["Leg Sweep+1","Heel Hook+1"],"picked":"Cloak And Dagger+1","floor":47.0},{"not_picked":["Deadly Poison+1","All Out Attack+1","Tools of the Trade+1"],"picked":"SKIP","floor":48.0}],"player_experience":417317,"relics_obtained":[{"floor":6.0,"key":"Ninja Scroll"},{"floor":6.0,"key":"Oddly Smooth Stone"},{"floor":7.0,"key":"Akabeko"},{"floor":8.0,"key":"InkBottle"},{"floor":8.0,"key":"Potion Belt"},{"floor":9.0,"key":"Shuriken"},{"floor":11.0,"key":"The Courier"},{"floor":11.0,"key":"Bronze Scales"},{"floor":23.0,"key":"Centennial Puzzle"},{"floor":23.0,"key":"Letter Opener"},{"floor":25.0,"key":"MawBank"},{"floor":25.0,"key":"The Specimen"},{"floor":26.0,"key":"Blue Candle"},{"floor":27.0,"key":"Vajra"},{"floor":27.0,"key":"Du-Vu Doll"},{"floor":31.0,"key":"Snake Skull"},{"floor":31.0,"key":"Strawberry"},{"floor":41.0,"key":"Molten Egg 2"},{"floor":41.0,"key":"Bag of Marbles"},{"floor":43.0,"key":"Boot"},{"floor":44.0,"key":"Art of War"},{"floor":44.0,"key":"Toy Ornithopter"},{"floor":46.0,"key":"Nunchaku"},{"floor":46.0,"key":"Eternal Feather"}],"event_choices":[{"cards_removed":["Strike_G"],"damage_healed":0.0,"max_hp_gain":0.0,"max_hp_loss":0.0,"gold_gain":0.0,"event_name":"The Cleric","player_choice":"Card Removal","floor":4.0,"gold_loss":50.0,"damage_taken":0.0},{"cards_removed":["Strike_G"],"damage_healed":0.0,"max_hp_gain":0.0,"max_hp_loss":0.0,"gold_gain":0.0,"event_name":"Living Wall","player_choice":"Forget","floor":5.0,"gold_loss":0.0,"damage_taken":0.0},{"damage_healed":0.0,"max_hp_gain":0.0,"max_hp_loss":0.0,"gold_gain":0.0,"event_name":"Wheel of Change","player_choice":"Relic","floor":7.0,"gold_loss":0.0,"damage_taken":0.0},{"cards_removed":["Tactician"],"damage_healed":0.0,"max_hp_gain":0.0,"max_hp_loss":0.0,"gold_gain":0.0,"event_name":"Designer","player_choice":"Upgrade and Remove","floor":20.0,"gold_loss":90.0,"damage_taken":0.0,"cards_upgraded":["Survivor"]},{"damage_healed":0.0,"max_hp_gain":0.0,"max_hp_loss":0.0,"gold_gain":0.0,"event_name":"Winding Halls","player_choice":"Embrace Madness","floor":39.0,"gold_loss":0.0,"damage_taken":10.0,"cards_obtained":["Madness","Madness"]},{"cards_removed":["Caltrops"],"damage_healed":17.0,"max_hp_gain":0.0,"max_hp_loss":0.0,"gold_gain":0.0,"event_name":"Bonfire Elementals","player_choice":"Offered Uncommon","floor":45.0,"gold_loss":0.0,"damage_taken":0.0}],"is_beta":false,"boss_relics":[{"not_picked":["Velvet Choker","Ectoplasm"],"picked":"Astrolabe"},{"not_picked":["Snecko Eye","Philosopher\u0027s Stone"],"picked":"WristBlade"}],"items_purged_floors":[2,19,29,37,42],"is_endless":false,"potions_floor_spawned":[3,8,11,14,21,23,25,33,35,47,48],"ascension_level":14}}