{"host":"6xsbn6ynqlzwllfm","time":1611856951,"event":{"mods":["2.2 Compatiblity","BaseMod","Bestiary","Colored Map","Colored Powertips","Curses Come First","Highlight Path","Keyboard Shortcuts","Minty Spire (QoL Compilation)","Relic Stats","Slay the Relics Exporter","StSLib","SuperFastMode"],"gold_per_floor":[110,110,124,139,139,170,170,183,183,199,231,231,249,276,288,403,415,443,473,485,517,546,585,597,324,371,402,420,453,44,73,73,172,172,183,233,47,47,101,128,146,181,208,208,233,233,250,268,268,268,268,268,25,57,57,57],"floor_reached":55,"language":"ENG","playtime":4816,"items_purged":["Strike_P","Strike_P"],"score":1577,"play_id":"14485c5e-a2d4-46d0-8cc5-217afe6ae863","local_time":"20210128130231","is_ascension_mode":true,"campfire_choices":[{"data":"Fasting2","floor":7,"key":"SMITH"},{"data":"Eruption","floor":12,"key":"SMITH"},{"data":"Vault","floor":15,"key":"SMITH"},{"data":"Devotion","floor":24,"key":"SMITH"},{"floor":32,"key":"REST"},{"floor":44,"key":"RECALL"},{"data":"Ragnarok","floor":49,"key":"SMITH"},{"data":"Devotion","floor":52,"key":"SMITH"}],"circlet_count":0,"master_deck":["Strike_P","Defend_P","Defend_P","Defend_P","Eruption+1","Vigilance","ThirdEye+1","Fasting2+1","FlyingSleeves","Conclude","FlurryOfBlows","JustLucky","FlurryOfBlows","Vault+1","Devotion+1","Weave+1","JustLucky","BattleHymn","Protect+1","Prostrate","WheelKick","Devotion+1","Wallop","ThirdEye+1","Vault","Omniscience","Meditate+1","Omniscience","Pray","JustLucky+1","JustLucky+1","Evaluate+1","Ragnarok+1","Wallop+1"],"relics":["HolyWater","NeowsBlessing","Oddly Smooth Stone","Question Card","Ginger","MawBank","Vajra","PreservedInsect","Juzu Bracelet","Akabeko","InkBottle","Torii","HornCleat","Black Star","GoldenEye","DollysMirror","Turnip","FossilizedHelix","Damaru","Mummified Hand","Bronze Scales","Mercury Hourglass","War Paint","Bottled Lightning","Blood Vial","Nunchaku"],"acts_visited":["Exordium","TheCity","TheBeyond","TheEnding"],"potions_floor_usage":[6,10,11,14,14,22,27,33,55,55],"damage_taken":[{"damage":0,"enemies":"2 Louse","floor":1,"turns":1},{"damage":0,"enemies":"Cultist","floor":3,"turns":2},{"damage":0,"enemies":"Small Slimes","floor":4,"turns":1},{"damage":12,"enemies":"3 Sentries","floor":6,"turns":10},{"damage":15,"enemies":"Exordium Thugs","floor":8,"turns":7},{"damage":7,"enemies":"3 Louse","floor":10,"turns":6},{"damage":0,"enemies":"Gremlin Nob","floor":11,"turns":2},{"damage":9,"enemies":"Gremlin Gang","floor":13,"turns":3},{"damage":18,"enemies":"3 Sentries","floor":14,"turns":3},{"damage":3,"enemies":"Hexaghost","floor":16,"turns":6},{"damage":4,"enemies":"Shell Parasite","floor":18,"turns":5},{"damage":0,"enemies":"2 Thieves","floor":19,"turns":4},{"damage":0,"enemies":"Centurion and Healer","floor":21,"turns":4},{"damage":3,"enemies":"Snecko","floor":22,"turns":3},{"damage":15,"enemies":"Book of Stabbing","floor":23,"turns":6},{"damage":0,"enemies":"Gremlin Leader","floor":27,"turns":3},{"damage":0,"enemies":"Shelled Parasite and Fungi","floor":28,"turns":4},{"damage":34,"enemies":"Slavers","floor":29,"turns":3},{"damage":0,"enemies":"Book of Stabbing","floor":31,"turns":3},{"damage":1,"enemies":"Champ","floor":33,"turns":7},{"damage":38,"enemies":"3 Darklings","floor":35,"turns":7},{"damage":1,"enemies":"Mind Bloom Boss Battle","floor":36,"turns":4},{"damage":0,"enemies":"2 Orb Walkers","floor":39,"turns":4},{"damage":0,"enemies":"Reptomancer","floor":40,"turns":3},{"damage":0,"enemies":"Orb Walker","floor":41,"turns":2},{"damage":0,"enemies":"Giant Head","floor":42,"turns":2},{"damage":0,"enemies":"Reptomancer","floor":45,"turns":2},{"damage":0,"enemies":"Maw","floor":47,"turns":3},{"damage":0,"enemies":"Jaw Worm Horde","floor":48,"turns":3},{"damage":0,"enemies":"Awakened One","floor":50,"turns":6},{"damage":0,"enemies":"Shield and Spear","floor":54,"turns":4},{"damage":64,"enemies":"The Heart","floor":55,"turns":3}],"seed_played":"-7812734267197024505","potions_obtained":[{"floor":1,"key":"DistilledChaos"},{"floor":3,"key":"Regen Potion"},{"floor":10,"key":"GamblersBrew"},{"floor":11,"key":"Strength Potion"},{"floor":14,"key":"EntropicBrew"},{"floor":16,"key":"Regen Potion"},{"floor":19,"key":"BottledMiracle"},{"floor":29,"key":"SmokeBomb"},{"floor":33,"key":"FairyPotion"},{"floor":35,"key":"GamblersBrew"},{"floor":36,"key":"ColorlessPotion"},{"floor":40,"key":"DistilledChaos"},{"floor":45,"key":"DuplicationPotion"},{"floor":47,"key":"DuplicationPotion"},{"floor":54,"key":"Fire Potion"}],"is_trial":false,"path_per_floor":["M","?","M","M","?","E","R","M","T","M","E","R","M","E","R","B",null,"M","M","?","M","M","E","R","$","T","E","M","E","$","E","R","B",null,"M","?","$","?","?","E","M","E","T","R","E","?","M","M","R","B",null,"R","$","E","B"],"character_chosen":"WATCHER","items_purchased":["PreservedInsect","WheelKick","Torii","DollysMirror","Pray","Bottled Lightning"],"campfire_rested":1,"item_purchase_floors":[25,25,30,37,37,53],"current_hp_per_floor":[65,65,65,65,65,53,53,38,38,46,46,46,37,19,19,16,58,54,54,54,54,56,41,41,41,41,41,41,7,7,7,28,27,61,23,22,22,63,63,63,63,63,63,63,63,63,63,63,63,63,63,63,63,63,0,0],"gold":57,"neow_bonus":"THREE_ENEMY_KILL","is_daily":false,"chose_seed":false,"campfire_upgraded":6,"win_rate":0.0,"timestamp":1611856951,"path_taken":["M","?","?","M","?","E","R","?","T","M","E","R","M","E","R","BOSS","M","M","?","M","M","E","R","$","T","E","M","E","$","E","R","BOSS","M","?","$","?","?","E","M","E","T","R","E","?","M","M","R","BOSS","R","$","E","BOSS"],"items_purchased_type":["Relic","Card","Relic","Relic","Card","Relic"],"build_version":"2020-12-22","purchased_purges":2,"victory":false,"max_hp_per_floor":[72,72,72,72,72,72,72,72,72,72,72,72,72,72,72,72,72,72,72,72,72,72,72,72,72,72,72,72,72,72,72,72,72,72,72,72,72,63,63,63,63,63,63,63,63,63,63,63,63,63,63,63,63,63,63,63],"relic_stats":{"Torii":4,"counters":[32,125],"PreservedInsect":459,"Juzu Bracelet":1,"Ginger":[8],"War Paint":["Protect","ThirdEye"],"Question Card":25,"MawBank":132,"GoldenEye":[56],"Mercury Hourglass":[66],"Blood Vial":0,"Nunchaku":[1],"Mummified Hand":[42],"Bronze Scales":[18],"Turnip":[5],"Black Star":4,"obtain_stats":[{"Torii":30,"Vajra":23,"Juzu Bracelet":26,"Ginger":11,"Blood Vial":54,"Nunchaku":54,"HornCleat":31,"DollysMirror":37,"Mummified Hand":42,"InkBottle":29,"NeowsBlessing":0,"Oddly Smooth Stone":6,"Damaru":40,"PreservedInsect":25,"War Paint":45,"Question Card":9,"MawBank":14,"GoldenEye":36,"Akabeko":27,"Mercury Hourglass":45,"Bronze Scales":42,"HolyWater":17,"Turnip":39,"Black Star":34,"Bottled Lightning":53,"PureWater":0,"FossilizedHelix":40},{"Torii":18,"Vajra":15,"Juzu Bracelet":15,"Ginger":7,"Blood Vial":31,"Nunchaku":31,"HornCleat":19,"DollysMirror":22,"Mummified Hand":26,"InkBottle":18,"NeowsBlessing":0,"Oddly Smooth Stone":4,"Damaru":24,"PreservedInsect":15,"War Paint":27,"Question Card":5,"MawBank":9,"GoldenEye":22,"Akabeko":16,"Mercury Hourglass":27,"Bronze Scales":26,"HolyWater":10,"Turnip":23,"Black Star":20,"Bottled Lightning":30,"PureWater":0,"FossilizedHelix":24},{"Torii":73,"Vajra":63,"Juzu Bracelet":63,"Ginger":29,"Blood Vial":122,"Nunchaku":122,"HornCleat":76,"DollysMirror":94,"Mummified Hand":105,"InkBottle":73,"NeowsBlessing":0,"Oddly Smooth Stone":14,"Damaru":101,"PreservedInsect":63,"War Paint":107,"Question Card":21,"MawBank":35,"GoldenEye":94,"Akabeko":66,"Mercury Hourglass":107,"Bronze Scales":105,"HolyWater":41,"Turnip":98,"Black Star":83,"Bottled Lightning":118,"PureWater":0,"FossilizedHelix":101}],"InkBottle":[31]},"card_choices":[{"not_picked":["Sanctity","Adaptation"],"picked":"ThirdEye","floor":1},{"not_picked":["Worship","Crescendo"],"picked":"Fasting2","floor":3},{"not_picked":["Indignation","Halt","PathToVictory"],"picked":"SKIP","floor":4},{"not_picked":["Alpha","Study"],"picked":"FlyingSleeves","floor":6},{"not_picked":["CutThroughFate","InnerPeace"],"picked":"Conclude","floor":8},{"not_picked":["FearNoEvil","ClearTheMind","WindmillStrike"],"picked":"FlurryOfBlows","floor":10},{"not_picked":["SashWhip","Halt","FlyingSleeves"],"picked":"JustLucky","floor":11},{"not_picked":["Protect","Consecrate","LikeWater"],"picked":"FlurryOfBlows","floor":13},{"not_picked":["Sanctity","SashWhip","FollowUp"],"picked":"Vault","floor":14},{"not_picked":["MasterReality","Establishment","Wish"],"picked":"Devotion","floor":16},{"not_picked":["ClearTheMind","CutThroughFate+1","Evaluate"],"picked":"Weave+1","floor":18},{"not_picked":["SashWhip","PathToVictory","FlurryOfBlows"],"picked":"JustLucky","floor":19},{"not_picked":["BattleHymn+1","CrushJoints","Conclude"],"picked":"Protect","floor":22},{"not_picked":["FlyingSleeves","BowlingBash","LikeWater"],"picked":"Prostrate","floor":23},{"not_picked":["EmptyBody","FlyingSleeves","Protect"],"picked":"Devotion","floor":27},{"not_picked":["Worship","EmptyBody","FlurryOfBlows+1"],"picked":"Wallop","floor":28},{"not_picked":["WindmillStrike+1","CrushJoints","DeceiveReality"],"picked":"ThirdEye","floor":29},{"not_picked":["Indignation","WreathOfFlame+1","Swivel"],"picked":"Vault","floor":31},{"not_picked":["Devotion","LessonLearned","Judgement"],"picked":"Omniscience","floor":33},{"not_picked":["Halt+1","SignatureMove+1","CutThroughFate+1"],"picked":"Meditate+1","floor":35},{"not_picked":["SandsOfTime+1","SashWhip","Nirvana+1"],"picked":"JustLucky+1","floor":39},{"not_picked":["TalkToTheHand","SashWhip","InnerPeace+1","LikeWater"],"picked":"SKIP","floor":40},{"not_picked":["FollowUp+1","Worship","EmptyBody"],"picked":"JustLucky+1","floor":41},{"not_picked":["TalkToTheHand+1","Consecrate+1","Tantrum+1"],"picked":"Evaluate+1","floor":42},{"not_picked":["SashWhip+1","Indignation","CutThroughFate"],"picked":"Ragnarok","floor":45},{"not_picked":["Prostrate","Evaluate","Crescendo+1","Study+1"],"picked":"SKIP","floor":47},{"not_picked":["Crescendo+1","WaveOfTheHand+1","FlyingSleeves+1"],"picked":"Wallop+1","floor":48},{"not_picked":["EmptyMind","FollowUp","Consecrate","Nirvana"],"picked":"SKIP","floor":54}],"player_experience":1180651,"relics_obtained":[{"floor":6,"key":"Oddly Smooth Stone"},{"floor":9,"key":"Question Card"},{"floor":11,"key":"Ginger"},{"floor":14,"key":"MawBank"},{"floor":23,"key":"Vajra"},{"floor":26,"key":"Juzu Bracelet"},{"floor":27,"key":"Akabeko"},{"floor":29,"key":"InkBottle"},{"floor":31,"key":"HornCleat"},{"floor":36,"key":"GoldenEye"},{"floor":39,"key":"Turnip"},{"floor":40,"key":"FossilizedHelix"},{"floor":40,"key":"Damaru"},{"floor":42,"key":"Mummified Hand"},{"floor":42,"key":"Bronze Scales"},{"floor":45,"key":"Mercury Hourglass"},{"floor":45,"key":"War Paint"},{"floor":54,"key":"Blood Vial"},{"floor":54,"key":"Nunchaku"}],"event_choices":[{"damage_healed":0,"gold_gain":0,"player_choice":"Upgraded","damage_taken":0,"max_hp_gain":0,"max_hp_loss":0,"event_name":"Upgrade Shrine","floor":2,"gold_loss":0,"cards_upgraded":["ThirdEye"]},{"cards_removed":["Defend_P"],"damage_healed":0,"gold_gain":0,"player_choice":"Purged","damage_taken":0,"max_hp_gain":0,"max_hp_loss":0,"event_name":"Purifier","floor":5,"gold_loss":0},{"damage_healed":0,"gold_gain":0,"cards_transformed":["Strike_P"],"player_choice":"Transformed","damage_taken":0,"max_hp_gain":0,"max_hp_loss":0,"event_name":"Transmorgrifier","floor":20,"gold_loss":0,"cards_obtained":["BattleHymn"]},{"damage_healed":0,"gold_gain":0,"player_choice":"Fight","damage_taken":0,"max_hp_gain":0,"max_hp_loss":0,"event_name":"MindBloom","floor":36,"gold_loss":0},{"damage_healed":63,"gold_gain":0,"player_choice":"Heal","damage_taken":0,"max_hp_gain":0,"max_hp_loss":9,"event_name":"The Moai Head","floor":38,"gold_loss":0},{"damage_healed":0,"gold_gain":0,"player_choice":"Fight","damage_taken":0,"max_hp_gain":0,"max_hp_loss":0,"event_name":"Mysterious Sphere","floor":39,"gold_loss":0},{"damage_healed":0,"gold_gain":0,"player_choice":"Bought 0 Potions","damage_taken":0,"max_hp_gain":0,"max_hp_loss":0,"event_name":"The Woman in Blue","floor":46,"gold_loss":0}],"is_beta":false,"boss_relics":[{"not_picked":["Fusion Hammer","VioletLotus"],"picked":"HolyWater"},{"not_picked":["Velvet Choker","Calling Bell"],"picked":"Black Star"}],"items_purged_floors":[25,30],"is_endless":false,"potions_floor_spawned":[1,3,10,11,14,16,19,29,33,35,36,40,45,47,54],"killed_by":"The Heart","ascension_level":8}}