{"host":"lirv846qj71y0vl3","time":1611846175,"event":{"mods":["AchievementEnabler","BaseMod","Better Match","Better Note","Colored Map","Colored Powertips","Defuse TimeMaze Blight","Emptier Cage","Highlight Path","Minty Spire (QoL Compilation)","Permanent Neow","Quick Restart","Rare Cards Sparkle","StSLib","Swap Starting Deck Mod","Transform Curses"],"gold_per_floor":[117,63,74,84,102,102,102,102,102,102,27,47,82,95,95,192,492,506,526,449,461,32,59,59,69,139,99,99,118,118,134,134,134,134],"floor_reached":33,"language":"ITA","playtime":2976,"items_purged":[],"score":319,"play_id":"9b8500c3-96e9-4048-867b-de4f8bee0793","local_time":"20210128160255","is_ascension_mode":false,"campfire_choices":[{"floor":6,"key":"REST"},{"floor":15,"key":"REST"},{"floor":24,"key":"RECALL"},{"data":"Stack","floor":32,"key":"SMITH"}],"circlet_count":0,"master_deck":["Ball Lightning","Ball Lightning","Ball Lightning","Ball Lightning","Thunder Strike","Stack+1","Stack","Stack","Zap","Steam","Hologram","Glacier","Sweeping Beam","Rip and Tear","Bandage Up+1","BootSequence","Buffer+1","Beam Cell","Machine Learning","CurseOfTheBell","Self Repair+1","Gash","Barrage+1","Skim+1","Undo+1","Genetic Algorithm+1","Conserve Battery+1","Bite","Bite","Bite","Bite","Bite","Gash+1"],"relics":["Cracked Core","Pantograph","Orichalcum","Bag of Marbles","Calling Bell","Old Coin","Sundial","Centennial Puzzle","Letter Opener","Toxic Egg 2","TheAbacus","Dream Catcher","Kunai"],"acts_visited":["Exordium","TheCity"],"potions_floor_usage":[16,19,21,23],"damage_taken":[{"damage":0,"enemies":"Cultist","floor":1,"turns":2},{"damage":12,"enemies":"Small Slimes","floor":3,"turns":2},{"damage":0,"enemies":"Jaw Worm","floor":4,"turns":3},{"damage":5,"enemies":"Large Slime","floor":5,"turns":5},{"damage":7,"enemies":"Lots of Slimes","floor":12,"turns":2},{"damage":2,"enemies":"3 Sentries","floor":13,"turns":6},{"damage":0,"enemies":"3 Louse","floor":14,"turns":3},{"damage":26,"enemies":"Slime Boss","floor":16,"turns":7},{"damage":11,"enemies":"Shell Parasite","floor":18,"turns":7},{"damage":0,"enemies":"2 Thieves","floor":19,"turns":3},{"damage":25,"enemies":"Centurion and Healer","floor":21,"turns":8},{"damage":37,"enemies":"Slavers","floor":23,"turns":7},{"damage":12,"enemies":"Shelled Parasite and Fungi","floor":25,"turns":8},{"damage":16,"enemies":"Snake Plant","floor":29,"turns":6},{"damage":25,"enemies":"Centurion and Healer","floor":31,"turns":8},{"damage":95,"enemies":"Collector","floor":33,"turns":12}],"seed_played":"-2072678111965290779","potions_obtained":[{"floor":4,"key":"PowerPotion"},{"floor":12,"key":"DuplicationPotion"},{"floor":16,"key":"SpeedPotion"},{"floor":18,"key":"Block Potion"},{"floor":25,"key":"Strength Potion"},{"floor":31,"key":"SpeedPotion"}],"is_trial":false,"path_per_floor":["M","$","M","M","M","R","?","?","T","T","?","M","E","M","R","B",null,"M","M","?","M","$","E","R","M","T","?","?","M","?","M","R","B"],"character_chosen":"DEFECT","items_purchased":["Hologram","Toxic Egg 2","TheAbacus","Skim+1"],"campfire_rested":2,"item_purchase_floors":[2,22,22,22],"current_hp_per_floor":[38,38,26,26,21,43,43,31,31,31,31,32,38,46,68,55,75,70,75,75,66,66,47,47,53,53,53,53,55,55,56,56,0,0],"gold":134,"neow_bonus":"","is_daily":false,"chose_seed":false,"campfire_upgraded":1,"win_rate":0.0,"timestamp":1611846175,"path_taken":["M","?","M","M","?","R","?","?","T","?","?","M","E","M","R","BOSS","M","M","?","M","$","E","R","M","T","?","?","?","?","M","R","BOSS"],"items_purchased_type":["Card","Relic","Relic","Card"],"build_version":"2020-12-22","purchased_purges":0,"victory":false,"max_hp_per_floor":[75,75,75,75,75,75,75,75,75,75,75,75,75,75,75,75,75,75,75,75,75,75,75,75,75,75,75,75,75,75,75,75,75,75],"card_choices":[{"not_picked":["Ball Lightning","Auto Shields"],"picked":"Steam","floor":1},{"not_picked":["Ball Lightning","Coolheaded"],"picked":"Glacier","floor":3},{"not_picked":["Steam","Glacier"],"picked":"Sweeping Beam","floor":4},{"not_picked":["Stack","Steam Power"],"picked":"Rip and Tear","floor":5},{"not_picked":["Trip+1","Mind Blast+1"],"picked":"Bandage Up+1","floor":11},{"not_picked":["Rip and Tear","FTL"],"picked":"BootSequence","floor":12},{"not_picked":["Force Field","Meteor Strike"],"picked":"Buffer","floor":13},{"not_picked":["Conserve Battery","Gash"],"picked":"Beam Cell","floor":14},{"not_picked":["Multi-Cast","Meteor Strike"],"picked":"Machine Learning","floor":16},{"not_picked":["Beam Cell","Glacier"],"picked":"Self Repair+1","floor":18},{"not_picked":["Self Repair","Sweeping Beam"],"picked":"Gash","floor":19},{"not_picked":["Coolheaded","Streamline"],"picked":"Barrage+1","floor":21},{"not_picked":["Scrape","Rip and Tear+1"],"picked":"Undo+1","floor":23},{"not_picked":["Skim+1","Cold Snap"],"picked":"Genetic Algorithm+1","floor":25},{"not_picked":["Darkness+1","Capacitor"],"picked":"Conserve Battery+1","floor":29},{"not_picked":["Ball Lightning+1","Stack+1"],"picked":"Gash+1","floor":31}],"player_experience":145743,"relics_obtained":[{"floor":9,"key":"Orichalcum"},{"floor":10,"key":"Blood Vial"},{"floor":13,"key":"Bag of Marbles"},{"floor":17,"key":"Old Coin"},{"floor":17,"key":"Sundial"},{"floor":17,"key":"Centennial Puzzle"},{"floor":23,"key":"Dream Catcher"},{"floor":26,"key":"Kunai"}],"event_choices":[{"damage_healed":0,"gold_gain":0,"player_choice":"Ignored","damage_taken":0,"max_hp_gain":0,"max_hp_loss":0,"event_name":"Golden Wing","floor":7,"gold_loss":0},{"damage_healed":0,"gold_gain":0,"player_choice":"Success","damage_taken":12,"relics_obtained":["Pantograph"],"max_hp_gain":0,"max_hp_loss":0,"event_name":"Scrap Ooze","floor":8,"gold_loss":0},{"damage_healed":0,"gold_gain":0,"player_choice":"2","damage_taken":0,"max_hp_gain":0,"max_hp_loss":0,"event_name":"betterMatch:BetterMatch","floor":11,"gold_loss":0,"cards_obtained":["betterMatch:ColorlessUncommonCard"]},{"damage_healed":0,"gold_gain":0,"player_choice":"Paid Gold","damage_taken":0,"relics_obtained":["Letter Opener"],"max_hp_gain":0,"max_hp_loss":0,"event_name":"WeMeetAgain","floor":20,"gold_loss":77},{"damage_healed":0,"gold_gain":0,"player_choice":"Upgrade","damage_taken":0,"max_hp_gain":0,"max_hp_loss":0,"event_name":"Designer","floor":27,"gold_loss":40,"cards_upgraded":["Buffer"]},{"cards_removed":["Stack"],"damage_healed":0,"gold_gain":0,"player_choice":"Purged","damage_taken":0,"max_hp_gain":0,"max_hp_loss":0,"event_name":"Purifier","floor":28,"gold_loss":0},{"damage_healed":0,"gold_gain":0,"player_choice":"Became a vampire (Vial)","damage_taken":0,"max_hp_gain":0,"max_hp_loss":0,"event_name":"Vampires","floor":30,"relics_lost":["Blood Vial"],"gold_loss":0,"cards_obtained":["Bite","Bite","Bite","Bite","Bite"]}],"is_beta":false,"boss_relics":[{"not_picked":["Cursed Key","Fusion Hammer"],"picked":"Calling Bell"}],"items_purged_floors":[],"is_endless":false,"potions_floor_spawned":[4,12,16,18,25,31],"killed_by":"Collector","ascension_level":0}}