{"host":"0hb9w7uizu7y13wj","time":1611852719,"event":{"mods":["Act Like it!","Aspiration","BaseMod","BetterRewards","Colored Map","Conspire","Downfall","Energized Spire","FTL Soundtrack","Friendly Minions","Halation","Hubris","Infinite Spire","Minty Spire (QoL Compilation)","Quick Restart","Replay The Spire","StSLib","Synergy Search","The Hierophant","The Jungle","The Poker Player","Trackpad","everything is the same but u backflip on backflip"],"gold_per_floor":[110,124,124,159,177,210,172,200,200,200,210,210,222,248,248,351,351,365,365,365,384,384,418,418,443,443,455,455,455,455,480,480,581,581,598,598,598,598,610,637,656,681,753,789,808,808,842,857,857,857,857,857,1087,2204,2204],"floor_reached":56,"language":"ENG","playtime":3220,"items_purged":["Overencumbered","Defend_B"],"score":2606,"play_id":"36b305a4-8e17-4d7a-b341-87000ffe7d58","local_time":"20210128165159","is_ascension_mode":true,"campfire_choices":[{"floor":10.0,"key":"REST"},{"data":"Zap","floor":15.0,"key":"SMITH"},{"data":"Echo Form","floor":24.0,"key":"SMITH"},{"data":"FIFO Queue","floor":29.0,"key":"SMITH"},{"data":"Electrodynamics","floor":32.0,"key":"SMITH"},{"floor":49,"key":"RECALL"},{"data":"Crystallizer","floor":52,"key":"SMITH"}],"circlet_count":0,"master_deck":["AscendersBane","Strike_B","Strike_B","Defend_B","Defend_B","Defend_B","Zap+1","Dualcast+1","BasicCrystalCard","Redo","ReplayGash","Cold Snap","Streamline","Electrodynamics+1","Leap","Self Repair","Biased Cognition","Crystallizer+1","Echo Form+1","Self Repair","Ball Lightning","FIFO Queue+1","Pot Of Greed","Pot Of Greed","Pot Of Greed+1","Sunder","Barrage","Amplify","Meteor Strike","Seek","hubris:Greed","Amplify","Mirror Shield","Doom and Gloom","Core Surge"],"relics":["Cracked Core","Mango","Counterbalance","aspiration:SeaSaltIceCream","DataDisk","Durian","hubris:Towel","trackpad:BottledShadow","aspiration:HummingbirdHeart","hubris:BallOfYels","trackpad:BottledTsunami","Cursed Key","halation:EternalFortune","infinitespire:Freezer","Grinning Jar","Symbiotic Virus","hubris:PeanutButter","War Paint","Inserter","trackpad:MiracleGrow","Iron Hammer","energizedSpire:NeverEndingSparkler","TheAbacus","Replay:Baseball","Nunchaku","infinitespire:SolderingIron","Turnip","hubris:Potato","hubris:NiceRug","aspiration:FetidBarrel","trackpad:CultistFigurine","Medical Kit","trackpad:HandOfMidas"],"acts_visited":["Exordium","TheCity","TheBeyond","TheEnding"],"potions_floor_usage":[],"damage_taken":[{"damage":3.0,"enemies":"2 Louse","floor":1.0,"turns":2.0},{"damage":0.0,"enemies":"Small Slimes","floor":2.0,"turns":3.0},{"damage":10.0,"enemies":"conspire:MimicChest","floor":4.0,"turns":4.0},{"damage":2.0,"enemies":"Jaw Worm","floor":5.0,"turns":2.0},{"damage":3.0,"enemies":"Replay:BlueRogue","floor":6.0,"turns":3.0},{"damage":3.0,"enemies":"Gremlin Nob","floor":8.0,"turns":3.0},{"damage":0.0,"enemies":"Looter","floor":11.0,"turns":1.0},{"damage":0.0,"enemies":"Blue Slaver","floor":13.0,"turns":2.0},{"damage":5.0,"enemies":"Replay:BlueRogue","floor":14.0,"turns":3.0},{"damage":10.0,"enemies":"The Guardian","floor":16.0,"turns":8.0},{"damage":6.0,"enemies":"Chosen","floor":18.0,"turns":2.0},{"damage":12.0,"enemies":"Shell Parasite","floor":21.0,"turns":4.0},{"damage":3.0,"enemies":"conspire:Head Lice","floor":23.0,"turns":5.0},{"damage":8.0,"enemies":"conspire:SneckoGhost","floor":25.0,"turns":4.0},{"damage":0.0,"enemies":"Shelled Parasite and Fungi","floor":27.0,"turns":2.0},{"damage":0.0,"enemies":"conspire:Head Lice","floor":31.0,"turns":4.0},{"damage":12,"enemies":"Collector","floor":33,"turns":6},{"damage":0,"enemies":"3 Darklings","floor":35,"turns":2},{"damage":0,"enemies":"3 Shapes","floor":39,"turns":5},{"damage":0,"enemies":"Giant Head","floor":40,"turns":6},{"damage":0,"enemies":"Sphere and 2 Shapes","floor":41,"turns":1},{"damage":43,"enemies":"Nightmare","floor":42,"turns":5},{"damage":14,"enemies":"Reptomancer","floor":44,"turns":4},{"damage":0,"enemies":"4 Shapes","floor":45,"turns":3},{"damage":0,"enemies":"Nemesis","floor":47,"turns":5},{"damage":0,"enemies":"Jaw Worm Horde","floor":48,"turns":3},{"damage":34,"enemies":"infinitespire:MassOfShapes","floor":50,"turns":11},{"damage":0,"enemies":"hubris:Merchant","floor":53,"turns":5},{"damage":0,"enemies":"Shield and Spear","floor":54,"turns":6},{"damage":6,"enemies":"The Heart","floor":55,"turns":9}],"seed_played":"-441803907068139453","potions_obtained":[{"floor":1.0,"key":"ColorlessPotion"},{"floor":5.0,"key":"FocusPotion"},{"floor":6.0,"key":"Weak Potion"},{"floor":13.0,"key":"conspire:TimeTravelPotion"},{"floor":18.0,"key":"PotionOfCapacity"}],"is_trial":false,"path_per_floor":["M","M","?","?","M","E","?","E","T","R","M","?","M","E","R","B",null,"M","?","?","M","?","E","R","E","T","M","$","R","AVR","E","R","B",null,"M","$","?","AVR","M","E","M","NM","T","E","M","?","E","M","R","B",null,"R","$","E","B",null],"character_chosen":"DEFECT","items_purchased":["Mango","aspiration:SeaSaltIceCream","DataDisk","BasicCrystalCard","Redo","ReplayGash","hubris:PeanutButter","War Paint"],"campfire_rested":1,"item_purchase_floors":[0,0,0,0,0,0,28,28],"current_hp_per_floor":[40,40,40,30,28,25,25,22,22,50,50,41,41,43,43,40,81,75,75,75,70,73,84,84,90,90,97,70,70,70,91,91,93,96,96,96,96,96,97,97,97,61,61,64,71,71,95,95,95,78,91,91,95,95,95],"gold":2204,"neow_bonus":"","is_daily":false,"chose_seed":false,"campfire_upgraded":5,"win_rate":0.0,"timestamp":1611852719,"path_taken":["M","M","?","?","?","E","?","E","T","R","M","?","M","E","R","BOSS","M","?","?","?","?","E","R","E","T","M","?","R","AVR","E","R","BOSS","M","$","?","AVR","?","E","M","NM","T","E","M","?","E","M","R","BOSS","R","$","E","BOSS"],"items_purchased_type":["Relic","Relic","Relic","Card","Card","Card","Relic","Relic"],"build_version":"2020-12-22","purchased_purges":2,"victory":true,"max_hp_per_floor":[94,94,94,94,94,94,94,94,94,94,94,94,94,94,94,94,94,94,94,94,94,97,97,97,97,97,97,97,97,97,97,97,97,97,97,97,97,97,97,97,97,97,97,97,97,92,95,95,95,95,95,95,95,95,95],"card_choices":[{"not_picked":["Reinforced Body","Compile Driver"],"picked":"Cold Snap","floor":1.0},{"not_picked":["Coolheaded","Cold Snap"],"picked":"Streamline","floor":2.0},{"not_picked":["Turbo","Cold Snap"],"picked":"Electrodynamics","floor":4.0},{"not_picked":["Rebound","conspire:SharedLibrary"],"picked":"Leap","floor":5.0},{"not_picked":["Conserve Battery","Hello World"],"picked":"Self Repair","floor":6.0},{"not_picked":["Steam","Blizzard","Hologram"],"picked":"SKIP","floor":8.0},{"not_picked":["Chaos","Streamline"],"picked":"Biased Cognition","floor":11.0},{"not_picked":["Heatsinks","Turbo"],"picked":"Crystallizer","floor":13.0},{"not_picked":["Double Energy","ReplayTheSpireMod:Reroute Power","Turbo"],"picked":"SKIP","floor":14.0},{"not_picked":["hubris:Prefetch","Creative AI"],"picked":"Echo Form","floor":16.0},{"not_picked":["BasicCrystalCard","Streamline+1"],"picked":"Self Repair","floor":18.0},{"not_picked":["Steam+1","Hologram"],"picked":"Ball Lightning","floor":21.0},{"not_picked":["Leap+1","ReplayRNGCard"],"picked":"FIFO Queue","floor":23.0},{"not_picked":["Streamline","Time Bomb","Ball Lightning"],"picked":"SKIP","floor":25.0},{"not_picked":["Streamline","Time Bomb","Ball Lightning"],"picked":"SKIP","floor":25.0},{"not_picked":["Recycle","Electrodynamics"],"picked":"Sunder","floor":27.0},{"not_picked":["Cold Snap","Gash","Barrage"],"picked":"SKIP","floor":31.0},{"not_picked":["Cold Snap","Gash"],"picked":"Barrage","floor":31.0},{"not_picked":["Echo Form","Multi-Cast"],"picked":"Amplify","floor":33},{"not_picked":["FTL","Compile Driver","Streamline+1"],"picked":"SKIP","floor":35},{"not_picked":["Cold Snap+1","Stack+1","Meteor Strike"],"picked":"SKIP","floor":39},{"not_picked":["Cold Snap+1","Stack+1"],"picked":"Meteor Strike","floor":39},{"not_picked":["Go for the Eyes+1","Steam Power+1","Compile Driver+1"],"picked":"SKIP","floor":40},{"not_picked":["hubris:Prefetch","Beam Cell","Stack"],"picked":"SKIP","floor":41},{"not_picked":["Barrage","Streamline+1"],"picked":"Seek","floor":42},{"not_picked":["Conserve Battery","FTL+1"],"picked":"Amplify","floor":44},{"not_picked":["Conserve Battery","ReplayTheSpireMod:System Scan","Aggregate"],"picked":"SKIP","floor":45},{"not_picked":["Self Repair+1","Conserve Battery+1"],"picked":"Mirror Shield","floor":47},{"not_picked":["Sweeping Beam","Beam Cell+1","Cold Snap"],"picked":"SKIP","floor":48},{"not_picked":[],"picked":"Doom and Gloom","floor":53},{"not_picked":["Scrape"],"picked":"SKIP","floor":53},{"not_picked":["Steam"],"picked":"SKIP","floor":53},{"not_picked":["Hologram"],"picked":"SKIP","floor":53},{"not_picked":["Self Repair"],"picked":"SKIP","floor":53},{"not_picked":["Replay:Parry"],"picked":"SKIP","floor":53},{"not_picked":["Magnetism"],"picked":"SKIP","floor":53},{"not_picked":["Ball Lightning+1","Tempest+1"],"picked":"Core Surge","floor":54}],"player_experience":949073,"relics_obtained":[{"floor":4.0,"key":"trackpad:BottledShadow"},{"floor":6.0,"key":"aspiration:HummingbirdHeart"},{"floor":8.0,"key":"hubris:BallOfYels"},{"floor":14.0,"key":"trackpad:BottledTsunami"},{"floor":23.0,"key":"infinitespire:Freezer"},{"floor":25.0,"key":"Grinning Jar"},{"floor":26.0,"key":"Symbiotic Virus"},{"floor":31.0,"key":"Iron Hammer"},{"floor":40,"key":"Replay:Baseball"},{"floor":42,"key":"Nunchaku"},{"floor":43,"key":"infinitespire:SolderingIron"},{"floor":44,"key":"Turnip"},{"floor":47,"key":"halation:EternalFortune"},{"floor":47,"key":"hubris:Potato"},{"floor":53,"key":"aspiration:FetidBarrel"},{"floor":53,"key":"trackpad:CultistFigurine"},{"floor":53,"key":"Medical Kit"},{"floor":54,"key":"trackpad:HandOfMidas"}],"event_choices":[{"damage_healed":0.0,"max_hp_gain":0.0,"max_hp_loss":0.0,"gold_gain":0.0,"event_name":"World of Goop","player_choice":"Left Gold","floor":7.0,"gold_loss":38.0,"damage_taken":0.0},{"damage_healed":0.0,"max_hp_gain":0.0,"max_hp_loss":0.0,"gold_gain":0.0,"event_name":"Wheel of Change","player_choice":"Damaged","floor":12.0,"gold_loss":0.0,"damage_taken":9.0},{"cards_removed":["Strike_B"],"damage_healed":0.0,"max_hp_gain":0.0,"max_hp_loss":0.0,"gold_gain":0.0,"event_name":"Purifier","player_choice":"Purged","floor":20.0,"gold_loss":0.0,"damage_taken":0.0},{"cards_removed":["Strike_B"],"damage_healed":0,"gold_gain":0,"player_choice":"Card Removal","damage_taken":0,"max_hp_gain":0,"max_hp_loss":0,"event_name":"Wheel of Change","floor":37,"gold_loss":0},{"damage_healed":0,"gold_gain":0,"player_choice":"Max HP","damage_taken":0,"max_hp_gain":0,"max_hp_loss":5,"event_name":"Winding Halls","floor":46,"gold_loss":0}],"is_beta":false,"boss_relics":[{"not_picked":["trackpad:StolenKidneys","conspire:RoyalGoblet"],"picked":"Cursed Key"},{"not_picked":["Kintsugi","ReplayTheSpireMod:DimensionalGlitch"],"picked":"energizedSpire:NeverEndingSparkler"}],"items_purged_floors":[30,53],"is_endless":false,"potions_floor_spawned":[1,5,6,13,18,21,27,31,35,40,44,47,48,54],"ascension_level":11}}