{"host":"4pckc3u5mqcilakq","time":1611856199,"event":{"mods":["AchievementEnabler","BaseMod","Colored Map","Colored Powertips","Highlight Path","Minty Spire (QoL Compilation)"],"gold_per_floor":[112,122,132,132,146,173,173,206,206,226,226,226,226,226,226,331,331,344,44,44,44,54,87,107,133,157,157,257,257,267,285,285,382,382,402,327,346,55,74,74,102,102,102,131,131,181,194,219,219,219],"floor_reached":51,"language":"ENG","playtime":2766,"items_purged":["Bite"],"score":990,"play_id":"ed5d8b9a-0783-47aa-aa3c-4f29aed7b207","local_time":"20210128204959","is_ascension_mode":true,"campfire_choices":[{"data":"SignatureMove","floor":11.0,"key":"SMITH"},{"data":"FlyingSleeves","floor":13.0,"key":"SMITH"},{"data":"Study","floor":15.0,"key":"SMITH"},{"data":"CutThroughFate","floor":27.0,"key":"SMITH"},{"data":"Scrawl","floor":32.0,"key":"SMITH"},{"data":"Ragnarok","floor":40,"key":"SMITH"},{"data":"Omniscience","floor":42,"key":"SMITH"},{"data":"Omniscience","floor":45,"key":"SMITH"},{"data":"ClearTheMind","floor":49,"key":"SMITH"}],"circlet_count":0,"master_deck":["Defend_P","Defend_P","Defend_P","Eruption+1","Vigilance","Fasting2","Wireheading","Study+1","ClearTheMind+1","FlyingSleeves+1","SignatureMove+1","FearNoEvil","Omniscience+1","Bite","Bite","Bite+1","Bite+1","CutThroughFate+1","Omniscience+1","FollowUp+1","Scrawl+1","Ragnarok+1","Conclude+1","Protect+1","TalkToTheHand+1"],"relics":["PureWater","NeowsBlessing","StrikeDummy","Bronze Scales","Strawberry","White Beast Statue","Coffee Dripper","Sling","Bag of Marbles","Peace Pipe","MealTicket","Ancient Tea Set","Calipers","Eternal Feather","Busted Crown","ClockworkSouvenir","Vajra","Bag of Preparation","Shuriken","Whetstone","Ginger","Letter Opener"],"acts_visited":["Exordium","TheCity","TheBeyond"],"potions_floor_usage":[33,33,33,41,41,48,50,50,50],"damage_taken":[{"damage":0.0,"enemies":"Cultist","floor":1.0,"turns":1.0},{"damage":0.0,"enemies":"Jaw Worm","floor":2.0,"turns":1.0},{"damage":0.0,"enemies":"Small Slimes","floor":3.0,"turns":2.0},{"damage":22.0,"enemies":"Red Slaver","floor":5.0,"turns":3.0},{"damage":33.0,"enemies":"Lagavulin","floor":6.0,"turns":8.0},{"damage":34.0,"enemies":"3 Sentries","floor":8.0,"turns":6.0},{"damage":3.0,"enemies":"Blue Slaver","floor":10.0,"turns":2.0},{"damage":12.0,"enemies":"Hexaghost","floor":16.0,"turns":7.0},{"damage":0.0,"enemies":"Chosen","floor":18.0,"turns":1.0},{"damage":0.0,"enemies":"Spheric Guardian","floor":22.0,"turns":1.0},{"damage":18.0,"enemies":"Gremlin Leader","floor":23.0,"turns":5.0},{"damage":10.0,"enemies":"Snecko","floor":24.0,"turns":3.0},{"damage":7.0,"enemies":"Slavers","floor":25.0,"turns":2.0},{"damage":0.0,"enemies":"Colosseum Slavers","floor":28.0,"turns":1.0},{"damage":0.0,"enemies":"Colosseum Nobs","floor":28.0,"turns":1.0},{"damage":0.0,"enemies":"Cultist and Chosen","floor":30.0,"turns":1.0},{"damage":22.0,"enemies":"3 Cultists","floor":31.0,"turns":4.0},{"damage":34,"enemies":"Collector","floor":33,"turns":5},{"damage":0,"enemies":"3 Darklings","floor":35,"turns":1},{"damage":0,"enemies":"Orb Walker","floor":37,"turns":1},{"damage":32,"enemies":"Jaw Worm Horde","floor":39,"turns":3},{"damage":16,"enemies":"Reptomancer","floor":41,"turns":3},{"damage":0,"enemies":"Nemesis","floor":44,"turns":1},{"damage":0,"enemies":"Mind Bloom Boss Battle","floor":46,"turns":1},{"damage":0,"enemies":"Maw","floor":47,"turns":1},{"damage":12,"enemies":"Reptomancer","floor":48,"turns":3},{"damage":64,"enemies":"Awakened One","floor":50,"turns":8}],"seed_played":"-5098075613622878087","potions_obtained":[{"floor":1.0,"key":"BottledMiracle"},{"floor":2.0,"key":"FairyPotion"},{"floor":5.0,"key":"SpeedPotion"},{"floor":8.0,"key":"Swift Potion"},{"floor":16.0,"key":"Regen Potion"},{"floor":18.0,"key":"Ancient Potion"},{"floor":22.0,"key":"StancePotion"},{"floor":28.0,"key":"BlessingOfTheForge"},{"floor":29.0,"key":"FearPotion"},{"floor":30.0,"key":"CultistPotion"},{"floor":31.0,"key":"Energy Potion"},{"floor":33,"key":"LiquidMemories"},{"floor":35,"key":"EssenceOfSteel"},{"floor":37,"key":"EssenceOfSteel"},{"floor":41,"key":"DistilledChaos"},{"floor":44,"key":"ColorlessPotion"},{"floor":46,"key":"StancePotion"},{"floor":48,"key":"ColorlessPotion"}],"is_trial":false,"path_per_floor":["M","M","M","?","M","E","?","E","T","M","R","?","R","?","R","B",null,"M","$","?","?","M","E","M","E","T","R","?","?","M","M","R","B",null,"M","$","M","$","M","R","E","R","T","E","R","?","M","E","R","B",null],"character_chosen":"WATCHER","items_purchased":["Sling","Bag of Marbles","ClockworkSouvenir","Vajra"],"campfire_rested":0,"item_purchase_floors":[19,19,38,38],"current_hp_per_floor":[72,72,72,72,50,17,17,9,16,13,13,13,13,13,13,1,79,79,79,55,49,53,51,47,42,42,42,48,48,51,35,47,29,55,55,55,55,55,25,37,23,35,35,35,47,47,47,41,55,11],"gold":219,"neow_bonus":"THREE_ENEMY_KILL","is_daily":false,"chose_seed":false,"campfire_upgraded":9,"win_rate":0.0,"timestamp":1611856199,"path_taken":["M","?","M","?","M","E","?","E","T","?","R","?","R","?","R","BOSS","M","$","?","?","?","E","?","E","T","R","?","?","M","M","R","BOSS","M","$","M","$","M","R","E","R","T","E","R","?","M","E","R","BOSS"],"items_purchased_type":["Relic","Relic","Relic","Relic"],"build_version":"2020-12-22","purchased_purges":1,"victory":true,"max_hp_per_floor":[72,72,72,72,72,72,72,72,79,79,79,79,79,79,79,79,79,79,79,55,55,55,55,55,55,55,55,55,55,55,55,55,55,55,55,55,55,55,55,55,55,55,55,55,55,55,55,55,55,55],"card_choices":[{"not_picked":["CutThroughFate","CrushJoints"],"picked":"Fasting2","floor":1.0},{"not_picked":["ThirdEye","WaveOfTheHand"],"picked":"Wireheading","floor":2.0},{"not_picked":["WaveOfTheHand","Halt"],"picked":"Study","floor":3.0},{"not_picked":["SashWhip","FlurryOfBlows"],"picked":"ClearTheMind","floor":5.0},{"not_picked":["FlurryOfBlows","CrushJoints"],"picked":"FlyingSleeves","floor":6.0},{"not_picked":["Halt","Protect"],"picked":"FearNoEvil","floor":8.0},{"not_picked":["Halt","Evaluate","Ragnarok"],"picked":"SKIP","floor":10.0},{"not_picked":["Alpha","Wish"],"picked":"Omniscience","floor":16.0},{"not_picked":["FlyingSleeves","Consecrate","JustLucky"],"picked":"SKIP","floor":18.0},{"not_picked":["Halt","Conclude"],"picked":"CutThroughFate","floor":22.0},{"not_picked":["EmptyFist+1","CutThroughFate"],"picked":"Omniscience","floor":23.0},{"not_picked":["CutThroughFate","Study","ForeignInfluence"],"picked":"SKIP","floor":24.0},{"not_picked":["Worship","EmptyBody","ReachHeaven"],"picked":"SKIP","floor":25.0},{"not_picked":["Consecrate","CutThroughFate"],"picked":"FollowUp+1","floor":30.0},{"not_picked":["Adaptation","SashWhip"],"picked":"Scrawl","floor":31.0},{"not_picked":["Establishment","DeusExMachina"],"picked":"Ragnarok","floor":33},{"not_picked":["EmptyBody+1"],"picked":"SKIP","floor":35},{"not_picked":[],"picked":"Conclude+1","floor":37},{"not_picked":["CutThroughFate"],"picked":"SKIP","floor":39},{"not_picked":["Vengeance+1"],"picked":"SKIP","floor":41},{"not_picked":[],"picked":"Protect+1","floor":44},{"not_picked":[],"picked":"TalkToTheHand+1","floor":46},{"not_picked":["PathToVictory+1"],"picked":"SKIP","floor":47},{"not_picked":["CrushJoints"],"picked":"SKIP","floor":48}],"player_experience":210532,"relics_obtained":[{"floor":6.0,"key":"StrikeDummy"},{"floor":8.0,"key":"Bronze Scales"},{"floor":9.0,"key":"Strawberry"},{"floor":23.0,"key":"Peace Pipe"},{"floor":25.0,"key":"MealTicket"},{"floor":26.0,"key":"Ancient Tea Set"},{"floor":28.0,"key":"Calipers"},{"floor":28.0,"key":"Eternal Feather"},{"floor":41,"key":"Bag of Preparation"},{"floor":43,"key":"Shuriken"},{"floor":44,"key":"Whetstone"},{"floor":46,"key":"Ginger"},{"floor":48,"key":"Letter Opener"}],"event_choices":[{"damage_healed":0.0,"max_hp_gain":0.0,"max_hp_loss":0.0,"gold_gain":0.0,"event_name":"Liars Game","player_choice":"Ignored","floor":4.0,"gold_loss":0.0,"damage_taken":0.0},{"damage_healed":0.0,"max_hp_gain":0.0,"max_hp_loss":0.0,"gold_gain":0.0,"cards_transformed":["Defend_P"],"event_name":"Transmorgrifier","player_choice":"Transformed","floor":7.0,"gold_loss":0.0,"damage_taken":0.0,"cards_obtained":["SignatureMove"]},{"damage_healed":0.0,"max_hp_gain":0.0,"max_hp_loss":0.0,"gold_gain":0.0,"event_name":"Living Wall","player_choice":"Grow","floor":12.0,"gold_loss":0.0,"damage_taken":0.0,"cards_upgraded":["Eruption"]},{"damage_healed":0.0,"max_hp_gain":0.0,"max_hp_loss":0.0,"gold_gain":0.0,"event_name":"WeMeetAgain","player_choice":"Gave Potion","floor":14.0,"gold_loss":0.0,"damage_taken":0.0,"relics_obtained":["White Beast Statue"]},{"damage_healed":0.0,"max_hp_gain":0.0,"max_hp_loss":24.0,"gold_gain":0.0,"event_name":"Vampires","player_choice":"Became a vampire","floor":20.0,"gold_loss":0.0,"damage_taken":0.0,"cards_obtained":["Bite","Bite","Bite","Bite","Bite"]},{"damage_healed":0.0,"max_hp_gain":0.0,"max_hp_loss":0.0,"gold_gain":0.0,"event_name":"Knowing Skull","player_choice":"","floor":21.0,"potions_obtained":[],"gold_loss":0.0,"damage_taken":6.0,"cards_obtained":[]},{"damage_healed":0.0,"max_hp_gain":0.0,"max_hp_loss":0.0,"gold_gain":0.0,"event_name":"Colosseum","player_choice":"Fight","floor":28.0,"gold_loss":0.0,"damage_taken":0.0},{"damage_healed":0.0,"max_hp_gain":0.0,"max_hp_loss":0.0,"gold_gain":0.0,"event_name":"Colosseum","player_choice":"Fought Nobs","floor":28.0,"gold_loss":0.0,"damage_taken":0.0},{"damage_healed":0.0,"max_hp_gain":0.0,"max_hp_loss":0.0,"gold_gain":0.0,"event_name":"Lab","player_choice":"Got Potions","floor":29.0,"gold_loss":0.0,"damage_taken":0.0},{"damage_healed":0,"gold_gain":0,"player_choice":"Fight","damage_taken":0,"max_hp_gain":0,"max_hp_loss":0,"event_name":"MindBloom","floor":46,"gold_loss":0}],"is_beta":false,"boss_relics":[{"not_picked":["SlaversCollar","Pandora\u0027s Box"],"picked":"Coffee Dripper"},{"not_picked":["Cursed Key","Astrolabe"],"picked":"Busted Crown"}],"items_purged_floors":[36],"is_endless":false,"potions_floor_spawned":[1,2,5,8,16,18,22,23,24,25,28,28,30,31,33,35,37,39,41,44,46,47,48],"ascension_level":4}}