{"host":"xobdcpbm4ckypiai","time":1611841615,"event":{"mods":["BaseMod","Energized Spire","FoggyMod","Minty Spire (QoL Compilation)","Permanent Neow","Relic Stats","Replay The Spire","Spicy Shops","StSLib","UnlockEverythingMod","¡¾ÒÅÎï¿¨ÅÆ¡¿REMEMod"],"gold_per_floor":[164,164,164,183,183,183,210,210,210,210,242,257,257,291,291,415,415,434,183,183,249,249,288,288,288,315,354,370,100,100,100,100,299,249,333,333,27,114,0,80,80,80,106,182,7,38,284,7,7,73],"floor_reached":51,"language":"ZHS","playtime":2538,"items_purged":["Strike_P","Defend_P","Strike_P","Strike_P","Defend_P"],"score":976,"play_id":"31cb3c2d-d986-4850-8e5a-ffad744247e5","local_time":"20210128214655","is_ascension_mode":false,"campfire_choices":[{"data":"Vigilance","floor":6.0,"key":"SMITH"},{"data":"Collect","floor":15.0,"key":"SMITH"},{"data":"Devotion","floor":24.0,"key":"SMITH"},{"data":"ConjureBlade","floor":42,"key":"SMITH"},{"data":"1","floor":49,"key":"LIFT"}],"circlet_count":0,"master_deck":["Defend_P","Eruption","Vigilance+1","Transmutation+1","ReachHeaven+1","Collect+1","Tantrum+1","REME_EmptyShield+1","Devotion+1","Sanctity+1","Transmutation+1","Protect+1","ConjureBlade+1","WaveOfTheHand","Madness","Madness"],"relics":["PureWater","REME_ComplimentaryCards","Ring of Misfortune","ReplayTheSpireMod:Ring of Addiction","Chameleon Ring","Toy Ornithopter","Mirror","PreservedInsect","Sundial","Lantern","Golden Idol","CaptainsWheel","energizedSpire:MagnifyingGlass","Sling","Replay:Mystery Machine","Bag of Preparation","Ginger","Guide Book","REME_ArchaeologicalTools","energizedSpire:HugeHouse","Melange","Ice Cream","Red Mask","White Beast Statue","Omamori","Girya","Membership Card","REME_CardOfGreed","HornCleat"],"acts_visited":["Exordium","TheCity","TheBeyond"],"potions_floor_usage":[33,44,50,50,50],"damage_taken":[{"damage":0.0,"enemies":"2 Louse","floor":1.0,"turns":3.0},{"damage":0.0,"enemies":"Cultist","floor":4.0,"turns":3.0},{"damage":8.0,"enemies":"Gremlin Nob","floor":7.0,"turns":3.0},{"damage":6.0,"enemies":"Lagavulin","floor":11.0,"turns":3.0},{"damage":0.0,"enemies":"Jaw Worm","floor":12.0,"turns":1.0},{"damage":0.0,"enemies":"Gremlin Nob","floor":14.0,"turns":2.0},{"damage":27.0,"enemies":"Hexaghost","floor":16.0,"turns":5.0},{"damage":0.0,"enemies":"Chosen","floor":18.0,"turns":6.0},{"damage":0.0,"enemies":"2 Thieves","floor":21.0,"turns":3.0},{"damage":5.0,"enemies":"Slavers","floor":23.0,"turns":3.0},{"damage":7.0,"enemies":"Book of Stabbing","floor":27.0,"turns":3.0},{"damage":36.0,"enemies":"3 Cultists","floor":28.0,"turns":3.0},{"damage":19,"enemies":"Collector","floor":33,"turns":3},{"damage":0,"enemies":"3 Shapes","floor":35,"turns":1},{"damage":0,"enemies":"Mind Bloom Boss Battle","floor":38,"turns":2},{"damage":0,"enemies":"R_Hoarder","floor":40,"turns":3},{"damage":1,"enemies":"Nemesis","floor":44,"turns":6},{"damage":0,"enemies":"Orb Walker","floor":46,"turns":3},{"damage":0,"enemies":"Donu and Deca","floor":50,"turns":7}],"seed_played":"-5781275188592835698","potions_obtained":[{"floor":2.0,"key":"PowerPotion"},{"floor":2.0,"key":"REME_GoldPotion"},{"floor":2.0,"key":"Swift Potion"},{"floor":4.0,"key":"Fire Potion"},{"floor":12.0,"key":"BottledMiracle"},{"floor":18.0,"key":"Flashbang"},{"floor":23.0,"key":"Dexterity Potion"},{"floor":32.0,"key":"SteroidPotion"},{"floor":32.0,"key":"Toxic Potion"},{"floor":33,"key":"Strength Potion"},{"floor":44,"key":"SkillPotion"},{"floor":46,"key":"Toxic Potion"}],"is_trial":false,"path_per_floor":["M","?","?","M","?","R","E","?","T","T","E","M","?","E","R","B",null,"M","$","?","M","?","E","R","?","T","E","M","$","T","?","R","B",null,"M","?","$","?","?","E","?","R","T","E","$","M","?","$","R","B",null],"character_chosen":"WATCHER","items_purchased":["Sling","Guide Book","Melange","Membership Card","REME_CardOfGreed","HornCleat"],"campfire_rested":0,"item_purchase_floors":[19,29,37,48,48,48],"current_hp_per_floor":[72,72,72,72,77,75,72,72,72,72,66,66,48,48,48,26,71,71,71,69,69,69,69,69,69,69,63,27,27,27,27,27,13,60,60,52,52,52,52,52,52,52,52,54,54,54,41,41,41,52],"gold":73,"neow_bonus":"UPGRADE_CARD","is_daily":false,"chose_seed":false,"campfire_upgraded":4,"win_rate":0.0,"timestamp":1611841615,"path_taken":["M","?","?","?","?","R","E","?","T","?","E","?","?","E","R","BOSS","M","$","?","?","?","E","R","?","T","E","?","?","?","?","R","BOSS","M","?","$","?","?","E","?","R","T","E","$","?","?","?","R","BOSS"],"items_purchased_type":["Relic","Relic","Relic","Relic","Relic","Relic"],"build_version":"2020-12-22","purchased_purges":5,"victory":true,"max_hp_per_floor":[72,72,72,72,77,75,75,75,75,75,73,73,73,71,71,71,71,71,71,69,69,69,69,69,69,69,67,67,67,67,65,65,65,60,60,60,58,58,58,56,56,56,54,54,54,54,54,52,52,52],"relic_stats":{"counters":[19,63],"Sundial":[6],"Golden Idol":195,"Melange":[9],"PreservedInsect":250,"Bag of Preparation":[18],"Ginger":[0],"obtain_stats":[{"Ice Cream":38,"Lantern":11,"Melange":37,"Bag of Preparation":26,"Ginger":27,"Replay:Mystery Machine":23,"Sling":19,"Chameleon Ring":2,"HornCleat":48,"Sundial":10,"REME_ArchaeologicalTools":30,"energizedSpire:HugeHouse":34,"Red Mask":39,"Girya":44,"Golden Idol":13,"ReplayTheSpireMod:Ring of Addiction":2,"Guide Book":29,"PreservedInsect":9,"Omamori":43,"White Beast Statue":40,"CaptainsWheel":14,"Ring of Misfortune":2,"energizedSpire:MagnifyingGlass":17,"Membership Card":48,"REME_CardOfGreed":48,"PureWater":0,"Mirror":7,"Toy Ornithopter":2,"REME_ComplimentaryCards":0},{"Ice Cream":15,"Lantern":4,"Melange":14,"Bag of Preparation":10,"Ginger":11,"Replay:Mystery Machine":10,"Sling":8,"Chameleon Ring":1,"HornCleat":18,"Sundial":3,"REME_ArchaeologicalTools":12,"energizedSpire:HugeHouse":13,"Red Mask":15,"Girya":17,"Golden Idol":5,"ReplayTheSpireMod:Ring of Addiction":1,"Guide Book":12,"PreservedInsect":3,"Omamori":16,"White Beast Statue":16,"CaptainsWheel":6,"Ring of Misfortune":1,"energizedSpire:MagnifyingGlass":7,"Membership Card":18,"REME_CardOfGreed":18,"PureWater":0,"Mirror":3,"Toy Ornithopter":1,"REME_ComplimentaryCards":0},{"Ice Cream":44,"Lantern":12,"Melange":42,"Bag of Preparation":32,"Ginger":35,"Replay:Mystery Machine":32,"Sling":26,"Chameleon Ring":3,"HornCleat":56,"Sundial":9,"REME_ArchaeologicalTools":38,"energizedSpire:HugeHouse":41,"Red Mask":44,"Girya":53,"Golden Idol":13,"ReplayTheSpireMod:Ring of Addiction":3,"Guide Book":38,"PreservedInsect":9,"Omamori":47,"White Beast Statue":47,"CaptainsWheel":15,"Ring of Misfortune":3,"energizedSpire:MagnifyingGlass":20,"Membership Card":56,"REME_CardOfGreed":56,"PureWater":0,"Mirror":9,"Toy Ornithopter":3,"REME_ComplimentaryCards":0}],"Toy Ornithopter":37},"card_choices":[{"not_picked":["EmptyFist","EmptyBody"],"picked":"ReachHeaven","floor":1.0},{"not_picked":["ClearTheMind","Replay:BluntJabs","SignatureMove"],"picked":"SKIP","floor":4.0},{"not_picked":["SashWhip","LikeWater"],"picked":"Collect","floor":7.0},{"not_picked":["Replay:DivineShield","ReachHeaven"],"picked":"Tantrum","floor":11.0},{"not_picked":["EmptyBody","PathToVictory"],"picked":"REME_EmptyShield","floor":12.0},{"not_picked":["FollowUp","Prostrate","Conclude"],"picked":"SKIP","floor":14.0},{"not_picked":["Vault","Replay:AllIn"],"picked":"Devotion","floor":16.0},{"not_picked":["Replay:AtTheReady","ForeignInfluence+1"],"picked":"Sanctity+1","floor":18.0},{"not_picked":["EmptyFist","CrushJoints"],"picked":"Protect+1","floor":21.0},{"not_picked":["REME_MusicOfDeath+1","JustLucky","Replay:Vibes"],"picked":"SKIP","floor":23.0},{"not_picked":["Meditate","CutThroughFate+1"],"picked":"Study+1","floor":27.0},{"not_picked":["Worship","EmptyBody","FlyingSleeves+1"],"picked":"SKIP","floor":28.0},{"not_picked":["Replay:AllIn","Omniscience"],"picked":"ConjureBlade","floor":33},{"not_picked":["Replay:AtTheReady","BowlingBash+1","TalkToTheHand+1"],"picked":"SKIP","floor":35},{"not_picked":["Swivel+1","ReachHeaven+1","PathToVictory"],"picked":"SKIP","floor":40},{"not_picked":["BowlingBash","Replay:LoomingThreat","EmptyBody+1"],"picked":"SKIP","floor":44},{"not_picked":["Evaluate","EmptyFist+1","WreathOfFlame"],"picked":"SKIP","floor":46}],"player_experience":81682,"relics_obtained":[{"floor":2.0,"key":"Ring of Misfortune"},{"floor":2.0,"key":"ReplayTheSpireMod:Ring of Addiction"},{"floor":2.0,"key":"Chameleon Ring"},{"floor":2.0,"key":"Toy Ornithopter"},{"floor":7.0,"key":"Mirror"},{"floor":9.0,"key":"PreservedInsect"},{"floor":10.0,"key":"Sundial"},{"floor":11.0,"key":"Lantern"},{"floor":14.0,"key":"CaptainsWheel"},{"floor":23.0,"key":"Replay:Mystery Machine"},{"floor":26.0,"key":"Bag of Preparation"},{"floor":27.0,"key":"Ginger"},{"floor":30.0,"key":"REME_ArchaeologicalTools"},{"floor":38,"key":"Ice Cream"},{"floor":40,"key":"White Beast Statue"},{"floor":43,"key":"Omamori"},{"floor":44,"key":"Girya"}],"event_choices":[{"damage_healed":0.0,"max_hp_gain":0.0,"max_hp_loss":0.0,"gold_gain":0.0,"event_name":"Upgrade Shrine","player_choice":"Upgraded","floor":3.0,"gold_loss":0.0,"damage_taken":0.0,"cards_upgraded":["ReachHeaven"]},{"damage_healed":0.0,"max_hp_gain":5.0,"max_hp_loss":0.0,"gold_gain":0.0,"event_name":"Big Fish","player_choice":"Donut","floor":5.0,"gold_loss":0.0,"damage_taken":0.0},{"cards_removed":["Strike_P"],"damage_healed":0.0,"max_hp_gain":0.0,"max_hp_loss":0.0,"gold_gain":0.0,"event_name":"Living Wall","player_choice":"Forget","floor":8.0,"gold_loss":0.0,"damage_taken":0.0},{"damage_healed":0.0,"max_hp_gain":0.0,"max_hp_loss":0.0,"gold_gain":0.0,"event_name":"Golden Idol","player_choice":"Take Damage","floor":13.0,"gold_loss":0.0,"damage_taken":18.0,"relics_obtained":["Golden Idol"]},{"damage_healed":0.0,"max_hp_gain":0.0,"max_hp_loss":0.0,"gold_gain":0.0,"event_name":"Duplicator","player_choice":"Copied","floor":20.0,"gold_loss":0.0,"damage_taken":0.0,"cards_obtained":["Transmutation"]},{"cards_removed":["Defend_P"],"damage_healed":0.0,"max_hp_gain":0.0,"max_hp_loss":0.0,"gold_gain":0.0,"event_name":"Back to Basics","player_choice":"Elegance","floor":22.0,"gold_loss":0.0,"damage_taken":0.0},{"damage_healed":0.0,"max_hp_gain":0.0,"max_hp_loss":0.0,"gold_gain":0.0,"event_name":"NoteForYourself","player_choice":"Ignored","floor":25.0,"gold_loss":0.0,"damage_taken":0.0},{"damage_healed":0,"gold_gain":0,"player_choice":"Embrace Madness","damage_taken":8,"max_hp_gain":0,"max_hp_loss":0,"event_name":"Winding Halls","floor":36,"gold_loss":0,"cards_obtained":["Madness","Madness"]},{"damage_healed":0,"gold_gain":0,"player_choice":"Fight","damage_taken":0,"max_hp_gain":0,"max_hp_loss":0,"event_name":"MindBloom","floor":38,"gold_loss":0},{"damage_healed":0,"gold_gain":0,"player_choice":"Paid","damage_taken":0,"relics_obtained":["Red Mask"],"max_hp_gain":0,"max_hp_loss":0,"event_name":"Tomb of Lord Red Mask","floor":39,"gold_loss":114},{"cards_removed":["Strike_P"],"damage_healed":0,"gold_gain":0,"player_choice":"Removed Attack","damage_taken":0,"max_hp_gain":0,"max_hp_loss":0,"event_name":"Falling","floor":41,"gold_loss":0}],"is_beta":false,"boss_relics":[{"not_picked":["Kintsugi","Ectoplasm"],"picked":"energizedSpire:MagnifyingGlass"},{"not_picked":["Empty Cage","Replay:Wanted Poster"],"picked":"energizedSpire:HugeHouse"}],"items_purged_floors":[19,19,29,37,45],"is_endless":false,"potions_floor_spawned":[4,12,14,18,23,33,44,46],"ascension_level":0}}