{"host":"hbel9g7s7ibv8po6","time":1611847531,"event":{"mods":["Act Like it!","BaseMod","Minty Spire (QoL Compilation)","StSLib","The Animator"],"gold_per_floor":[126,126,146,163,163,163,177,177,177,205,130,149,149,149,149,258,258,272,97,112,112,123,123,138,197,197,197,217,251,251,251],"floor_reached":30,"language":"ENG","playtime":1712,"items_purged":["animator:Strike","animator:Strike"],"score":287,"play_id":"0eb3e7f0-8291-4070-8c72-a5c0cd81f5eb","local_time":"20210128232531","is_ascension_mode":false,"campfire_choices":[{"data":"animator:DolaSchwi","floor":6.0,"key":"SMITH"},{"data":"animator:DolaSchwi","floor":8.0,"key":"SMITH"},{"data":"animator:Tatsumaki","floor":13.0,"key":"SMITH"},{"data":"animator:Biyorigo","floor":15.0,"key":"SMITH"},{"data":"animator:Shiro","floor":23,"key":"SMITH"},{"data":"animator:NarberalGamma","floor":27,"key":"SMITH"}],"circlet_count":0,"master_deck":["animator:Strike_NoGameNoLife","animator:Defend_NoGameNoLife","animator:Defend","animator:Defend","animator:DolaSchwi+1","animator:DolaCouronne","animator:DolaStephanie","animator:Cocytus","animator:IzunaHatsuse","animator:DolaSchwi+1","animator:Biyorigo+1","animator:Tatsumaki+1","animator:Shiro+1","animator:TsurugaMeisai+1","animator:NarberalGamma+1","animator:Jibril","animator:Sonic","animator:Tet","animator:Demiurge"],"relics":["animator:LivingPicture","animator:TheMissingPiece","FaceOfCleric","Sundial","HornCleat","SlaversCollar","Mercury Hourglass","Mummified Hand","MealTicket"],"acts_visited":["Exordium","TheCity"],"potions_floor_usage":[25],"damage_taken":[{"damage":5.0,"enemies":"Jaw Worm","floor":1.0,"turns":5.0},{"damage":1.0,"enemies":"Cultist","floor":3.0,"turns":4.0},{"damage":0.0,"enemies":"2 Louse","floor":4.0,"turns":3.0},{"damage":2.0,"enemies":"Red Slaver","floor":7.0,"turns":4.0},{"damage":1.0,"enemies":"Exordium Wildlife","floor":10.0,"turns":4.0},{"damage":12.0,"enemies":"Exordium Thugs","floor":12.0,"turns":5.0},{"damage":2.0,"enemies":"The Guardian","floor":16.0,"turns":7.0},{"damage":8,"enemies":"Spheric Guardian","floor":18,"turns":4},{"damage":0,"enemies":"3 Byrds","floor":20,"turns":2},{"damage":16,"enemies":"Snecko","floor":22,"turns":4},{"damage":19,"enemies":"Centurion and Healer","floor":24,"turns":5},{"damage":37,"enemies":"Slavers","floor":25,"turns":3},{"damage":7,"enemies":"Sentry and Sphere","floor":28,"turns":4},{"damage":16,"enemies":"Book of Stabbing","floor":29,"turns":4},{"damage":16,"enemies":"Snake Plant","floor":30,"turns":2}],"seed_played":"-5524908055465478192","potions_obtained":[{"floor":4.0,"key":"SteroidPotion"},{"floor":5.0,"key":"CultistPotion"},{"floor":5.0,"key":"SpeedPotion"},{"floor":5.0,"key":"SkillPotion"},{"floor":12.0,"key":"FairyPotion"},{"floor":18,"key":"PowerPotion"},{"floor":25,"key":"FearPotion"},{"floor":28,"key":"Energy Potion"}],"is_trial":false,"path_per_floor":["M","?","M","M","?","R","M","R","T","M","$","M","R","T","R","B",null,"M","$","M","?","M","R","M","E","T","R","M","E","M"],"character_chosen":"THE_ANIMATOR","items_purchased":["animator:NarberalGamma"],"campfire_rested":0,"item_purchase_floors":[19],"current_hp_per_floor":[43,43,43,45,45,45,44,44,44,44,44,33,33,33,33,32,73,67,67,69,69,54,54,36,24,24,24,22,15,0,0],"gold":251,"neow_bonus":"REMOVE_TWO","is_daily":false,"chose_seed":false,"campfire_upgraded":6,"win_rate":0.0,"timestamp":1611847531,"path_taken":["M","?","?","M","?","R","?","R","T","M","$","M","R","?","R","BOSS","M","$","M","?","M","R","M","E","T","R","M","E","M"],"items_purchased_type":["Card"],"build_version":"2020-12-22","purchased_purges":2,"victory":false,"max_hp_per_floor":[66,66,67,69,69,69,70,70,70,71,71,72,72,72,72,73,73,75,75,77,77,78,78,79,80,80,80,81,82,82,82],"card_choices":[{"not_picked":["animator:DolaSchwi","animator:Shichika"],"picked":"animator:DolaStephanie","floor":1.0},{"not_picked":["animator:Kuribayashi","animator:Spearman"],"picked":"animator:Cocytus","floor":3.0},{"not_picked":["animator:Boros","animator:HighElfArcher"],"picked":"animator:IzunaHatsuse","floor":4.0},{"not_picked":["animator:DolaRiku","animator:DolaCouronne"],"picked":"animator:DolaSchwi","floor":7.0},{"not_picked":["animator:Sonic","animator:CowGirl"],"picked":"animator:Biyorigo","floor":10.0},{"not_picked":["animator:Priestess","animator:Genos"],"picked":"animator:Tatsumaki","floor":12.0},{"not_picked":["animator:MadokaKaname","animator:Kyubey"],"picked":"animator:Shiro","floor":16.0},{"not_picked":["animator:MumenRider","animator:SilverFang"],"picked":"animator:TsurugaMeisai+1","floor":18},{"not_picked":["animator:Tet","animator:IzunaHatsuse"],"picked":"animator:Jibril","floor":20},{"not_picked":["animator:DolaSchwi","animator:IrohaTamaki+1","animator:Bozes"],"picked":"SKIP","floor":22},{"not_picked":["animator:SilverFang","animator:Shichika"],"picked":"animator:Sonic","floor":24},{"not_picked":["animator:NarberalGamma","animator:DolaStephanie"],"picked":"animator:Tet","floor":25},{"not_picked":["animator:Cocytus","animator:PandorasActor"],"picked":"animator:Demiurge","floor":28},{"not_picked":["animator:LizardPriest+1","animator:Konayuki","animator:Hitei"],"picked":"SKIP","floor":29}],"player_experience":107814,"relics_obtained":[{"floor":9.0,"key":"Sundial"},{"floor":14.0,"key":"HornCleat"},{"floor":25,"key":"Mercury Hourglass"},{"floor":26,"key":"Mummified Hand"},{"floor":29,"key":"MealTicket"}],"event_choices":[{"damage_healed":0.0,"max_hp_gain":0.0,"max_hp_loss":0.0,"gold_gain":0.0,"event_name":"FaceTrader","player_choice":"Trade","floor":2.0,"gold_loss":0.0,"damage_taken":0.0,"relics_obtained":["FaceOfCleric"]},{"damage_healed":0.0,"max_hp_gain":0.0,"max_hp_loss":0.0,"gold_gain":0.0,"event_name":"Lab","player_choice":"Got Potions","floor":5.0,"gold_loss":0.0,"damage_taken":0.0},{"damage_healed":0,"gold_gain":0,"player_choice":"Bought 0 Potions","damage_taken":0,"max_hp_gain":0,"max_hp_loss":0,"event_name":"The Woman in Blue","floor":21,"gold_loss":0}],"is_beta":false,"boss_relics":[{"not_picked":["Pandora\u0027s Box","Tiny House"],"picked":"SlaversCollar"}],"items_purged_floors":[11,19],"is_endless":false,"potions_floor_spawned":[4,12,16,18,25,28],"killed_by":"Snake Plant","ascension_level":0}}