{"host":"na09lpbrez4gbfiz","time":1611866769,"event":{"mods":["Act Like it!","BaseMod","BetterRewards","Colored Map","Colored Powertips","DeckTracker","Googly Eyes","Highlight Path","Minty Spire (QoL Compilation)","Quick Restart","Spicy Shops","StSLib","SuperFastMode","Synergy Search"],"gold_per_floor":[117,42,42,42,42,42,52,127,127,127,140,140,172,187,187,187,187],"floor_reached":16,"language":"ENG","playtime":328,"items_purged":["Defend_R"],"score":162,"play_id":"f0263427-a0db-4de9-bf50-2465969e9883","local_time":"20210128214609","is_ascension_mode":true,"campfire_choices":[{"data":"Defend_R","floor":6,"key":"SMITH"},{"floor":10,"key":"REST"},{"data":"True Grit","floor":12,"key":"SMITH"},{"floor":15,"key":"REST"}],"circlet_count":0,"master_deck":["AscendersBane","Strike_R","Strike_R","Defend_R+1","Defend_R+1","Defend_R+1","Bash+1","Intimidate+1","Clash+1","Double Tap+1","True Grit+1","Clash"],"relics":["Astrolabe","Bronze Scales","Potion Belt","War Paint"],"acts_visited":["Exordium"],"potions_floor_usage":[16,16],"damage_taken":[{"damage":7,"enemies":"Cultist","floor":1,"turns":4},{"damage":9,"enemies":"Jaw Worm","floor":7,"turns":3},{"damage":0,"enemies":"Small Slimes","floor":11,"turns":3},{"damage":15,"enemies":"Gremlin Nob","floor":13,"turns":4},{"damage":6,"enemies":"3 Louse","floor":14,"turns":4},{"damage":54,"enemies":"Slime Boss","floor":16,"turns":8}],"seed_played":"-4497963040115116622","potions_obtained":[{"floor":13,"key":"ColorlessPotion"},{"floor":14,"key":"Explosive Potion"}],"is_trial":false,"path_per_floor":["M","$","?","?","?","R","M","?","T","R","M","R","E","M","R","B"],"character_chosen":"IRONCLAD","items_purchased":[],"campfire_rested":2,"item_purchase_floors":[],"current_hp_per_floor":[65,65,49,49,42,42,33,22,22,46,46,46,31,25,49,0,0],"gold":187,"neow_bonus":"BOSS_RELIC","is_daily":false,"chose_seed":false,"campfire_upgraded":2,"win_rate":0.0,"timestamp":1611866769,"path_taken":["M","$","?","?","?","R","M","?","T","R","M","R","E","M","R","BOSS"],"items_purchased_type":[],"build_version":"2020-12-22","purchased_purges":1,"victory":false,"max_hp_per_floor":[80,80,80,80,80,80,80,80,80,80,80,80,80,80,80,80,80],"card_choices":[{"not_picked":["Clothesline","Disarm","Dual Wield"],"picked":"SKIP","floor":1},{"not_picked":["Ghostly Armor","Disarm"],"picked":"True Grit","floor":7},{"not_picked":["Twin Strike","Sentinel","Fire Breathing"],"picked":"SKIP","floor":11},{"not_picked":["Clothesline","Dropkick"],"picked":"Clash","floor":13},{"not_picked":["Fire Breathing","Wild Strike","Cleave"],"picked":"SKIP","floor":14}],"player_experience":195165,"relics_obtained":[{"floor":9,"key":"Potion Belt"},{"floor":13,"key":"War Paint"}],"event_choices":[{"damage_healed":0,"gold_gain":0,"player_choice":"Entered Light","damage_taken":16,"max_hp_gain":0,"max_hp_loss":0,"event_name":"Shining Light","floor":3,"gold_loss":0,"cards_upgraded":["Defend_R","Bash"]},{"damage_healed":0,"gold_gain":0,"player_choice":"Box","damage_taken":0,"relics_obtained":["Bronze Scales"],"max_hp_gain":0,"max_hp_loss":0,"event_name":"Big Fish","floor":4,"gold_loss":0,"cards_obtained":["Regret"]},{"cards_removed":["Regret"],"damage_healed":0,"gold_gain":0,"player_choice":"Card Removal","damage_taken":7,"max_hp_gain":0,"max_hp_loss":0,"event_name":"Golden Wing","floor":5,"gold_loss":0},{"damage_healed":0,"gold_gain":75,"player_choice":"Gather Gold","damage_taken":11,"max_hp_gain":0,"max_hp_loss":0,"event_name":"World of Goop","floor":8,"gold_loss":0}],"is_beta":false,"boss_relics":[],"items_purged_floors":[2],"is_endless":false,"potions_floor_spawned":[13,14],"killed_by":"Slime Boss","ascension_level":13}}