{"host":"sav7uxregyirlf69","time":1611821136,"event":{"mods":["AchievementEnabler","BaseMod","Colored Map","DeckTracker","Keyboard Shortcuts","Minty Spire (QoL Compilation)","READ ME - Guardian Mod","StSLib","SuperFastMode"],"gold_per_floor":[118,130,130,149,149,149,163,195,195,207,219,235,265,265,265,265,265],"floor_reached":16,"language":"KOR","playtime":227,"items_purged":[],"score":208,"play_id":"33414ff0-acb5-49b6-b7d9-c9e2cadc511d","local_time":"20210128170536","is_ascension_mode":true,"campfire_choices":[{"data":"Blood for Blood","floor":6,"key":"SMITH"},{"data":"Fire Breathing","floor":15,"key":"SMITH"}],"circlet_count":0,"master_deck":["AscendersBane","Strike_R","Strike_R","Strike_R","Strike_R","Strike_R","Defend_R","Defend_R","Defend_R","Defend_R","Bash","Blood for Blood+1","Pummel","Shrug It Off","Anger","Fire Breathing+1","Battle Trance"],"relics":["Burning Blood","Bag of Preparation","Blue Candle","Regal Pillow","Golden Idol"],"acts_visited":["Exordium"],"potions_floor_usage":[8,16],"damage_taken":[{"damage":2,"enemies":"2 Louse","floor":1,"turns":3},{"damage":14,"enemies":"Jaw Worm","floor":2,"turns":4},{"damage":6,"enemies":"Cultist","floor":4,"turns":3},{"damage":29,"enemies":"Exordium Wildlife","floor":7,"turns":6},{"damage":25,"enemies":"Gremlin Nob","floor":8,"turns":4},{"damage":4,"enemies":"2 Fungi Beasts","floor":10,"turns":3},{"damage":12,"enemies":"3 Louse","floor":11,"turns":3},{"damage":16,"enemies":"Exordium Wildlife","floor":12,"turns":4},{"damage":15,"enemies":"Hexaghost","floor":16,"turns":5}],"seed_played":"2371131474665264347","potions_obtained":[{"floor":1,"key":"BlessingOfTheForge"},{"floor":8,"key":"GamblersBrew"},{"floor":10,"key":"SkillPotion"},{"floor":11,"key":"Block Potion"}],"is_trial":false,"path_per_floor":["M","M","?","M","?","R","M","E","T","M","M","M","?","?","R","B"],"character_chosen":"IRONCLAD","items_purchased":[],"campfire_rested":0,"item_purchase_floors":[],"current_hp_per_floor":[79,71,66,66,71,71,48,29,29,31,25,15,15,15,15,0,0],"gold":265,"neow_bonus":"TEN_PERCENT_HP_BONUS","is_daily":false,"chose_seed":false,"campfire_upgraded":2,"win_rate":0.0,"timestamp":1611821136,"path_taken":["M","M","?","M","?","R","M","E","T","?","M","?","?","?","R","BOSS"],"items_purchased_type":[],"build_version":"2020-12-22","purchased_purges":0,"victory":false,"max_hp_per_floor":[82,82,82,82,87,87,87,87,87,87,87,87,87,79,79,79,79],"card_choices":[{"not_picked":["Feel No Pain","Heavy Blade"],"picked":"Blood for Blood","floor":1},{"not_picked":["Warcry","Iron Wave"],"picked":"Pummel","floor":2},{"not_picked":["Dual Wield","Perfected Strike"],"picked":"Shrug It Off","floor":4},{"not_picked":["Armaments","Havoc"],"picked":"Anger","floor":7},{"not_picked":["Berserk","Anger","Warcry"],"picked":"SKIP","floor":8},{"not_picked":["Shrug It Off","Headbutt","Warcry"],"picked":"SKIP","floor":10},{"not_picked":["Shockwave","True Grit"],"picked":"Fire Breathing","floor":11},{"not_picked":["Perfected Strike","Rupture"],"picked":"Battle Trance","floor":12}],"player_experience":1416793,"relics_obtained":[{"floor":8,"key":"Blue Candle"},{"floor":9,"key":"Regal Pillow"}],"event_choices":[{"damage_healed":0,"gold_gain":0,"player_choice":"Success","damage_taken":5,"relics_obtained":["Bag of Preparation"],"max_hp_gain":0,"max_hp_loss":0,"event_name":"Scrap Ooze","floor":3,"gold_loss":0},{"damage_healed":0,"gold_gain":0,"player_choice":"Donut","damage_taken":0,"max_hp_gain":5,"max_hp_loss":0,"event_name":"Big Fish","floor":5,"gold_loss":0},{"damage_healed":0,"gold_gain":30,"player_choice":"Searched \u00271\u0027 times","damage_taken":0,"max_hp_gain":0,"max_hp_loss":0,"event_name":"Dead Adventurer","floor":13,"gold_loss":0},{"damage_healed":0,"gold_gain":0,"player_choice":"Lose Max HP","damage_taken":0,"relics_obtained":["Golden Idol"],"max_hp_gain":0,"max_hp_loss":8,"event_name":"Golden Idol","floor":14,"gold_loss":0}],"is_beta":false,"boss_relics":[],"items_purged_floors":[],"is_endless":false,"potions_floor_spawned":[1,8,10,11],"killed_by":"Hexaghost","ascension_level":20}}