{"host":"lnaqncbfopcj593v","time":1611851171,"event":{"mods":["AchievementEnabler","BaseMod","Colored Map","Downfall","Minty Spire (QoL Compilation)","StSLib"],"gold_per_floor":[99,113,123,108,122,122,122,30,42,55,55,70,70,170,188,287,287,287,298,22,33,52,52,52,52,52,63,48,48,48,48],"floor_reached":29,"language":"ENG","playtime":2240,"items_purged":[],"score":217,"play_id":"ea1300e6-28da-4d01-942a-db9d70f32be1","local_time":"20210129012611","is_ascension_mode":false,"campfire_choices":[{"floor":1.0,"key":"RECALL"},{"data":"champ:Taunt","floor":6.0,"key":"SMITH"},{"data":"champ:StanceDance","floor":11.0,"key":"SMITH"},{"floor":13.0,"key":"REST"},{"data":"champ:GladiatorForm","floor":18.0,"key":"SMITH"},{"data":"champ:HeartStrike","floor":23.0,"key":"SMITH"},{"floor":26.0,"key":"REST"}],"circlet_count":0,"master_deck":["champ:Strike","champ:Strike","champ:Strike","champ:Strike","champ:Defend","champ:Defend","champ:Defend","champ:Defend","champ:Execute","champ:Taunt+1","champ:EnGarde","champ:FocusedBerserking","champ:GutPunch","champ:CrookedStrike","champ:Duel","champ:GladiatorForm+1","champ:ArenaPreparation","champ:StanceDance+1","champ:UltimateStance","champ:RecklessLeap","champ:TripleStrike","champ:IronFortress","champ:HeartStrike+1","champ:ShieldSlam"],"relics":["champ:ChampionCrown","Bottled Flame","Runic Pyramid","Ornamental Fan","downfall:KnowingSkull"],"acts_visited":["Exordium","TheCity"],"potions_floor_usage":[],"damage_taken":[{"damage":16.0,"enemies":"Jaw Worm","floor":2.0,"turns":5.0},{"damage":10.0,"enemies":"2 Louse","floor":3.0,"turns":3.0},{"damage":10.0,"enemies":"downfall:FleeingMerchant","floor":4.0,"turns":4.0},{"damage":24.0,"enemies":"Cultist","floor":5.0,"turns":4.0},{"damage":40.0,"enemies":"downfall:FleeingMerchant","floor":8.0,"turns":4.0},{"damage":48.0,"enemies":"Gremlin Gang","floor":9.0,"turns":7.0},{"damage":35.0,"enemies":"Blue Slaver","floor":10.0,"turns":4.0},{"damage":27.0,"enemies":"2 Fungi Beasts","floor":12.0,"turns":5.0},{"damage":39.0,"enemies":"Gremlin Gang","floor":15.0,"turns":5.0},{"damage":126.0,"enemies":"IC_STATUS_ARCHETYPE","floor":16.0,"turns":6.0},{"damage":39.0,"enemies":"Shell Parasite","floor":19.0,"turns":4.0},{"damage":58.0,"enemies":"downfall:FleeingMerchant","floor":20.0,"turns":4.0},{"damage":70.0,"enemies":"3 Byrds","floor":21.0,"turns":7.0},{"damage":81.0,"enemies":"Centurion and Healer","floor":22.0,"turns":5.0},{"damage":66.0,"enemies":"Chosen and Byrds","floor":27.0,"turns":6.0},{"damage":63.0,"enemies":"downfall:FleeingMerchant","floor":28.0,"turns":4.0},{"damage":1,"enemies":"3 Cultists","floor":29,"turns":2}],"seed_played":"-45898317088477241","potions_obtained":[{"floor":3.0,"key":"Dexterity Potion"},{"floor":5.0,"key":"SneckoOil"},{"floor":9.0,"key":"Slimebound:ThreeZeroPotion"},{"floor":12.0,"key":"LiquidMemories"},{"floor":15.0,"key":"AttackPotion"},{"floor":16.0,"key":"Dexterity Potion"},{"floor":22.0,"key":"champ:OpenerPotion"}],"is_trial":false,"path_per_floor":["R","M","M","$","M","R","T","$","M","M","R","M","R","?","M","B",null,"R","M","$","M","M","R","T","?","R","M","$","M"],"character_chosen":"THE_CHAMP","items_purchased":["champ:GladiatorForm","Ornamental Fan"],"campfire_rested":2,"item_purchase_floors":[8,20],"current_hp_per_floor":[99,98,98,98,94,94,94,84,66,66,66,59,88,88,84,73,99,99,95,92,82,56,56,56,47,76,65,52,51,51,51],"gold":48,"neow_bonus":"TEN_PERCENT_HP_BONUS","is_daily":false,"chose_seed":false,"campfire_upgraded":4,"win_rate":0.0,"timestamp":1611851171,"path_taken":["R","M","M","$","M","R","T","$","M","M","R","M","R","?","M","BOSS","R","M","$","M","M","R","T","?","R","M","?","?"],"items_purchased_type":["Card","Relic"],"build_version":"2020-12-22","purchased_purges":0,"victory":false,"max_hp_per_floor":[99,99,99,99,99,99,99,99,99,99,99,99,99,99,99,99,99,99,99,99,99,99,99,99,99,99,99,99,99,99,99],"card_choices":[{"not_picked":["champ:PreciseThrust","champ:BerserkersShout"],"picked":"champ:EnGarde","floor":2.0},{"not_picked":["champ:BerserkersShout","champ:Shatter"],"picked":"champ:FocusedBerserking","floor":3.0},{"not_picked":["champ:Encircle","champ:DefensiveShout"],"picked":"champ:GutPunch","floor":4.0},{"not_picked":["champ:FanOfKnives","champ:Parry"],"picked":"champ:CrookedStrike","floor":5.0},{"not_picked":["champ:FlashCut","champ:Haymaker"],"picked":"champ:Duel","floor":8.0},{"not_picked":["champ:BerserkersShout","champ:BringItOn"],"picked":"champ:ArenaPreparation","floor":9.0},{"not_picked":["champ:Circumvent","champ:SetATrap"],"picked":"champ:StanceDance","floor":10.0},{"not_picked":["champ:AdrenalArmor","champ:EndlessRage"],"picked":"champ:UltimateStance","floor":12.0},{"not_picked":["champ:IronFortress","champ:BerserkersShout"],"picked":"champ:RecklessLeap","floor":15.0},{"not_picked":["champ:SteelEdge","champ:HeavySlash"],"picked":"champ:TripleStrike","floor":16.0},{"not_picked":["champ:Lariat","champ:EnGarde","champ:RapidStrikes"],"picked":"SKIP","floor":19.0},{"not_picked":["champ:BringItOn","champ:AdrenalArmor"],"picked":"champ:IronFortress","floor":20.0},{"not_picked":["champ:GutPunch","champ:DefensiveShout","champ:PreemptiveStrike"],"picked":"SKIP","floor":21.0},{"not_picked":["champ:CrookedStrike","champ:BladeFlurry+1"],"picked":"champ:HeartStrike","floor":22.0},{"not_picked":["champ:EndlessRage","champ:PreemptiveStrike+1"],"picked":"champ:ShieldSlam","floor":27.0},{"not_picked":["champ:SkillfulDodge","champ:BladeFlurry","champ:HeavySlash"],"picked":"SKIP","floor":28.0}],"player_experience":60957,"relics_obtained":[{"floor":7.0,"key":"Bottled Flame"}],"event_choices":[],"is_beta":false,"boss_relics":[{"not_picked":["Fusion Hammer","Coffee Dripper"],"picked":"Runic Pyramid"}],"items_purged_floors":[],"is_endless":false,"potions_floor_spawned":[3,5,9,12,15,16,19,22],"killed_by":"3 Cultists","ascension_level":0}}