{"host":"b1dzdo8uo7e6jx8g","time":1611874258,"event":{"mods":["AchievementEnabler","BaseMod","BetterRewards","Colored Map","Downfall","Highlight Path","Minty Spire (QoL Compilation)","StSLib"],"gold_per_floor":[114,114,39,214,214,239,239,268,268,268,287,301,301,301,301,401,401,420,435,525,234,234,234,248,59,133,146,165,193,206,219,219,219,219],"floor_reached":33,"language":"ENG","playtime":1020,"items_purged":["Regret"],"score":325,"play_id":"6db44eb5-48e6-49e4-a65c-7222dc3c3381","local_time":"20210128235058","is_ascension_mode":false,"campfire_choices":[{"data":"Neutralize","floor":7,"key":"SMITH"},{"floor":10,"key":"RECALL"},{"data":"Bane","floor":13,"key":"SMITH"},{"data":"Bullet Time","floor":15,"key":"SMITH"},{"floor":23,"key":"REST"},{"floor":32,"key":"REST"}],"circlet_count":0,"master_deck":["Strike_G","Strike_G","Strike_G","Strike_G","Defend_G","Defend_G","Defend_G","Survivor","Neutralize+1","Slice","Bullet Time+1","Bane+1","Poisoned Stab","Night Terror","Leg Sweep+1","Endless Agony+1","Dash+1","Madness","Outmaneuver","Poisoned Stab+1","Noxious Fumes","Terror","Catalyst"],"relics":["Ring of the Snake","NeowsBlessing","Bag of Preparation","Turnip","Snake Skull","Lizard Tail","Question Card","Astrolabe","Gremlin Horn","Matryoshka","TwistedFunnel","Art of War","Darkstone Periapt"],"acts_visited":["Exordium","TheCity"],"potions_floor_usage":[16,29,33,33,33],"damage_taken":[{"damage":0,"enemies":"Jaw Worm","floor":1,"turns":1},{"damage":0,"enemies":"Gremlin Nob","floor":6,"turns":1},{"damage":0,"enemies":"3 Sentries","floor":8,"turns":1},{"damage":0,"enemies":"Small Slimes","floor":11,"turns":2},{"damage":0,"enemies":"2 Louse","floor":12,"turns":3},{"damage":39,"enemies":"Hexaghost","floor":16,"turns":13},{"damage":7,"enemies":"2 Thieves","floor":18,"turns":4},{"damage":0,"enemies":"3 Byrds","floor":19,"turns":5},{"damage":11,"enemies":"Snake Plant","floor":24,"turns":4},{"damage":8,"enemies":"Sentry and Sphere","floor":27,"turns":6},{"damage":1,"enemies":"Centurion and Healer","floor":28,"turns":4},{"damage":46,"enemies":"Book of Stabbing","floor":29,"turns":6},{"damage":6,"enemies":"Snecko","floor":30,"turns":4},{"damage":18,"enemies":"Sentry and Sphere","floor":31,"turns":5},{"damage":47,"enemies":"Automaton","floor":33,"turns":6}],"seed_played":"3045719674108021538","potions_obtained":[{"floor":6,"key":"Swift Potion"},{"floor":8,"key":"Poison Potion"},{"floor":18,"key":"SteroidPotion"},{"floor":27,"key":"Ancient Potion"},{"floor":30,"key":"ColorlessPotion"}],"is_trial":false,"path_per_floor":["M","?","$","?","?","E","R","E","T","R","M","M","R","?","R","B",null,"M","M","?","$","T","R","M","$","T","M","M","E","M","M","R","B"],"character_chosen":"THE_SILENT","items_purchased":["Gremlin Horn","Outmaneuver","Noxious Fumes","TwistedFunnel"],"campfire_rested":2,"item_purchase_floors":[21,21,25,25],"current_hp_per_floor":[70,70,70,70,58,58,58,58,58,58,58,58,58,51,51,12,70,63,63,45,45,45,66,55,55,55,47,46,35,29,11,32,0,0],"gold":219,"neow_bonus":"THREE_ENEMY_KILL","is_daily":false,"chose_seed":false,"campfire_upgraded":3,"win_rate":0.0,"timestamp":1611874258,"path_taken":["M","?","$","?","?","E","R","E","T","R","M","M","R","?","R","BOSS","M","M","?","$","?","R","M","$","T","?","M","E","M","M","R","BOSS"],"items_purchased_type":["Relic","Card","Card","Relic"],"build_version":"2020-12-22","purchased_purges":1,"victory":false,"max_hp_per_floor":[70,70,70,70,70,70,70,70,70,70,70,70,70,70,70,70,70,70,70,70,70,70,70,70,70,70,70,70,70,70,70,70,70,70],"card_choices":[{"not_picked":["Dodge and Roll","Distraction"],"picked":"Slice","floor":1},{"not_picked":["PiercingWail","Slice"],"picked":"Bullet Time","floor":6},{"not_picked":["Dash","Acrobatics"],"picked":"Bane","floor":8},{"not_picked":["Cloak And Dagger","Masterful Stab","Bane"],"picked":"Poisoned Stab","floor":11},{"not_picked":["Dash","Well Laid Plans","Heel Hook","Escape Plan"],"picked":"SKIP","floor":12},{"not_picked":["Grand Finale","Bullet Time","Unload"],"picked":"Night Terror","floor":16},{"not_picked":["Slice","Flechettes","Quick Slash","Escape Plan+1"],"picked":"SKIP","floor":18},{"not_picked":["Backflip","Dodge and Roll","Flying Knee","Predator"],"picked":"SKIP","floor":19},{"not_picked":["Underhanded Strike+1","Outmaneuver","Skewer"],"picked":"Poisoned Stab+1","floor":24},{"not_picked":["Quick Slash","Dagger Throw","Skewer","Escape Plan"],"picked":"SKIP","floor":27},{"not_picked":["Dagger Spray+1","Calculated Gamble+1","Acrobatics"],"picked":"Terror","floor":28},{"not_picked":["Finisher","Masterful Stab","Prepared","Doppelganger"],"picked":"SKIP","floor":29},{"not_picked":["Heel Hook","Well Laid Plans","Terror"],"picked":"Catalyst","floor":30},{"not_picked":["Eviscerate","Blade Dance","Underhanded Strike+1","Dodge and Roll"],"picked":"SKIP","floor":31}],"player_experience":243977,"relics_obtained":[{"floor":6,"key":"Snake Skull"},{"floor":8,"key":"Lizard Tail"},{"floor":9,"key":"Question Card"},{"floor":22,"key":"Matryoshka"},{"floor":26,"key":"Art of War"},{"floor":29,"key":"Darkstone Periapt"}],"event_choices":[{"damage_healed":0,"gold_gain":0,"player_choice":"Box","damage_taken":0,"relics_obtained":["Bag of Preparation"],"max_hp_gain":0,"max_hp_loss":0,"event_name":"Big Fish","floor":2,"gold_loss":0,"cards_obtained":["Regret"]},{"damage_healed":0,"gold_gain":175,"player_choice":"AGREE","damage_taken":0,"max_hp_gain":0,"max_hp_loss":0,"event_name":"Liars Game","floor":4,"gold_loss":0,"cards_obtained":["Doubt"]},{"damage_healed":0,"gold_gain":0,"player_choice":"Success","damage_taken":12,"relics_obtained":["Turnip"],"max_hp_gain":0,"max_hp_loss":0,"event_name":"Scrap Ooze","floor":5,"gold_loss":0},{"cards_removed":["Doubt"],"damage_healed":0,"gold_gain":0,"player_choice":"Card Removal","damage_taken":7,"max_hp_gain":0,"max_hp_loss":0,"event_name":"Golden Wing","floor":14,"gold_loss":0},{"damage_healed":0,"gold_gain":90,"player_choice":"GOLD CARD ","damage_taken":18,"max_hp_gain":0,"max_hp_loss":0,"event_name":"Knowing Skull","floor":20,"potions_obtained":[],"gold_loss":0,"cards_obtained":["Madness"]}],"is_beta":false,"boss_relics":[{"not_picked":["Fusion Hammer","Coffee Dripper"],"picked":"Astrolabe"}],"items_purged_floors":[3],"is_endless":false,"potions_floor_spawned":[6,8,18,27,30],"killed_by":"Automaton","ascension_level":0}}