{"host":"ooe12lh8pgcirntb","time":1611800055,"event":{"mods":["AchievementEnabler","Act Like it!","BaseMod","Beaked The Cultist","Better Note","ChefMod","Colored Map","Colored Powertips","Downfall","Hallownest","Minty Spire (QoL Compilation)","StSLib","The Animator","The Bug Knight","The Disciple","The Hierophant","The Problem Sleuth"],"gold_per_floor":[115,115,43,43,54,54,69,89,89,14,14,28,28,44,44,141,141,161,85,97,110,123,123,52,52,126,146,66,78,78,91,91,191,191,204,204,204],"floor_reached":36,"language":"ENG","playtime":5409,"items_purged":[],"score":358,"play_id":"4886b8eb-f62a-4482-bba9-3fd6046708ac","local_time":"20210127211415","is_ascension_mode":false,"campfire_choices":[{"data":"HollowMod:InfectedCysts","floor":6,"key":"SMITH"},{"floor":15,"key":"REST"},{"data":"HollowMod:theNailsmith","floor":23,"key":"SMITH"},{"data":"HollowMod:MothsMistake","floor":25,"key":"SMITH"},{"data":"HollowMod:QuirrelsAssistance","floor":30,"key":"SMITH"},{"floor":32,"key":"REST"}],"circlet_count":0,"master_deck":["HollowMod:NailStrikeStart","HollowMod:NailStrikeStart","HollowMod:NailStrikeStart","HollowMod:NailStrikeStart","HollowMod:QuickDashStart","HollowMod:QuickDashStart","HollowMod:QuickDashStart","HollowMod:QuickDashStart","HollowMod:FocusHealStart","HollowMod:PogoStrike","HollowMod:TaintedHusks","HollowMod:CloakDash","HollowMod:MothsMistake+1","HollowMod:InfectedCysts+1","HollowMod:SoulShaman","HollowMod:QuirrelsAssistance+1","Hallownest:skillGreenpathMap","HollowMod:ChannelNail","HollowMod:BrokenVessel","HollowMod:CloakDash","HollowMod:theNailsmith+1","HollowMod:LifebloodCore","HollowMod:NewGlowingWomb","HollowMod:CloakDash+1","HollowMod:TaintedHusks","HollowMod:NewJinnsSoul","HollowMod:HuntersJournal","HollowMod:NewJinnsSoul+1","Hallownest:skillCityofTearsMap","HollowMod:ZotesMagnificence","HollowMod:HuntersJournal+1"],"relics":["HollowMod:VesselMask","Hallownest:DreamNailRelic","Prayer Wheel","Busted Crown","bronze:DecasWashers"],"acts_visited":["Exordium","Hallownest:Greenpath","Hallownest:CityofTears"],"potions_floor_usage":[16,33],"damage_taken":[{"damage":0,"enemies":"Hallownest:2_Tiktiks_and_1_Crawlid","floor":1,"turns":4},{"damage":0,"enemies":"Hallownest:2_MossCreeps","floor":5,"turns":5},{"damage":10,"enemies":"2_ Uuma","floor":7,"turns":3},{"damage":12,"enemies":"Hallownest:1_Ooma_and_2_Uuma","floor":8,"turns":5},{"damage":17,"enemies":"Hallownest:Guard_and_Warrior","floor":12,"turns":7},{"damage":0,"enemies":"Hallownest:monsterAspidMother","floor":14,"turns":3},{"damage":57,"enemies":"Hallownest:BossBrokenVessel","floor":16,"turns":7},{"damage":1,"enemies":"Hallownest:3_Youths","floor":18,"turns":5},{"damage":14,"enemies":"Hallownest:2_Mistakes","floor":20,"turns":7},{"damage":17,"enemies":"Hallownest:Master_and_Novice","floor":21,"turns":3},{"damage":0,"enemies":"Hallownest:Warrior_and_Youth","floor":22,"turns":5},{"damage":13,"enemies":"Hallownest:2_Husk_Sentries","floor":27,"turns":6},{"damage":1,"enemies":"Hallownest:2_Flukemon","floor":29,"turns":7},{"damage":0,"enemies":"Hallownest:monsterShrumalOgre","floor":31,"turns":4},{"damage":34,"enemies":"Hallownest:BossGrimm","floor":33,"turns":9},{"damage":28,"enemies":"Hallownest:Shield_Heavy","floor":35,"turns":6},{"damage":47,"enemies":"Hallownest:3_Siblings","floor":36,"turns":5}],"seed_played":"2853038138945974697","potions_obtained":[{"floor":1,"key":"Dexterity Potion"},{"floor":8,"key":"PowerPotion"},{"floor":12,"key":"sneckomod:MuddlingPotion"},{"floor":16,"key":"Dexterity Potion"},{"floor":18,"key":"EssenceOfSteel"},{"floor":33,"key":"PowerPotion"}],"is_trial":false,"path_per_floor":["M","?","$","?","M","R","M","M","T","?","$","M","?","M","R","B",null,"M","$","M","M","M","R","$","R","T","M","?","M","R","M","R","B",null,"M","M"],"character_chosen":"THE_BUGKNIGHT","items_purchased":["HollowMod:MothsMistake","HollowMod:NewGlowingWomb","HollowMod:HuntersJournal"],"campfire_rested":2,"item_purchase_floors":[3,19,24],"current_hp_per_floor":[75,66,66,66,66,66,62,56,56,56,56,45,45,45,67,16,75,74,74,66,55,55,55,55,55,55,42,42,41,41,41,63,29,75,47,0,0],"gold":204,"neow_bonus":"THREE_CARDS","is_daily":false,"chose_seed":false,"campfire_upgraded":4,"win_rate":0.0,"timestamp":1611800055,"path_taken":["M","?","$","?","?","R","M","M","T","?","?","M","?","M","R","BOSS","M","$","M","M","M","R","$","R","T","M","?","M","R","M","R","BOSS","M","M"],"items_purchased_type":["Card","Card","Card"],"build_version":"2020-12-22","purchased_purges":0,"victory":false,"max_hp_per_floor":[75,75,75,75,75,75,75,75,75,75,75,75,75,75,75,75,75,75,75,75,75,75,75,75,75,75,75,75,75,75,75,75,75,75,75,75,75],"card_choices":[{"not_picked":["HollowMod:FallenFury","HollowMod:LifebloodCocoon"],"picked":"HollowMod:TaintedHusks","floor":0},{"not_picked":["HollowMod:ShadowDash","HollowMod:CrystalDash"],"picked":"HollowMod:CloakDash","floor":1},{"not_picked":["HollowMod:AbyssShriek","HollowMod:HowlingWraiths"],"picked":"HollowMod:InfectedCysts","floor":5},{"not_picked":["HollowMod:PureNailStrike","HollowMod:GoodIntentions"],"picked":"HollowMod:SoulShaman","floor":7},{"not_picked":["HollowMod:DesolateDive","HollowMod:DoubleDash"],"picked":"HollowMod:QuirrelsAssistance","floor":8},{"not_picked":["HollowMod:MonarchWings","HollowMod:DoubleDash"],"picked":"HollowMod:ChannelNail","floor":12},{"not_picked":["HollowMod:SharpenedShadows","HollowMod:NewJinnsSoul"],"picked":"HollowMod:BrokenVessel","floor":12},{"not_picked":["HollowMod:LifebloodCocoon","HollowMod:SoulVessel"],"picked":"HollowMod:CloakDash","floor":14},{"not_picked":["HollowMod:WraithStrike","HollowMod:SharpenedShadows"],"picked":"HollowMod:theNailsmith","floor":14},{"not_picked":["HollowMod:theNailsmith","HollowMod:SoulMaster"],"picked":"HollowMod:LifebloodCore","floor":16},{"not_picked":["HollowMod:HowlingWraiths"],"picked":"SKIP","floor":18},{"not_picked":["HollowMod:VengefulSpirit"],"picked":"SKIP","floor":18},{"not_picked":[],"picked":"HollowMod:CloakDash+1","floor":20},{"not_picked":[],"picked":"HollowMod:TaintedHusks","floor":20},{"not_picked":["HollowMod:DesolateDive"],"picked":"SKIP","floor":21},{"not_picked":["HollowMod:DreamGate"],"picked":"SKIP","floor":21},{"not_picked":[],"picked":"HollowMod:NewJinnsSoul","floor":22},{"not_picked":["HollowMod:GoodIntentions"],"picked":"SKIP","floor":22},{"not_picked":[],"picked":"HollowMod:NewJinnsSoul+1","floor":27},{"not_picked":["HollowMod:HeavyBlow+1"],"picked":"SKIP","floor":27},{"not_picked":["HollowMod:CornifersMapStart"],"picked":"SKIP","floor":29},{"not_picked":["HollowMod:SharpenedNail"],"picked":"SKIP","floor":29},{"not_picked":["HollowMod:PureNailStrike"],"picked":"SKIP","floor":31},{"not_picked":["HollowMod:TaintedHusks"],"picked":"SKIP","floor":31},{"not_picked":[],"picked":"HollowMod:ZotesMagnificence","floor":33},{"not_picked":[],"picked":"HollowMod:HuntersJournal+1","floor":35},{"not_picked":["HollowMod:GoodIntentions+1"],"picked":"SKIP","floor":35}],"player_experience":787586,"relics_obtained":[{"floor":9,"key":"Prayer Wheel"},{"floor":26,"key":"bronze:DecasWashers"}],"event_choices":[],"is_beta":false,"boss_relics":[{"not_picked":["Philosopher\u0027s Stone","Empty Cage"],"picked":"Busted Crown"},{"not_picked":["HollowMod:VoidIdolRelic","Coffee Dripper","Cursed Key"]}],"items_purged_floors":[],"is_endless":false,"potions_floor_spawned":[1,8,12,16,18,31,33],"killed_by":"Hallownest:3_Siblings","ascension_level":0}}