{"host":"p7wlqws89nwjeoph","time":1611851088,"event":{"mods":["BaseMod","Bestiary","Colored Powertips","Downfall","Minty Spire (QoL Compilation)","Quick Restart","StSLib"],"gold_per_floor":[99,109,122,182,282,282,308,333,333,365,8,0,0,15,34,139,139,39,57,75,75,89,102,129,129,129,39,75,58,58,58,77,182,182,182,201,215,233,333,333,381,181,196,196,208,235,60,60,79,79,79,114,0,0,0,0],"floor_reached":57,"language":"RUS","playtime":4293,"items_purged":["hexamod:Strike","downfall:Icky"],"score":1307,"play_id":"48dab5ba-e030-463d-9397-94c537393230","local_time":"20210128192448","is_ascension_mode":false,"campfire_choices":[{"data":"hexamod:Sear","floor":1.0,"key":"SMITH"},{"data":"hexamod:ExtraCrispy","floor":6.0,"key":"SMITH"},{"floor":13.0,"key":"REST"},{"data":"hexamod:Toasty","floor":18,"key":"SMITH"},{"floor":25,"key":"REST"},{"data":"hexamod:VolcanoVisage","floor":35,"key":"SMITH"},{"floor":40,"key":"RECALL"},{"data":"expansioncontent:QuickStudy","floor":42,"key":"SMITH"},{"data":"expansioncontent:QuickStudy","floor":54,"key":"SMITH"}],"circlet_count":0,"master_deck":["hexamod:Strike","hexamod:Strike","hexamod:Strike","hexamod:Defend","hexamod:Defend","hexamod:Defend","hexamod:Defend","hexamod:Sear+1","hexamod:BurningTouch","hexamod:SkipABeat","hexamod:ExtraCrispy+1","hexamod:Haunt","hexamod:BacktrackSmack","hexamod:RainOfEmbers","hexamod:SoulSteal","hexamod:SecondSeal","hexamod:ThermalTransfer","hexamod:SpectralSpark","hexamod:Toasty+1","hexamod:AdvancingGuard","hexamod:SpectralSpark+1","hexamod:PhantomFireball","hexamod:HeatMetal","RitualDagger+1","hexamod:RecurringNightmare+1","hexamod:BurningTouch","hexamod:GhostLash+1","hexamod:Hexaguard","expansioncontent:QuickStudy+1","hexamod:InspiringFlames","hexamod:VolcanoVisage+1","CurseOfTheBell","hexamod:ShieldOfDarkness","hexamod:EmpoweredFlame+1","hexamod:SuperheatedStrike+1","hexamod:Sear","hexamod:GhostLash","hexamod:Rewind","hexamod:HexaLevel","Jack Of All Trades","hexamod:NecessarySacrifice","hexamod:SuperheatedStrike+1","expansioncontent:QuickStudy+1","hexamod:Hexaguard+1"],"relics":["hexamod:SpiritBrand","Smiling Mask","Bronze Scales","champ:DeflectingBracers","Peace Pipe","ClockworkSouvenir","bronze:MakeshiftBattery","downfall:HeartBlessingGreen","Tiny Chest","Bag of Marbles","Regal Pillow","Slimebound:PreparedRelic","Calling Bell","Oddly Smooth Stone","The Courier","WingedGreaves","downfall:GremlinSack","downfall:HeartBlessingRed","downfall:HeartBlessingBlue","White Beast Statue","HandDrill","Strawberry","hexamod:BolsterEngine"],"acts_visited":["Exordium","TheCity","TheBeyond","TheEnding"],"potions_floor_usage":[16,28,28,29,33,43,43,45,45,46,50,50],"damage_taken":[{"damage":0.0,"enemies":"2 Louse","floor":2.0,"turns":3.0},{"damage":1.0,"enemies":"Jaw Worm","floor":3.0,"turns":3.0},{"damage":8.0,"enemies":"Gremlin Nob","floor":4.0,"turns":3.0},{"damage":17.0,"enemies":"Lagavulin","floor":8.0,"turns":6.0},{"damage":13.0,"enemies":"Gremlin Nob","floor":10.0,"turns":3.0},{"damage":0.0,"enemies":"downfall:FleeingMerchant","floor":11.0,"turns":4.0},{"damage":0.0,"enemies":"Small Slimes","floor":14.0,"turns":3.0},{"damage":9,"enemies":"Gremlin Gang","floor":15,"turns":4},{"damage":51,"enemies":"DF_ARCHETYPE_STREAMLINE","floor":16,"turns":9},{"damage":0,"enemies":"3 Byrds","floor":19,"turns":3},{"damage":0,"enemies":"Snecko","floor":20,"turns":3},{"damage":27,"enemies":"Snake Plant","floor":22,"turns":3},{"damage":3,"enemies":"Centurion and Healer","floor":23,"turns":2},{"damage":4,"enemies":"downfall:FleeingMerchant","floor":27,"turns":4},{"damage":34,"enemies":"Slavers","floor":28,"turns":4},{"damage":3,"enemies":"downfall:FleeingMerchant","floor":29,"turns":3},{"damage":7,"enemies":"3 Cultists","floor":32,"turns":4},{"damage":47,"enemies":"SI_MIRROR_ARCHETYPE","floor":33,"turns":7},{"damage":3,"enemies":"3 Darklings","floor":36,"turns":3},{"damage":0,"enemies":"Orb Walker","floor":37,"turns":3},{"damage":15,"enemies":"4 Shapes","floor":38,"turns":4},{"damage":3,"enemies":"4 Shapes","floor":39,"turns":3},{"damage":0,"enemies":"Maw","floor":43,"turns":6},{"damage":69,"enemies":"Transient","floor":45,"turns":5},{"damage":9,"enemies":"4 Shapes","floor":46,"turns":3},{"damage":5,"enemies":"Sphere and 2 Shapes","floor":49,"turns":3},{"damage":150,"enemies":"WA_ARCHETYPE_DIVINITY","floor":50,"turns":10},{"damage":8,"enemies":"downfall:CharBossMerchant","floor":52,"turns":3},{"damage":0,"enemies":"downfall:NeowBoss","floor":55,"turns":3},{"damage":0,"enemies":"downfall:NeowBossFinal","floor":56,"turns":3}],"seed_played":"-8357932456874156463","potions_obtained":[{"floor":3.0,"key":"Fire Potion"},{"floor":8.0,"key":"DuplicationPotion"},{"floor":10.0,"key":"FearPotion"},{"floor":20,"key":"Regen Potion"},{"floor":26,"key":"CultistPotion"},{"floor":28,"key":"SkillPotion"},{"floor":33,"key":"EssenceOfSteel"},{"floor":38,"key":"ColorlessPotion"},{"floor":39,"key":"SkillPotion"},{"floor":43,"key":"Regen Potion"},{"floor":45,"key":"hexamod:InfernoChargePotion"},{"floor":46,"key":"DuplicationPotion"},{"floor":49,"key":"DistilledChaos"},{"floor":52,"key":"SmokeBomb"}],"is_trial":false,"path_per_floor":["R","M","M","?","?","R","T","E","?","E","$","?","R","M","M","B",null,"R","M","M","?","M","M","T","R","?","$","E","$","?","T","M","B",null,"R","M","M","M","?","R","T","R","M","T","M","M","$","?","M","B",null,"E","$","R","B","B",null],"character_chosen":"THE_SPIRIT","items_purchased":["hexamod:RainOfEmbers","hexamod:SoulSteal","ClockworkSouvenir","Guardian:BlockOnCardUsePotion","hexamod:Hexaguard","expansioncontent:QuickStudy","Regal Pillow","HandDrill","hexamod:BolsterEngine"],"campfire_rested":2,"item_purchase_floors":[11,11,11,27,29,29,29,47,53],"current_hp_per_floor":[77,77,76,68,68,68,68,51,51,38,38,38,61,61,52,1,77,77,77,77,77,50,47,47,70,70,66,46,43,43,43,36,10,77,77,74,74,59,56,56,56,66,66,66,12,78,78,78,73,5,87,86,86,86,86,86],"gold":0,"neow_bonus":"TEN_PERCENT_HP_BONUS","is_daily":false,"chose_seed":false,"campfire_upgraded":6,"win_rate":0.0,"timestamp":1611851088,"path_taken":["R","M","M","?","?","R","T","E","?","E","?","?","R","?","M","BOSS","R","M","M","?","M","?","T","R","?","?","E","$","?","?","M","BOSS","R","M","M","?","?","R","T","R","?","?","?","?","$","?","M","BOSS","E","$","R","BOSS","BOSS"],"items_purchased_type":["Card","Card","Relic","Potion","Card","Card","Relic","Relic","Relic"],"build_version":"2020-12-22","purchased_purges":2,"victory":true,"max_hp_per_floor":[77,77,77,77,77,77,77,77,77,77,77,77,77,77,77,77,77,77,77,77,77,77,77,77,77,77,77,77,77,77,77,77,77,77,77,77,77,77,77,77,77,87,87,87,87,87,87,87,87,87,87,94,94,94,94,94],"card_choices":[{"not_picked":["hexamod:AdvancingGuard","hexamod:RadiantFlame"],"picked":"hexamod:BurningTouch","floor":2.0},{"not_picked":["hexamod:SwordOfDarkness","hexamod:FastForward"],"picked":"hexamod:SkipABeat","floor":3.0},{"not_picked":["hexamod:SwordOfDarkness","hexamod:FourthSeal"],"picked":"hexamod:ExtraCrispy","floor":4.0},{"not_picked":["hexamod:SwordOfDarkness","hexamod:ShieldOfDarkness"],"picked":"hexamod:Haunt","floor":8.0},{"not_picked":["hexamod:Hexaguard","hexamod:UnleashSpirits"],"picked":"hexamod:BacktrackSmack","floor":10.0},{"not_picked":["hexamod:NightmareStrike","hexamod:UnlimitedPower","hexamod:GhostOfSpireFuture"],"picked":"SKIP","floor":11.0},{"not_picked":["hexamod:ShieldOfDarkness","hexamod:FastForward"],"picked":"hexamod:ThermalTransfer","floor":14.0},{"not_picked":["hexamod:BacktrackSmack","hexamod:SwordOfDarkness"],"picked":"hexamod:SpectralSpark","floor":15},{"not_picked":["hexamod:TimeOfNeed","hexamod:FifthSeal"],"picked":"hexamod:Toasty","floor":16},{"not_picked":["hexamod:RadiantFlame","hexamod:NightmareStrike"],"picked":"hexamod:AdvancingGuard","floor":19},{"not_picked":["hexamod:RainOfEmbers","hexamod:Hexaguard"],"picked":"hexamod:SpectralSpark+1","floor":20},{"not_picked":["hexamod:NecessarySacrifice+1","hexamod:SecondSeal"],"picked":"hexamod:PhantomFireball","floor":22},{"not_picked":["hexamod:HauntingEcho","hexamod:FlamesFromBeyond"],"picked":"hexamod:HeatMetal","floor":23},{"not_picked":["hexamod:NightmareStrike","hexamod:EtherealExpedition"],"picked":"hexamod:RecurringNightmare+1","floor":27},{"not_picked":["hexamod:Haunt+1","hexamod:HauntingEcho"],"picked":"hexamod:BurningTouch","floor":28},{"not_picked":["hexamod:ApocalypticArmor","hexamod:FirstSeal"],"picked":"hexamod:GhostLash+1","floor":29},{"not_picked":["hexamod:Firestarter","hexamod:PowerFromBeyond"],"picked":"hexamod:InspiringFlames","floor":32},{"not_picked":["hexamod:Toasty","hexamod:FlameSwitch"],"picked":"hexamod:VolcanoVisage","floor":33},{"not_picked":["hexamod:FlamesFromBeyond","hexamod:InspiringFlames"],"picked":"hexamod:ShieldOfDarkness","floor":36},{"not_picked":["hexamod:BurningTouch","hexamod:EtherealExpedition"],"picked":"hexamod:EmpoweredFlame+1","floor":37},{"not_picked":["hexamod:WildfireWeapon","hexamod:ThermalTransfer+1"],"picked":"hexamod:SuperheatedStrike+1","floor":38},{"not_picked":["hexamod:FastForward+1","hexamod:RainOfEmbers"],"picked":"hexamod:NecessarySacrifice","floor":39},{"not_picked":["hexamod:ShieldOfDarkness+1","hexamod:SpectersWail","hexamod:BurningTouch"],"picked":"SKIP","floor":43},{"not_picked":["hexamod:SoulSteal","hexamod:SpectralAdrenaline+1","hexamod:GhostOfSpirePast"],"picked":"SKIP","floor":45},{"not_picked":["hexamod:FastForward","hexamod:PhantomFireball"],"picked":"hexamod:SuperheatedStrike+1","floor":46},{"not_picked":["expansioncontent:PrepareCrush","expansioncontent:PolyBeam"],"picked":"expansioncontent:QuickStudy","floor":48},{"not_picked":["hexamod:Again","hexamod:ThermalTransfer+1"],"picked":"hexamod:Hexaguard+1","floor":49},{"not_picked":["hexamod:FlamesFromBeyond","hexamod:BacktrackSmack+1","hexamod:ThirdSeal"],"picked":"SKIP","floor":52}],"player_experience":298326,"relics_obtained":[{"floor":7.0,"key":"Bronze Scales"},{"floor":8.0,"key":"champ:DeflectingBracers"},{"floor":10.0,"key":"Peace Pipe"},{"floor":24,"key":"Tiny Chest"},{"floor":28,"key":"Bag of Marbles"},{"floor":31,"key":"Slimebound:PreparedRelic"},{"floor":34,"key":"Oddly Smooth Stone"},{"floor":34,"key":"The Courier"},{"floor":34,"key":"WingedGreaves"},{"floor":39,"key":"downfall:GremlinSack"},{"floor":44,"key":"White Beast Statue"},{"floor":52,"key":"Strawberry"}],"event_choices":[],"is_beta":false,"boss_relics":[{"not_picked":["SacredBark","Empty Cage"],"picked":"bronze:MakeshiftBattery"},{"not_picked":["Cursed Key","hexamod:IceCube"],"picked":"Calling Bell"}],"items_purged_floors":[11,47],"is_endless":false,"potions_floor_spawned":[3,8,10,20,28,33,38,39,43,45,46,49,52],"ascension_level":0}}