{"host":"emut9mh212kd9b86","time":1611808191,"event":{"mods":["ATMod(°¢èªMod)","Act Like it!","Arknights The Spire","BaseMod","Lobotomy","Minty Spire (QoL Compilation)","MostiFishMod","Shop Mod","Spicy Shops","StSLib","TestMod","¡¾ÒÅÎï¿¨ÅÆ¡¿REMEMod"],"gold_per_floor":[110,35,55,97,107,135,135,135,135,179,179,214,214,59,59,190,190,241,254,86,107,107,142,167,200,268,268,292,292,292,325,325,453,453,476,706,0,333,344,370,370,386,386,420,420,440,465,483,483,583,583,583,671,903,1003],"floor_reached":56,"language":"ZHS","playtime":1996,"items_purged":["ats:Strike V","ats:Strike S","ats:Strike G","ats:Strike C","AT_EmpoweredMortalDraw","ats:Defend","ats:Defend"],"score":2209,"play_id":"0d60977c-18a0-46d1-a25a-3578f4876b10","local_time":"20210128122951","is_ascension_mode":true,"campfire_choices":[{"data":"HalloweenModCandy","floor":11,"key":"SMITH"},{"data":"ats:Emotion Absorption","floor":13,"key":"SMITH"},{"floor":15,"key":"REST"},{"floor":29,"key":"RECALL"},{"data":"ats:Armor Crushing Shot","floor":32,"key":"SMITH"},{"data":"ats:Defend","floor":41,"key":"SMITH"},{"data":"ats:Defend","floor":45,"key":"SMITH"},{"data":"HalloweenModTrick","floor":49,"key":"SMITH"},{"data":"HalloweenModTrick","floor":52,"key":"SMITH"}],"circlet_count":0,"master_deck":["ats:Armor Crushing Shot+1","ats:Defend+1","ats:Defend+1","ats:Emotion Absorption+1","Secret Technique","HalloweenModCandy+1","HalloweenModTrick+1","HalloweenModTrick+1","HalloweenModTrick+1","HalloweenModTrick+1","HalloweenModTrick","HalloweenModTrick","HalloweenModTrick","HalloweenModTrick","HalloweenModTrick","ats:Soul Absorption+1","HalloweenModTrick","Master of Strategy+1","MostiFishMod:ForestofLight+1","HalloweenModTrick+1","HalloweenModTrick+1","HalloweenModTrick","HalloweenModTrick+1","HalloweenModTrick+1","HalloweenModTrick+1","HalloweenModTrick","HalloweenModTrick+1"],"relics":["ats:Sanity","testmod-TestBox","DaveBox","AT_ATBox","REME_ComplimentaryCards","White Beast Statue","HalloweenModHalloween","Blue Candle","CogitoBucket","ats:Originium","Toxic Egg 2","Sundial","AT_Kusabimaru","MerchantsRug","testmod-Antiphasic","ats:Omniscience","AspirationHeart","Lantern","ats:Rhine Circuitry","AT_RedNoBalance","AT_BellowingDragoncrestRing","ChangeAnything","AT_RedTearstoneRing","Mercury Hourglass","testmod-CyclicPeriapt","testmod-BatchProcessingSystem","ats:Spiritual Recovery","Akabeko","Medical Kit","Mummified Hand","MetatronsCube","Red Mask","testmod-ArcanaOfDestiny","AtMidnight","HellTrain","StoneCalendar","Vajra","AT_TheCollector","AT_RabadonDeathcap","ats:Attack","ats:Cure","Orichalcum","Nunchaku"],"acts_visited":["Exordium","TheCity","TheBeyond","TheEnding"],"potions_floor_usage":[4,12,18,25,25,28],"damage_taken":[{"damage":0,"enemies":"Cultist","floor":1,"turns":3},{"damage":14,"enemies":"2 Louse","floor":3,"turns":3},{"damage":2,"enemies":"Jaw Worm","floor":4,"turns":5},{"damage":0,"enemies":"2 Fungi Beasts","floor":5,"turns":3},{"damage":37,"enemies":"Gremlin Nob","floor":6,"turns":5},{"damage":5,"enemies":"3 Sentries","floor":10,"turns":2},{"damage":4,"enemies":"Lagavulin","floor":12,"turns":6},{"damage":14,"enemies":"Slime Boss","floor":16,"turns":5},{"damage":0,"enemies":"2 Thieves","floor":18,"turns":2},{"damage":0,"enemies":"3 Byrds","floor":19,"turns":3},{"damage":0,"enemies":"Centurion and Healer","floor":21,"turns":4},{"damage":6,"enemies":"Gremlin Leader","floor":23,"turns":5},{"damage":36,"enemies":"Shelled Parasite and Fungi","floor":24,"turns":5},{"damage":30,"enemies":"Slavers","floor":25,"turns":4},{"damage":2,"enemies":"3 Cultists","floor":28,"turns":4},{"damage":0,"enemies":"Gremlin Leader","floor":31,"turns":3},{"damage":24,"enemies":"Automaton","floor":33,"turns":5},{"damage":0,"enemies":"3 Shapes","floor":35,"turns":1},{"damage":0,"enemies":"3 Darklings","floor":39,"turns":1},{"damage":0,"enemies":"Reptomancer","floor":40,"turns":1},{"damage":0,"enemies":"Jaw Worm Horde","floor":42,"turns":1},{"damage":0,"enemies":"Nemesis","floor":44,"turns":1},{"damage":0,"enemies":"Spire Growth","floor":46,"turns":1},{"damage":0,"enemies":"Reptomancer","floor":47,"turns":1},{"damage":0,"enemies":"4 Shapes","floor":48,"turns":1},{"damage":0,"enemies":"Donu and Deca","floor":50,"turns":1},{"damage":0,"enemies":"Shield and Spear","floor":54,"turns":2},{"damage":4,"enemies":"The Heart","floor":55,"turns":2}],"seed_played":"-2863251977008168540","potions_obtained":[{"floor":1,"key":"REME_GoldPotion"},{"floor":3,"key":"FairyPotion"},{"floor":4,"key":"SmokeBomb"},{"floor":5,"key":"Block Potion"},{"floor":12,"key":"CultistPotion"},{"floor":16,"key":"REME_GoldPotion"},{"floor":18,"key":"DistilledChaos"},{"floor":19,"key":"Weak Potion"},{"floor":21,"key":"Dexterity Potion"},{"floor":23,"key":"Fire Potion"},{"floor":24,"key":"Swift Potion"},{"floor":25,"key":"Block Potion"},{"floor":28,"key":"testmod-EscapePotion"},{"floor":31,"key":"Ancient Potion"},{"floor":39,"key":"SteroidPotion"},{"floor":40,"key":"Strength Potion"},{"floor":42,"key":"AttackPotion"},{"floor":54,"key":"GamblersBrew"}],"is_trial":false,"path_per_floor":["M","$","M","M","M","E","T","?","T","E","R","E","R","$","R","B",null,"M","M","$","M","?","E","M","E","T","?","M","R","$","E","R","B",null,"M","$","?","?","M","E","R","M","T","E","R","M","E","M","R","B",null,"R","$","E","B",null],"character_chosen":"DOCTOR_CLASS","items_purchased":["MerchantsRug","testmod-Antiphasic","DiscerningMonocle","Lantern","Strawberry","ats:Soul Absorption+1","ats:Rhine Circuitry","Regen Potion","Ancient Potion","LiquidBronze","SteroidPotion","Orrery","Lee\u0027s Waffle","AT_RedTearstoneRing","Technique","Mercury Hourglass","Master of Strategy+1","ats:Spiritual Recovery","Akabeko","Medical Kit","Mummified Hand","MostiFishMod:ForestofLight+1","MetatronsCube","AT_RabadonDeathcap","ats:Attack","ats:Cure","Orichalcum"],"campfire_rested":1,"item_purchase_floors":[14,14,20,20,20,20,20,20,20,20,20,20,30,30,30,30,30,36,36,36,36,36,36,53,53,53,53],"current_hp_per_floor":[65,65,55,65,69,36,36,18,18,13,13,17,17,17,38,32,62,76,76,83,89,89,83,8,14,14,5,46,46,89,48,48,28,74,78,78,78,78,78,82,82,82,82,82,82,82,82,82,82,86,88,88,88,89,85],"gold":1003,"neow_bonus":"","is_daily":false,"chose_seed":false,"campfire_upgraded":7,"win_rate":0.0,"timestamp":1611808191,"path_taken":["M","$","M","M","M","E","?","?","T","E","R","E","R","$","R","BOSS","M","M","$","M","?","E","M","E","T","?","?","R","$","E","R","BOSS","M","$","?","?","M","E","R","M","T","E","R","M","E","M","R","BOSS","R","$","E","BOSS"],"items_purchased_type":["Relic","Relic","Relic","Card","Relic","Card","Relic","Potion","Potion","Potion","Potion","Relic","Relic","Relic","Relic","Relic","Card","Relic","Relic","Relic","Relic","Card","Relic","Relic","Relic","Relic","Relic"],"build_version":"2020-12-22","purchased_purges":7,"victory":true,"max_hp_per_floor":[72,72,72,72,72,72,72,72,72,72,72,72,72,72,72,72,72,82,82,89,89,89,89,89,89,89,89,89,89,89,89,89,89,89,89,89,89,89,89,89,89,89,89,89,89,89,89,89,89,89,89,89,89,89,89],"card_choices":[{"not_picked":["HalloweenModTrick","HalloweenModGhostCostume"],"picked":"HalloweenModCandy","floor":1},{"not_picked":["HalloweenModCandy","HalloweenModGhostCostume"],"picked":"HalloweenModTrick","floor":3},{"not_picked":["HalloweenModGhostCostume","HalloweenModCandy"],"picked":"HalloweenModTrick","floor":4},{"not_picked":["HalloweenModGhostCostume","HalloweenModCandy"],"picked":"HalloweenModTrick","floor":5},{"not_picked":["HalloweenModGhostCostume","HalloweenModCandy"],"picked":"HalloweenModTrick","floor":6},{"not_picked":["HalloweenModGhostCostume","HalloweenModCandy+1"],"picked":"HalloweenModTrick","floor":10},{"not_picked":["HalloweenModCandy+1","HalloweenModGhostCostume"],"picked":"HalloweenModTrick","floor":12},{"not_picked":["HalloweenModGhostCostume","HalloweenModCandy+1"],"picked":"HalloweenModTrick","floor":16},{"not_picked":["HalloweenModCandy+1","HalloweenModGhostCostume"],"picked":"HalloweenModTrick","floor":18},{"not_picked":["HalloweenModGhostCostume","HalloweenModCandy+1"],"picked":"HalloweenModTrick","floor":19},{"not_picked":["HalloweenModGhostCostume","HalloweenModCandy+1"],"picked":"HalloweenModTrick","floor":21},{"not_picked":["HalloweenModCandy+1","HalloweenModGhostCostume","HalloweenModTrick"],"picked":"SKIP","floor":23},{"not_picked":["HalloweenModCandy+1","HalloweenModTrick","HalloweenModGhostCostume"],"picked":"SKIP","floor":24},{"not_picked":["HalloweenModCandy+1","HalloweenModGhostCostume","HalloweenModTrick"],"picked":"SKIP","floor":25},{"not_picked":["HalloweenModTrick+1","HalloweenModCandy+1","HalloweenModGhostCostume+1"],"picked":"SKIP","floor":28},{"not_picked":["HalloweenModCandy+1","HalloweenModGhostCostume","HalloweenModTrick"],"picked":"SKIP","floor":31},{"not_picked":["HalloweenModGhostCostume+1","HalloweenModTrick","HalloweenModCandy+1"],"picked":"SKIP","floor":35},{"not_picked":["HalloweenModCandy+1","HalloweenModGhostCostume"],"picked":"HalloweenModTrick+1","floor":39},{"not_picked":["HalloweenModCandy+1","HalloweenModGhostCostume"],"picked":"HalloweenModTrick+1","floor":40},{"not_picked":["HalloweenModGhostCostume","HalloweenModCandy+1"],"picked":"HalloweenModTrick","floor":42},{"not_picked":["HalloweenModGhostCostume","HalloweenModCandy+1"],"picked":"HalloweenModTrick+1","floor":44},{"not_picked":["HalloweenModGhostCostume","HalloweenModCandy+1"],"picked":"HalloweenModTrick+1","floor":46},{"not_picked":["HalloweenModGhostCostume","HalloweenModCandy+1"],"picked":"HalloweenModTrick+1","floor":47},{"not_picked":["HalloweenModGhostCostume","HalloweenModCandy+1"],"picked":"HalloweenModTrick","floor":48},{"not_picked":["HalloweenModGhostCostume+1","HalloweenModCandy+1"],"picked":"HalloweenModTrick+1","floor":54}],"player_experience":348287,"relics_obtained":[{"floor":6,"key":"ats:Originium"},{"floor":6,"key":"ats:Bonebreaker"},{"floor":7,"key":"Toxic Egg 2"},{"floor":10,"key":"ats:Originium"},{"floor":10,"key":"Sundial"},{"floor":12,"key":"ats:Originium"},{"floor":12,"key":"AT_Kusabimaru"},{"floor":23,"key":"ats:Originium"},{"floor":23,"key":"AT_SilverBalance"},{"floor":25,"key":"AT_BellowingDragoncrestRing"},{"floor":26,"key":"testmod-BalancedPeriapt"},{"floor":31,"key":"testmod-CyclicPeriapt"},{"floor":40,"key":"testmod-ArcanaOfDestiny"},{"floor":42,"key":"AtMidnight"},{"floor":43,"key":"StoneCalendar"},{"floor":44,"key":"Vajra"},{"floor":47,"key":"AT_TheCollector"},{"floor":54,"key":"Nunchaku"}],"event_choices":[{"damage_healed":0,"gold_gain":0,"player_choice":"Take Damage","damage_taken":18,"relics_obtained":["Golden Idol"],"max_hp_gain":0,"max_hp_loss":0,"event_name":"Golden Idol","floor":8,"gold_loss":0},{"damage_healed":0,"gold_gain":0,"player_choice":"Ignored","damage_taken":0,"max_hp_gain":0,"max_hp_loss":0,"event_name":"Ghosts","floor":22,"gold_loss":0},{"damage_healed":0,"gold_gain":0,"player_choice":"Stopped","damage_taken":9,"max_hp_gain":0,"max_hp_loss":0,"event_name":"Cursed Tome","floor":27,"gold_loss":0},{"damage_healed":0,"gold_gain":0,"player_choice":"Paid","damage_taken":0,"relics_obtained":["Red Mask"],"max_hp_gain":0,"max_hp_loss":0,"event_name":"Tomb of Lord Red Mask","floor":37,"gold_loss":706},{"damage_healed":0,"gold_gain":333,"player_choice":"Gave Idol","damage_taken":0,"max_hp_gain":0,"max_hp_loss":0,"event_name":"The Moai Head","floor":38,"relics_lost":["Golden Idol"],"gold_loss":0}],"is_beta":false,"boss_relics":[{"not_picked":["MostiFishMod:Hod","testmod-NegativeEmotionEnhancer"],"picked":"ats:Omniscience"},{"not_picked":["SlaversCollar","Calling Bell"],"picked":"testmod-BatchProcessingSystem"}],"items_purged_floors":[2,14,20,20,30,36,53],"is_endless":false,"potions_floor_spawned":[1,3,4,5,6,10,12,16,18,19,21,23,24,25,28,31,33,35,39,40,42,44,46,47,48,54],"ascension_level":9}}