{"host":"6qx28v6zmz7ytl2v","time":1611833302,"event":{"mods":["BaseMod","Minty Spire (QoL Compilation)","Quick Restart","Replay The Spire","Shop Mod","StSLib","The Cursed","The Runesmith"],"gold_per_floor":[415,365,365,365,92,92,192,210,210,230,250,60,6,6,6,108,108,124,49,49,49,0,0,10,10,10,10,10,25,25,25,25,124,124,124],"floor_reached":34,"language":"ZHS","playtime":1139,"items_purged":["Runesmith:Strike_RS"],"score":334,"play_id":"de7ac624-65da-4b35-be13-bcdec6fe7146","local_time":"20210128192822","daily_mods":["Vintage","Heirloom","Time Dilation","Flight"],"is_ascension_mode":false,"campfire_choices":[{"data":"Runesmith:Grindstone","floor":6,"key":"SMITH"},{"floor":15,"key":"DIG"},{"data":"Runesmith:CraftFirestone","floor":23,"key":"SMITH"},{"data":"Runesmith:Permafrost","floor":25,"key":"SMITH"},{"data":"Runesmith:FrozenChisel","floor":27,"key":"SMITH"},{"data":"Runesmith:BackupBattery+1","floor":30,"key":"SMITH"},{"floor":32,"key":"DIG"}],"circlet_count":0,"master_deck":["Runesmith:CraftFirestone+1","Runesmith:Empowerment+1","Runesmith:Permafrost+1","Runesmith:Grindstone+1","Runesmith:Terraform+1","Runesmith:CraftMagma+1","Runesmith:LithiumIon+1","Runesmith:LithiumIon+1","Runesmith:CraftPrismatica+1","Runesmith:BackupBattery","Runesmith:DuctTape+1","Runesmith:FrozenChisel+1","Runesmith:BackupBattery+2","Runesmith:UnlimitedPower+1"],"relics":["Runesmith:BrokenRuby","Old Coin","Bronze Scales","Golden Egg","Bottled Tornado","Replay:Bottled Eggs","ReplayTheSpireMod:TigerMarble","Happy Flower","Chameleon Ring","Iron Hammer","Pandora\u0027s Box","PreservedInsect","StrikeDummy","Vajra","Centennial Puzzle","The Courier","Astrolabe"],"acts_visited":["Exordium","TheCity"],"potions_floor_usage":[16,33],"damage_taken":[{"damage":5,"enemies":"2 Louse","floor":1,"turns":3},{"damage":0,"enemies":"Small Slimes","floor":8,"turns":3},{"damage":0,"enemies":"Cultist","floor":10,"turns":4},{"damage":7,"enemies":"Red Slaver","floor":11,"turns":5},{"damage":15,"enemies":"Hexaghost","floor":16,"turns":6},{"damage":15,"enemies":"Shell Parasite","floor":18,"turns":4},{"damage":3,"enemies":"Spheric Guardian","floor":24,"turns":4},{"damage":9,"enemies":"Snake Plant","floor":29,"turns":3},{"damage":12,"enemies":"Collector","floor":33,"turns":6}],"seed_played":"483126471760378985","potions_obtained":[{"floor":1,"key":"SkillPotion"},{"floor":10,"key":"Elixir"},{"floor":16,"key":"Strength Potion"}],"is_trial":true,"path_per_floor":["M","?","?","?","$","R","?","M","T","M","M","$","$","T","R","B",null,"M","?","?","?","$","R","M","R","T","R","$","M","R","?","R","B",null],"character_chosen":"RUNESMITH_CLASS","items_purchased":["Runesmith:Permafrost","Runesmith:Grindstone","Runesmith:Terraform","Runesmith:CraftMagma","Happy Flower","Runesmith:LithiumIon","Runesmith:BackupBattery"],"campfire_rested":0,"item_purchase_floors":[5,5,5,12,12,13,22],"current_hp_per_floor":[65,65,65,65,65,65,65,65,65,65,58,58,58,58,58,43,70,55,55,55,55,55,55,52,52,52,52,52,43,43,70,70,58,58,58],"gold":124,"neow_bonus":"","is_daily":false,"chose_seed":false,"campfire_upgraded":5,"win_rate":0.0,"timestamp":1611833302,"path_taken":["M","?","?","?","$","R","?","M","T","?","M","$","$","?","R","BOSS","M","?","?","?","?","R","?","R","T","R","$","M","R","?","R","BOSS"],"items_purchased_type":["Card","Card","Card","Card","Relic","Card","Card"],"build_version":"2020-12-22","purchased_purges":1,"victory":false,"max_hp_per_floor":[70,70,70,70,70,70,70,70,70,70,70,70,70,70,70,70,70,70,70,70,70,70,70,70,70,70,70,70,70,70,70,70,70,70,70],"card_choices":[{"not_picked":["Runesmith:FissionHammer","Runesmith:Duplicate"],"picked":"Runesmith:CraftPrismatica","floor":16},{"not_picked":["Runesmith:DuctTape","Runesmith:MetallurgicalResearch"],"picked":"Runesmith:UnlimitedPower","floor":33}],"player_experience":99258,"relics_obtained":[{"floor":1,"key":"Bronze Scales"},{"floor":8,"key":"Golden Egg"},{"floor":9,"key":"Bottled Tornado"},{"floor":10,"key":"Replay:Bottled Eggs"},{"floor":11,"key":"ReplayTheSpireMod:TigerMarble"},{"floor":14,"key":"Chameleon Ring"},{"floor":15,"key":"Iron Hammer"},{"floor":18,"key":"PreservedInsect"},{"floor":24,"key":"StrikeDummy"},{"floor":26,"key":"Vajra"},{"floor":29,"key":"Centennial Puzzle"},{"floor":32,"key":"The Courier"}],"event_choices":[{"cards_removed":["Runesmith:Strike_RS"],"damage_healed":0,"gold_gain":0,"player_choice":"Card Removal","damage_taken":0,"max_hp_gain":0,"max_hp_loss":0,"event_name":"The Cleric","floor":2,"gold_loss":50},{"cards_removed":["Runesmith:Defend_RS"],"damage_healed":0,"gold_gain":0,"player_choice":"Forget","damage_taken":0,"max_hp_gain":0,"max_hp_loss":0,"event_name":"Living Wall","floor":3,"gold_loss":0},{"damage_healed":0,"gold_gain":100,"player_choice":"Gold","damage_taken":0,"max_hp_gain":0,"max_hp_loss":0,"event_name":"Wheel of Change","floor":7,"gold_loss":0},{"cards_removed":["Runesmith:Electrocute"],"damage_healed":0,"gold_gain":0,"player_choice":"Gave Gold","damage_taken":0,"max_hp_gain":0,"max_hp_loss":0,"event_name":"Beggar","floor":19,"gold_loss":75},{"damage_healed":0,"gold_gain":0,"player_choice":"Ignored","damage_taken":0,"max_hp_gain":0,"max_hp_loss":0,"event_name":"Vampires","floor":20,"gold_loss":0},{"damage_healed":0,"gold_gain":0,"player_choice":"Ignored","damage_taken":0,"max_hp_gain":0,"max_hp_loss":0,"event_name":"Ghosts","floor":21,"gold_loss":0},{"cards_removed":["Runesmith:ChargedHammer"],"damage_healed":27,"gold_gain":0,"player_choice":"Offered Uncommon","damage_taken":0,"max_hp_gain":0,"max_hp_loss":0,"event_name":"Bonfire Elementals","floor":31,"gold_loss":0}],"is_beta":false,"boss_relics":[{"not_picked":["Ring of Chaos","Runesmith:PocketReactor"],"picked":"Pandora\u0027s Box"},{"not_picked":["Busted Crown","Kintsugi"],"picked":"Astrolabe"}],"items_purged_floors":[5],"is_endless":true,"potions_floor_spawned":[1,10,16],"ascension_level":0}}