{"host":"qfskrnw3pl1q86j0","time":1611857622,"event":{"mods":["BaseMod","Block Reminder","Hermit","Marisa????????","Minty Spire (QoL Compilation)","Quick Restart","Random Character Button","Relic Stats","StSLib","The Poker Player","slay the spire mod where everything is the same but ironclad has a cowboy hat"],"gold_per_floor":[115,133,153,33,47,47,82,82,105,124,124,141,141,141,141,241,241,241,188,188,188,188,188,188,188,188,188,188,188,188,113,113,113,113],"floor_reached":33,"language":"ENG","playtime":868,"items_purged":["Strike_B"],"score":267,"play_id":"db17cc50-5aa9-4e65-9ee8-7a32689cd1b9","local_time":"20210128191342","is_ascension_mode":false,"campfire_choices":[{"data":"Zap","floor":6.0,"key":"SMITH"},{"data":"Dualcast","floor":8.0,"key":"SMITH"},{"data":"Go for the Eyes","floor":11.0,"key":"SMITH"},{"data":"Leap","floor":13.0,"key":"SMITH"},{"data":"Leap","floor":15,"key":"SMITH"},{"data":"Beam Cell","floor":24,"key":"SMITH"},{"data":"Hologram","floor":27,"key":"SMITH"},{"data":"Beam Cell","floor":29,"key":"SMITH"},{"data":"Core Surge","floor":32,"key":"SMITH"}],"circlet_count":0,"master_deck":["Strike_B+1","Defend_B","Defend_B","Defend_B","Defend_B","Zap+1","Dualcast+1","Leap+1","Gash","Ball Lightning+1","Rebound","Leap+1","Go for the Eyes+1","Core Surge+1","Hologram+1","Beam Cell+1","BootSequence","Hologram+1","Beam Cell+1"],"relics":["Cracked Core","Centennial Puzzle","Bag of Preparation","Whetstone","Ectoplasm","MutagenicStrength","Anchor","Mummified Hand"],"acts_visited":["Exordium","TheCity"],"potions_floor_usage":[33,33],"damage_taken":[{"damage":0.0,"enemies":"Cultist","floor":1.0,"turns":4.0},{"damage":0.0,"enemies":"Small Slimes","floor":2.0,"turns":3.0},{"damage":0.0,"enemies":"Jaw Worm","floor":3.0,"turns":3.0},{"damage":5.0,"enemies":"3 Louse","floor":5.0,"turns":2.0},{"damage":9.0,"enemies":"Lagavulin","floor":7.0,"turns":7.0},{"damage":0.0,"enemies":"Exordium Thugs","floor":10.0,"turns":3.0},{"damage":0.0,"enemies":"Blue Slaver","floor":12.0,"turns":3.0},{"damage":4,"enemies":"Slime Boss","floor":16,"turns":8},{"damage":2,"enemies":"Shell Parasite","floor":18,"turns":4},{"damage":0,"enemies":"3 Byrds","floor":22,"turns":4},{"damage":10,"enemies":"Gremlin Leader","floor":23,"turns":4},{"damage":6,"enemies":"Snecko","floor":25,"turns":4},{"damage":12,"enemies":"Shelled Parasite and Fungi","floor":28,"turns":5},{"damage":0,"enemies":"Chosen and Byrds","floor":30,"turns":4},{"damage":51,"enemies":"Automaton","floor":33,"turns":10}],"seed_played":"6425137679254610916","potions_obtained":[{"floor":1.0,"key":"SneckoOil"},{"floor":10.0,"key":"Block Potion"},{"floor":28,"key":"Fire Potion"}],"is_trial":false,"path_per_floor":["M","M","M","$","M","R","E","R","T","M","R","M","R","?","R","B",null,"M","$","?","?","M","E","R","M","T","R","M","R","M","?","R","B"],"character_chosen":"DEFECT","items_purchased":["Rebound","Beam Cell"],"campfire_rested":0,"item_purchase_floors":[4,19],"current_hp_per_floor":[75,75,75,75,70,70,61,61,61,61,61,61,61,54,54,50,75,73,73,73,73,73,63,63,57,57,57,45,45,45,45,45,0,0],"gold":113,"neow_bonus":"RANDOM_COMMON_RELIC","is_daily":false,"chose_seed":false,"campfire_upgraded":9,"win_rate":0.0,"timestamp":1611857622,"path_taken":["M","?","M","$","M","R","E","R","T","M","R","M","R","?","R","BOSS","M","$","?","?","M","E","R","?","T","R","M","R","M","?","R","BOSS"],"items_purchased_type":["Card","Card"],"build_version":"2020-12-22","purchased_purges":1,"victory":false,"max_hp_per_floor":[75,75,75,75,75,75,75,75,75,75,75,75,75,75,75,75,75,75,75,75,75,75,75,75,75,75,75,75,75,75,75,75,75,75],"relic_stats":{"Centennial Puzzle":[24],"counters":[15,68],"Mummified Hand":[0],"Ectoplasm":104,"Bag of Preparation":[20],"Whetstone":["Strike_B","Ball Lightning"],"obtain_stats":[{"Centennial Puzzle":0,"Anchor":23,"Mummified Hand":26,"MutagenicStrength":21,"Ectoplasm":17,"Bag of Preparation":7,"Whetstone":9,"Cracked Core":0},{"Centennial Puzzle":0,"Anchor":11,"Mummified Hand":12,"MutagenicStrength":9,"Ectoplasm":8,"Bag of Preparation":5,"Whetstone":5,"Cracked Core":0},{"Centennial Puzzle":0,"Anchor":45,"Mummified Hand":49,"MutagenicStrength":37,"Ectoplasm":33,"Bag of Preparation":19,"Whetstone":19,"Cracked Core":0}]},"card_choices":[{"not_picked":["Doom and Gloom","Compile Driver"],"picked":"Leap","floor":1.0},{"not_picked":["Streamline","Steam"],"picked":"Gash","floor":2.0},{"not_picked":["Doom and Gloom","Tempest"],"picked":"Ball Lightning","floor":3.0},{"not_picked":["Redo","Ball Lightning"],"picked":"Leap","floor":5.0},{"not_picked":["Steam Power","Sweeping Beam"],"picked":"Go for the Eyes","floor":7.0},{"not_picked":["Scrape","Self Repair","Ball Lightning"],"picked":"SKIP","floor":10.0},{"not_picked":["Compile Driver","Turbo","Echo Form"],"picked":"SKIP","floor":12.0},{"not_picked":["Machine Learning","Amplify"],"picked":"Core Surge","floor":16},{"not_picked":["Tempest+1","Cold Snap"],"picked":"Hologram","floor":18},{"not_picked":["Rebound+1","Chill+1","Cold Snap+1"],"picked":"SKIP","floor":22},{"not_picked":["Double Energy","Stack"],"picked":"BootSequence","floor":23},{"not_picked":["Streamline","Coolheaded"],"picked":"Hologram+1","floor":25},{"not_picked":["Streamline","Auto Shields"],"picked":"Beam Cell","floor":28},{"not_picked":["Redo+1","Ball Lightning","Sunder"],"picked":"SKIP","floor":30}],"player_experience":1013550,"relics_obtained":[{"floor":7.0,"key":"Bag of Preparation"},{"floor":9.0,"key":"Whetstone"},{"floor":23,"key":"Anchor"},{"floor":26,"key":"Mummified Hand"}],"event_choices":[{"cards_removed":["Strike_B"],"damage_healed":0.0,"max_hp_gain":0.0,"max_hp_loss":0.0,"gold_gain":0.0,"event_name":"Golden Wing","player_choice":"Card Removal","floor":14.0,"gold_loss":0.0,"damage_taken":7.0},{"damage_healed":0,"gold_gain":0,"player_choice":"Ignored","damage_taken":0,"max_hp_gain":0,"max_hp_loss":0,"event_name":"Cursed Tome","floor":20,"gold_loss":0},{"damage_healed":0,"gold_gain":0,"player_choice":"Inject Mutagens","damage_taken":0,"relics_obtained":["MutagenicStrength"],"max_hp_gain":0,"max_hp_loss":0,"event_name":"Drug Dealer","floor":21,"gold_loss":0},{"cards_removed":["Strike_B"],"damage_healed":0,"gold_gain":0,"player_choice":"Gave Gold","damage_taken":0,"max_hp_gain":0,"max_hp_loss":0,"event_name":"Beggar","floor":31,"gold_loss":75}],"is_beta":false,"boss_relics":[{"not_picked":["Empty Cage","SlaversCollar"],"picked":"Ectoplasm"}],"items_purged_floors":[4],"is_endless":false,"potions_floor_spawned":[1,10,28],"killed_by":"Automaton","ascension_level":0}}