{"host":"ga4s3hj9m6nkn6gp","time":1611862441,"event":{"mods":["AchievementEnabler","BaseMod","Bestiary","Colored Powertips","Highlight Path","Minty Spire (QoL Compilation)","Relic Stats","everything is the same but u backflip on backflip"],"gold_per_floor":[109,109,123,139,149,149,186,186,186,186,186],"floor_reached":10,"language":"ENG","playtime":349,"items_purged":[],"score":116,"play_id":"e8b219b6-1c20-41c4-8850-852471321d94","local_time":"20210128203401","is_ascension_mode":true,"campfire_choices":[{"data":"Zap","floor":6,"key":"SMITH"},{"data":"Dualcast","floor":8,"key":"SMITH"}],"circlet_count":0,"master_deck":["AscendersBane","Strike_B","Strike_B","Strike_B","Strike_B","Defend_B","Defend_B","Defend_B","Defend_B","Zap+1","Dualcast+1","Barrage","Go for the Eyes","Cold Snap","All For One","Buffer"],"relics":["Black Star","CeramicFish","InkBottle","Bag of Preparation"],"acts_visited":["Exordium"],"potions_floor_usage":[7,10],"damage_taken":[{"damage":13,"enemies":"Jaw Worm","floor":1,"turns":4},{"damage":0,"enemies":"2 Louse","floor":3,"turns":2},{"damage":1,"enemies":"Small Slimes","floor":4,"turns":4},{"damage":25,"enemies":"Exordium Thugs","floor":5,"turns":7},{"damage":25,"enemies":"Gremlin Nob","floor":7,"turns":4},{"damage":13,"enemies":"3 Sentries","floor":10,"turns":2}],"seed_played":"-1343536318896296256","potions_obtained":[{"floor":1,"key":"LiquidMemories"},{"floor":7,"key":"Regen Potion"}],"is_trial":false,"path_per_floor":["M","?","M","M","M","R","E","R","T","E"],"character_chosen":"DEFECT","items_purchased":[],"campfire_rested":0,"item_purchase_floors":[],"current_hp_per_floor":[51,56,56,55,30,30,5,5,5,0,0],"gold":186,"neow_bonus":"BOSS_RELIC","is_daily":false,"chose_seed":false,"campfire_upgraded":2,"win_rate":0.0,"timestamp":1611862441,"path_taken":["M","?","M","M","M","R","E","R","T","E"],"items_purchased_type":[],"build_version":"2020-12-22","purchased_purges":0,"victory":false,"max_hp_per_floor":[71,76,76,76,76,76,76,76,76,76,76],"relic_stats":{"counters":[6,23],"CeramicFish":9,"Black Star":1,"Bag of Preparation":[2],"obtain_stats":[{"CeramicFish":7,"Black Star":0,"Bag of Preparation":9,"Cracked Core":0,"InkBottle":7},{"CeramicFish":5,"Black Star":0,"Bag of Preparation":5,"Cracked Core":0,"InkBottle":5},{"CeramicFish":21,"Black Star":0,"Bag of Preparation":21,"Cracked Core":0,"InkBottle":21}],"InkBottle":[0]},"card_choices":[{"not_picked":["Self Repair","Redo"],"picked":"Barrage","floor":1},{"not_picked":["Fusion","Gash"],"picked":"Go for the Eyes","floor":3},{"not_picked":["Leap","Reinforced Body"],"picked":"Cold Snap","floor":4},{"not_picked":["Cold Snap","Steam"],"picked":"All For One","floor":5},{"not_picked":["Sweeping Beam","White Noise"],"picked":"Buffer","floor":7}],"player_experience":706496,"relics_obtained":[{"floor":7,"key":"CeramicFish"},{"floor":7,"key":"InkBottle"},{"floor":9,"key":"Bag of Preparation"}],"event_choices":[{"damage_healed":0,"gold_gain":0,"player_choice":"Donut","damage_taken":0,"max_hp_gain":5,"max_hp_loss":0,"event_name":"Big Fish","floor":2,"gold_loss":0}],"is_beta":false,"boss_relics":[],"items_purged_floors":[],"is_endless":false,"potions_floor_spawned":[1,7],"killed_by":"3 Sentries","ascension_level":14}}