{"host":"flandre","time":1611866494,"event":{"mods":["BaseMod","Marisa£®ÏF”Í°°ƒß¿Ì…≥£©","Minty Spire (QoL Compilation)","StSLib","The Servant 0.9.4"],"gold_per_floor":[367,367,386,2,2,37,53,86,137,157,174,193,193,231,231,357,357,372,372,372,395,418,459,475,510,534,573,573,162,186,200,200,329,329,350,625,640,658,522,522,553,574,644,202,217,87,0,25,25,25,25,25,25,68,68],"floor_reached":56,"language":"ZHS","playtime":2611,"items_purged":["Strike_R","Bash","Strike_R+1","Strike_R+1"],"score":1436,"play_id":"e95a4d36-cf63-4e15-aae1-a1b247443ddf","local_time":"20210129054134","is_ascension_mode":false,"campfire_choices":[{"data":"Whirlwind","floor":15.0,"key":"SMITH"},{"data":"Shockwave","floor":28.0,"key":"SMITH"},{"data":"Evolve","floor":32.0,"key":"SMITH"},{"data":"Berserk","floor":40.0,"key":"SMITH"},{"floor":49,"key":"RECALL"},{"data":"Disarm","floor":52,"key":"SMITH"}],"circlet_count":0,"master_deck":["Strike_R+1","Strike_R+1","Defend_R+1","Defend_R+1","Defend_R+1","Defend_R+1","Reckless Charge+1","Reckless Charge","Disarm+1","Bandage Up","Whirlwind+1","Metallicize","Shockwave+1","Metallicize","Berserk+1","Iron Wave+1","Intimidate+1","Impervious","Exhume","Evolve+1","Disarm","Madness","Whirlwind+1","Power Through+1","Reckless Charge","Fire Breathing"],"relics":["Burning Blood","Membership Card","Bag of Marbles","Matryoshka","Ancient Tea Set","Pen Nib","Golden Idol","Regal Pillow","SlaversCollar","FaceOfCleric","Bottled Tornado","Happy Flower","Blood Vial","Omamori","Sundial","Singing Bowl","Toy Ornithopter","Black Star","DollysMirror","Pantograph","Blue Candle","StrikeDummy","Bottled Flame","Bottled Lightning","TheAbacus","Chemical X","Red Mask","Lantern","Dead Branch"],"acts_visited":["Exordium","TheCity","TheBeyond","TheEnding"],"potions_floor_usage":[54,55,55],"damage_taken":[{"damage":0.0,"enemies":"Small Slimes","floor":1.0,"turns":3.0},{"damage":0.0,"enemies":"Cultist","floor":3.0,"turns":2.0},{"damage":25.0,"enemies":"Gremlin Nob","floor":6.0,"turns":4.0},{"damage":0.0,"enemies":"2 Louse","floor":7.0,"turns":2.0},{"damage":16.0,"enemies":"3 Sentries","floor":8.0,"turns":8.0},{"damage":5.0,"enemies":"Blue Slaver","floor":10.0,"turns":3.0},{"damage":15.0,"enemies":"Lots of Slimes","floor":11.0,"turns":4.0},{"damage":5.0,"enemies":"Looter","floor":12.0,"turns":4.0},{"damage":11.0,"enemies":"Gremlin Nob","floor":14.0,"turns":3.0},{"damage":0.0,"enemies":"Slime Boss","floor":16.0,"turns":5.0},{"damage":16.0,"enemies":"Chosen","floor":18.0,"turns":5.0},{"damage":25.0,"enemies":"Spheric Guardian","floor":21.0,"turns":6.0},{"damage":10.0,"enemies":"Cultist and Chosen","floor":22.0,"turns":6.0},{"damage":18.0,"enemies":"Slavers","floor":23.0,"turns":5.0},{"damage":14.0,"enemies":"Sentry and Sphere","floor":24.0,"turns":5.0},{"damage":23.0,"enemies":"Book of Stabbing","floor":25.0,"turns":6.0},{"damage":6.0,"enemies":"Gremlin Leader","floor":27.0,"turns":3.0},{"damage":19.0,"enemies":"Snake Plant","floor":30.0,"turns":6.0},{"damage":18.0,"enemies":"3 Cultists","floor":31.0,"turns":7.0},{"damage":5.0,"enemies":"Collector","floor":33.0,"turns":10.0},{"damage":29.0,"enemies":"3 Shapes","floor":35.0,"turns":4.0},{"damage":21.0,"enemies":"3 Darklings","floor":37.0,"turns":3.0},{"damage":27.0,"enemies":"Maw","floor":38.0,"turns":11.0},{"damage":30.0,"enemies":"Giant Head","floor":41.0,"turns":10.0},{"damage":35.0,"enemies":"Writhing Mass","floor":42.0,"turns":6.0},{"damage":12.0,"enemies":"Jaw Worm Horde","floor":45.0,"turns":6.0},{"damage":15,"enemies":"Sphere and 2 Shapes","floor":48,"turns":3},{"damage":29,"enemies":"Awakened One","floor":50,"turns":12},{"damage":28,"enemies":"Shield and Spear","floor":54,"turns":6},{"damage":65,"enemies":"The Heart","floor":55,"turns":7}],"seed_played":"5723707854045395477","potions_obtained":[{"floor":1.0,"key":"SpeedPotion"},{"floor":7.0,"key":"BlessingOfTheForge"},{"floor":10.0,"key":"BlessingOfTheForge"},{"floor":12.0,"key":"EntropicBrew"},{"floor":22.0,"key":"Fire Potion"},{"floor":23.0,"key":"CultistPotion"},{"floor":25.0,"key":"GamblersBrew"},{"floor":27.0,"key":"Ancient Potion"},{"floor":30.0,"key":"LiquidBronze"},{"floor":33.0,"key":"Energy Potion"},{"floor":41.0,"key":"LiquidMemories"}],"is_trial":false,"path_per_floor":["M","?","M","$","?","E","M","E","T","M","M","M","?","E","R","B",null,"M","?","?","M","M","E","M","E","T","E","R","$","M","M","R","B",null,"M","?","M","M","$","R","E","M","T","$","M","$","?","M","R","B",null,"R","$","E","B",null],"character_chosen":"IRONCLAD","items_purchased":["Membership Card","Reckless Charge","Disarm","Bandage Up","Bag of Marbles","Singing Bowl","Toy Ornithopter","Evolve","Disarm","Madness","BloodPotion","SkillPotion","DollysMirror","Bottled Flame","Bottled Lightning","TheAbacus","DistilledChaos","Chemical X","Reckless Charge","Fire Breathing"],"campfire_rested":0,"item_purchase_floors":[4,4,4,4,4,29,29,29,29,29,29,29,39,44,44,44,44,46,46,46],"current_hp_per_floor":[62,62,68,68,52,37,47,41,41,46,41,46,26,21,21,31,80,74,74,74,60,61,54,51,39,39,42,42,64,60,62,62,72,95,79,79,69,61,61,61,49,34,34,34,41,41,41,37,37,46,115,115,115,101,74],"gold":68,"neow_bonus":"TWO_FIFTY_GOLD","is_daily":false,"chose_seed":false,"campfire_upgraded":5,"win_rate":0.0,"timestamp":1611866494,"path_taken":["M","?","?","$","?","E","M","E","T","M","M","M","?","E","R","BOSS","M","?","?","M","M","E","M","E","T","E","R","$","M","?","R","BOSS","M","?","M","M","$","R","E","?","T","$","M","?","?","M","R","BOSS","R","$","E","BOSS"],"items_purchased_type":["Relic","Card","Card","Card","Relic","Relic","Relic","Card","Card","Card","Potion","Potion","Relic","Relic","Relic","Relic","Potion","Relic","Card","Card"],"build_version":"2020-12-18","purchased_purges":4,"victory":true,"max_hp_per_floor":[80,80,80,80,80,80,80,80,80,80,80,80,80,80,80,80,80,80,80,80,81,82,83,84,85,85,86,86,86,89,92,92,95,95,98,98,101,104,104,104,105,108,108,108,111,111,111,114,114,115,115,115,115,118,119],"card_choices":[{"not_picked":["Intimidate","Flex"],"picked":"Reckless Charge","floor":1.0},{"not_picked":["Twin Strike","Armaments","Clothesline"],"picked":"SKIP","floor":3.0},{"not_picked":["Anger","Pommel Strike"],"picked":"Whirlwind","floor":6.0},{"not_picked":["Seeing Red","True Grit"],"picked":"Metallicize","floor":7.0},{"not_picked":["True Grit","Flex","Armaments"],"picked":"SKIP","floor":8.0},{"not_picked":["Clash","Body Slam"],"picked":"Shockwave","floor":10.0},{"not_picked":["Wild Strike","Shrug It Off"],"picked":"Metallicize","floor":11.0},{"not_picked":["Wild Strike","Dual Wield","Body Slam"],"picked":"SKIP","floor":12.0},{"not_picked":["Warcry","Combust","Spot Weakness"],"picked":"SKIP","floor":14.0},{"not_picked":["Reaper","Corruption"],"picked":"Berserk","floor":16.0},{"not_picked":["Thunderclap+1","Clothesline+1"],"picked":"Iron Wave+1","floor":18.0},{"not_picked":["Sword Boomerang","Thunderclap","Perfected Strike+1"],"picked":"SKIP","floor":21.0},{"not_picked":["Second Wind","Combust+1","Clothesline"],"picked":"SKIP","floor":22.0},{"not_picked":["Body Slam","Clothesline+1"],"picked":"Intimidate+1","floor":23.0},{"not_picked":["Flex","Rupture","Power Through"],"picked":"SKIP","floor":24.0},{"not_picked":["Twin Strike","Flame Barrier"],"picked":"Impervious","floor":25.0},{"not_picked":["Spot Weakness","Burning Pact"],"picked":"Exhume","floor":27.0},{"not_picked":["Clash+1","Perfected Strike+1","Clothesline"],"picked":"Singing Bowl","floor":30.0},{"not_picked":["Hemokinesis","Sentinel","Perfected Strike"],"picked":"Singing Bowl","floor":31.0},{"not_picked":["Feed","Berserk","Fiend Fire"],"picked":"Singing Bowl","floor":33.0},{"not_picked":["Warcry+1","Twin Strike+1","Rupture"],"picked":"Singing Bowl","floor":35.0},{"not_picked":["Shockwave","Cleave+1","Anger+1"],"picked":"Singing Bowl","floor":37.0},{"not_picked":["Spot Weakness","Searing Blow+1","Sever Soul"],"picked":"Singing Bowl","floor":38.0},{"not_picked":["Armaments","Ghostly Armor+1"],"picked":"Power Through+1","floor":41.0},{"not_picked":["Headbutt","True Grit","Ghostly Armor"],"picked":"Singing Bowl","floor":42.0},{"not_picked":["Warcry+1","Sword Boomerang+1","Wild Strike"],"picked":"Singing Bowl","floor":45.0},{"not_picked":["Sword Boomerang+1","Power Through+1","Wild Strike+1"],"picked":"Singing Bowl","floor":48},{"not_picked":["Intimidate","Infernal Blade","Reaper"],"picked":"Singing Bowl","floor":54}],"player_experience":1468420,"relics_obtained":[{"floor":6.0,"key":"Matryoshka"},{"floor":8.0,"key":"Ancient Tea Set"},{"floor":9.0,"key":"Pen Nib"},{"floor":14.0,"key":"Regal Pillow"},{"floor":23.0,"key":"Bottled Tornado"},{"floor":25.0,"key":"Happy Flower"},{"floor":26.0,"key":"Blood Vial"},{"floor":26.0,"key":"Omamori"},{"floor":27.0,"key":"Sundial"},{"floor":41.0,"key":"Pantograph"},{"floor":41.0,"key":"Blue Candle"},{"floor":43.0,"key":"StrikeDummy"},{"floor":54,"key":"Lantern"},{"floor":54,"key":"Dead Branch"}],"event_choices":[{"damage_healed":0.0,"max_hp_gain":0.0,"max_hp_loss":0.0,"gold_gain":0.0,"event_name":"Upgrade Shrine","player_choice":"Upgraded","floor":2.0,"gold_loss":0.0,"damage_taken":0.0,"cards_upgraded":["Reckless Charge"]},{"damage_healed":0.0,"max_hp_gain":0.0,"max_hp_loss":0.0,"gold_gain":0.0,"event_name":"Shining Light","player_choice":"Entered Light","floor":5.0,"gold_loss":0.0,"damage_taken":16.0,"cards_upgraded":["Strike_R","Strike_R"]},{"damage_healed":0.0,"max_hp_gain":0.0,"max_hp_loss":0.0,"gold_gain":0.0,"event_name":"Golden Idol","player_choice":"Take Damage","floor":13.0,"gold_loss":0.0,"damage_taken":20.0,"relics_obtained":["Golden Idol"]},{"damage_healed":0.0,"max_hp_gain":0.0,"max_hp_loss":0.0,"gold_gain":0.0,"event_name":"Back to Basics","player_choice":"Simplicity","floor":19.0,"gold_loss":0.0,"damage_taken":0.0,"cards_upgraded":["Strike_R","Strike_R","Defend_R","Defend_R","Defend_R","Defend_R"]},{"damage_healed":0.0,"max_hp_gain":0.0,"max_hp_loss":0.0,"gold_gain":0.0,"event_name":"FaceTrader","player_choice":"Trade","floor":20.0,"gold_loss":0.0,"damage_taken":0.0,"relics_obtained":["FaceOfCleric"]},{"damage_healed":0.0,"max_hp_gain":0.0,"max_hp_loss":0.0,"gold_gain":275.0,"event_name":"Golden Shrine","player_choice":"Desecrate","floor":36.0,"gold_loss":0.0,"damage_taken":0.0,"cards_obtained":["Regret"]},{"damage_healed":0,"gold_gain":0,"player_choice":"Paid","damage_taken":0,"relics_obtained":["Red Mask"],"max_hp_gain":0,"max_hp_loss":0,"event_name":"Tomb of Lord Red Mask","floor":47,"gold_loss":87}],"is_beta":true,"boss_relics":[{"not_picked":["SacredBark","Snecko Eye"],"picked":"SlaversCollar"},{"not_picked":["Philosopher\u0027s Stone","Astrolabe"],"picked":"Black Star"}],"items_purged_floors":[4,29,39,44],"is_endless":false,"potions_floor_spawned":[1,7,10,12,22,23,25,27,30,33,35,41],"ascension_level":0}}