{"host":"64agj841g523yxf2","time":1611863964,"event":{"mods":["Aspiration","BaseMod","ChefMod","Downfall","Hermit","Koishi","Minty Spire (QoL Compilation)","Remilia??????","Replay The Spire","StSLib","SuperFastMode","The Administrix","The Animator","The Bug Knight","The Construct","The Cursed","The Disciple","The Hierophant","The Marked","The Mystic","The Necromancer","The Poker Player","The Senshi","The Servant 0.9.4","Yuyuko"],"gold_per_floor":[99,114,133,153,164,164,190,52,71,71,83,103,120,150,164,261,261,261,276,296,314,314,324,350,376,376,391,393,393,393],"floor_reached":28,"language":"ENG","playtime":2522,"items_purged":[],"score":230,"play_id":"3be012fa-95e3-411c-bb37-a11f557a7138","local_time":"20210128205924","is_ascension_mode":false,"campfire_choices":[{"floor":1,"key":"DIG"},{"data":"Slimebound:SlimeSpikes","floor":18,"key":"SMITH"},{"data":"Slimebound:Grow","floor":26,"key":"SMITH"}],"circlet_count":0,"master_deck":["Slimebound:Strike_Slimebound","Slimebound:Strike_Slimebound","Slimebound:Strike_Slimebound","Slimebound:Tackle","Slimebound:Defend_Slimebound","Slimebound:Defend_Slimebound","Slimebound:Defend_Slimebound","Slimebound:Defend_Slimebound","Slimebound:Split","Slimebound:CorrosiveSpit","Slimebound:Nibble","Slimebound:Repurpose","Slimebound:SplitAcid","Slimebound:Schlurp","Slimebound:SplitMire","Slimebound:SlimeSpikes+1","Slimebound:GrowthPunch","Slimebound:SplitLeeching","Slimebound:SlimeTap","Slimebound:SlimeSpikes","Slimebound:Grow+1","Slimebound:TongueLash","Slimebound:SelfFormingGoo","CurseOfTheBell","Slimebound:GoopSpray","Slimebound:SplitLeeching","downfall:Bewildered","Slimebound:MassRepurpose"],"relics":["Slimebound:AbsorbEndCombat","Pocketwatch","Bronze Scales","Blue Candle","ReplayTheSpireMod:Ninjato","Calling Bell","Replay:Baseball","Kunai","construct:RocketBooster","sneckomod:BabySnecko","Replay:Bandana"],"acts_visited":["Exordium","TheCity"],"potions_floor_usage":[27],"damage_taken":[{"damage":5,"enemies":"Small Slimes","floor":2,"turns":4},{"damage":0,"enemies":"2 Louse","floor":3,"turns":3},{"damage":4,"enemies":"Jaw Worm","floor":4,"turns":3},{"damage":10,"enemies":"2 Fungi Beasts","floor":5,"turns":4},{"damage":5,"enemies":"downfall:FleeingMerchant","floor":8,"turns":4},{"damage":3,"enemies":"3 Louse","floor":9,"turns":2},{"damage":2,"enemies":"Large Slime","floor":11,"turns":4},{"damage":1,"enemies":"Exordium Wildlife","floor":12,"turns":3},{"damage":0,"enemies":"3 Louse","floor":13,"turns":2},{"damage":10,"enemies":"Replay:BlueRogue","floor":14,"turns":5},{"damage":15,"enemies":"Gremlin Gang","floor":15,"turns":3},{"damage":25,"enemies":"IC_STATUS_ARCHETYPE","floor":16,"turns":7},{"damage":0,"enemies":"Chosen","floor":19,"turns":4},{"damage":13,"enemies":"Cultist and Chosen","floor":20,"turns":6},{"damage":18,"enemies":"3 Cultists","floor":21,"turns":5},{"damage":11,"enemies":"Chosen and Byrds","floor":23,"turns":5},{"damage":16,"enemies":"Snake Plant","floor":25,"turns":4},{"damage":7,"enemies":"Snecko","floor":27,"turns":5},{"damage":39,"enemies":"Slavers","floor":28,"turns":2}],"seed_played":"5370895827610693345","potions_obtained":[{"floor":2,"key":"Weak Potion"},{"floor":4,"key":"SpeedPotion"},{"floor":9,"key":"Ancient Potion"},{"floor":15,"key":"Swift Potion"},{"floor":21,"key":"LiquidBronze"}],"is_trial":false,"path_per_floor":["R","M","M","M","M","?","T","$","M","?","M","M","M","E","M","B",null,"R","M","M","M","?","M","T","M","R","M","E"],"character_chosen":"SLIMEBOUND","items_purchased":["Slimebound:SlimeSpikes","Slimebound:GrowthPunch"],"campfire_rested":0,"item_purchase_floors":[8,8],"current_hp_per_floor":[71,68,71,69,65,65,65,66,67,62,66,69,71,65,58,41,71,71,71,61,51,51,48,48,36,36,35,0,0,0],"gold":393,"neow_bonus":"TEN_PERCENT_HP_BONUS","is_daily":false,"chose_seed":false,"campfire_upgraded":2,"win_rate":0.0,"timestamp":1611863964,"path_taken":["R","M","M","M","M","?","T","$","M","?","M","M","M","E","M","BOSS","R","M","M","M","?","M","T","M","R","M","E"],"items_purchased_type":["Card","Card"],"build_version":"2020-12-22","purchased_purges":0,"victory":false,"max_hp_per_floor":[71,71,71,71,71,71,71,71,71,71,71,71,71,71,71,71,71,71,71,71,71,71,71,71,71,71,71,71,71,71],"card_choices":[{"not_picked":["Slimebound:DisruptingSlam","Slimebound:SlimeBarrage"],"picked":"Slimebound:Nibble","floor":2},{"not_picked":["Slimebound:Schlurp","Slimebound:ComboTackle"],"picked":"Slimebound:Repurpose","floor":3},{"not_picked":["Slimebound:Prepare","Slimebound:Grow"],"picked":"Slimebound:SplitAcid","floor":4},{"not_picked":["Slimebound:DisruptingSlam","Slimebound:GoopTackle"],"picked":"Slimebound:Schlurp","floor":5},{"not_picked":["Slimebound:FlameTackle","Slimebound:RejuvenatingLick"],"picked":"Slimebound:SplitMire","floor":8},{"not_picked":["Slimebound:Chomp","Slimebound:RejuvenatingLick"],"picked":"Slimebound:SplitLeeching","floor":9},{"not_picked":["Slimebound:SlimeSpikes","Slimebound:SlimeBrawl"],"picked":"Slimebound:SlimeTap","floor":11},{"not_picked":["Slimebound:GoopTackle","Slimebound:LeechEnergy"],"picked":"Slimebound:SlimeSpikes","floor":12},{"not_picked":["Slimebound:ItLooksTasty","Slimebound:FormOfPuddle","Slimebound:AcidTongue"],"picked":"SKIP","floor":13},{"not_picked":["Slimebound:BestDefense","Slimebound:LevelUp"],"picked":"Slimebound:Grow","floor":14},{"not_picked":["Slimebound:SplitMire","Slimebound:LivingWall"],"picked":"Slimebound:TongueLash","floor":15},{"not_picked":["Slimebound:DouseInSlime","Slimebound:FirmFortitude"],"picked":"Slimebound:SelfFormingGoo","floor":16},{"not_picked":["Slimebound:SplitMire","Slimebound:ViciousTackle"],"picked":"Slimebound:GoopSpray","floor":19},{"not_picked":["Slimebound:Schlurp","Slimebound:ComboTackle","Slimebound:PressTheAttack"],"picked":"SKIP","floor":20},{"not_picked":["Slimebound:ItLooksTasty","Slimebound:MinionMaster"],"picked":"Slimebound:SplitLeeching","floor":21},{"not_picked":["Slimebound:HauntingLick","Slimebound:LivingWall","Slimebound:GoopTackle+1"],"picked":"SKIP","floor":23},{"not_picked":["Slimebound:Schlurp+1","Slimebound:SplitMire","Slimebound:Replication"],"picked":"SKIP","floor":25},{"not_picked":["Slimebound:HauntingLick+1","Slimebound:LevelUp"],"picked":"Slimebound:MassRepurpose","floor":27}],"player_experience":311031,"relics_obtained":[{"floor":1,"key":"Pocketwatch"},{"floor":7,"key":"Bronze Scales"},{"floor":14,"key":"ReplayTheSpireMod:Ninjato"},{"floor":17,"key":"Replay:Baseball"},{"floor":17,"key":"Kunai"},{"floor":17,"key":"construct:RocketBooster"},{"floor":24,"key":"Replay:Bandana"}],"event_choices":[],"is_beta":false,"boss_relics":[{"not_picked":["Painkiller Herb","ChewingGum"],"picked":"Calling Bell"}],"items_purged_floors":[],"is_endless":false,"potions_floor_spawned":[2,4,9,15,16,19,21],"killed_by":"Slavers","ascension_level":0}}