{"host":"takgv9cv6xf64vhq","time":1611816638,"event":{"mods":["BaseMod","Colored Powertips","Downfall","Hubris","LagranYue(拉格朗・月)","Marisa（F雨　魔理沙）","Minty Spire (QoL Compilation)","Replay The Spire","StSLib","The Animator","The Cursed","The Jungle","TheHeartMod"],"gold_per_floor":[115,125,125,300,318,318,89,121,121,121,121,121,121],"floor_reached":12,"language":"ZHS","playtime":459,"items_purged":["Doubt"],"score":80,"play_id":"2984f732-f7d1-4bf9-8424-cfa479d76aa0","local_time":"20210128145038","is_ascension_mode":true,"campfire_choices":[{"data":"Metallicize","floor":6.0,"key":"SMITH"}],"circlet_count":0,"master_deck":["Strike_R","Strike_R","Strike_R","Strike_R","Defend_R","Defend_R+1","Defend_R+1","Defend_R","Bash","Shrug It Off","Metallicize+1","Searing Blow","hubris:ReadiedAction","Spot Weakness","Disarm","Amnesia"],"relics":["Snecko Eye","Simple Rune","Molten Egg 2","ReplayTheSpireMod:Ring of Collecting","ReplayTheSpireMod:Ring of Sloth"],"acts_visited":["Exordium"],"potions_floor_usage":[12],"damage_taken":[{"damage":0.0,"enemies":"2 Louse","floor":1.0,"turns":4.0},{"damage":4.0,"enemies":"Cultist","floor":2.0,"turns":5.0},{"damage":6.0,"enemies":"Jaw Worm","floor":5.0,"turns":5.0},{"damage":34.0,"enemies":"Gremlin Nob","floor":8.0,"turns":5.0},{"damage":7,"enemies":"3 Sentries","floor":12,"turns":5}],"seed_played":"9113133740186260790","potions_obtained":[{"floor":8.0,"key":"Ancient Potion"}],"is_trial":false,"path_per_floor":["M","M","?","?","M","R","$","E","T","?","?","E"],"character_chosen":"IRONCLAD","items_purchased":["Spot Weakness","Disarm"],"campfire_rested":0,"item_purchase_floors":[7,7],"current_hp_per_floor":[80,76,76,76,70,70,70,36,36,29,29,22,22],"gold":121,"neow_bonus":"BOSS_RELIC","is_daily":false,"chose_seed":false,"campfire_upgraded":1,"win_rate":0.0,"timestamp":1611816638,"path_taken":["M","M","?","?","M","R","$","E","T","?","?","E"],"items_purchased_type":["Card","Card"],"build_version":"2020-12-22","purchased_purges":1,"victory":false,"max_hp_per_floor":[80,80,80,80,80,80,80,80,80,80,80,80,80],"card_choices":[{"not_picked":["Iron Wave","Second Wind"],"picked":"Shrug It Off","floor":1.0},{"not_picked":["Cleave","Shrug It Off"],"picked":"Metallicize","floor":2.0},{"not_picked":["Warcry","Whirlwind"],"picked":"hubris:ReadiedAction","floor":5.0},{"not_picked":["Thunderclap","Abandon","True Grit"],"picked":"SKIP","floor":8.0}],"player_experience":156225,"relics_obtained":[{"floor":8.0,"key":"Simple Rune"},{"floor":9.0,"key":"Molten Egg 2"},{"floor":11.0,"key":"ReplayTheSpireMod:Ring of Collecting"},{"floor":11.0,"key":"ReplayTheSpireMod:Ring of Sloth"}],"event_choices":[{"damage_healed":0.0,"max_hp_gain":0.0,"max_hp_loss":0.0,"gold_gain":175.0,"event_name":"Liars Game","player_choice":"AGREE","floor":4.0,"gold_loss":0.0,"damage_taken":0.0,"cards_obtained":["Doubt"]},{"cards_removed":["Strike_R"],"damage_healed":0.0,"max_hp_gain":0.0,"max_hp_loss":0.0,"gold_gain":0.0,"event_name":"Golden Wing","player_choice":"Card Removal","floor":10.0,"gold_loss":0.0,"damage_taken":7.0}],"is_beta":false,"boss_relics":[],"items_purged_floors":[7],"is_endless":false,"potions_floor_spawned":[8],"killed_by":"3 Sentries","ascension_level":1}}