{"host":"f0gpob8hq9vgebej","time":1611824822,"event":{"mods":["AchievementEnabler","BaseMod","Minty Spire (QoL Compilation)","Quick Restart","SuperFastMode"],"gold_per_floor":[116,129,146,34,45,45,65,80,80,111,122,138,172,172,172,270,270,287,16,26,26,26,26],"floor_reached":22,"language":"KOR","playtime":538,"items_purged":["Strike_B","Strike_B"],"score":300,"play_id":"f3a2b7ec-afcc-4427-845b-19b6fa4e9b23","local_time":"20210128180702","is_ascension_mode":true,"campfire_choices":[{"data":"Defragment","floor":6.0,"key":"SMITH"},{"data":"Static Discharge","floor":15.0,"key":"SMITH"}],"circlet_count":0,"master_deck":["AscendersBane","Defend_B","Defend_B+1","Zap+1","Dualcast","Defragment+1","Barrage","Sweeping Beam","Self Repair","Conserve Battery","Auto Shields","Tempest","Static Discharge+1","Coolheaded","Buffer","Creative AI","White Noise+1","Capacitor","White Noise","Conserve Battery"],"relics":["Cracked Core","Pantograph","Vajra","War Paint","Empty Cage","Membership Card"],"acts_visited":["Exordium","TheCity"],"potions_floor_usage":[],"damage_taken":[{"damage":4.0,"enemies":"Small Slimes","floor":1.0,"turns":4.0},{"damage":10.0,"enemies":"2 Louse","floor":2.0,"turns":3.0},{"damage":4.0,"enemies":"Jaw Worm","floor":3.0,"turns":3.0},{"damage":14.0,"enemies":"Blue Slaver","floor":5.0,"turns":4.0},{"damage":1.0,"enemies":"2 Fungi Beasts","floor":7.0,"turns":3.0},{"damage":13.0,"enemies":"3 Louse","floor":8.0,"turns":5.0},{"damage":21.0,"enemies":"Lagavulin","floor":10.0,"turns":7.0},{"damage":7.0,"enemies":"Looter","floor":11.0,"turns":4.0},{"damage":2.0,"enemies":"Blue Slaver","floor":12.0,"turns":3.0},{"damage":20.0,"enemies":"3 Sentries","floor":13.0,"turns":5.0},{"damage":31.0,"enemies":"Hexaghost","floor":16.0,"turns":11.0},{"damage":54,"enemies":"2 Thieves","floor":18,"turns":4},{"damage":9,"enemies":"Shell Parasite","floor":20,"turns":6},{"damage":19,"enemies":"Cultist and Chosen","floor":22,"turns":4}],"seed_played":"-850361175129874811","potions_obtained":[{"floor":1.0,"key":"SteroidPotion"},{"floor":2.0,"key":"Fruit Juice"},{"floor":7.0,"key":"EssenceOfDarkness"},{"floor":10.0,"key":"Block Potion"},{"floor":16.0,"key":"GamblersBrew"},{"floor":18,"key":"Energy Potion"}],"is_trial":false,"path_per_floor":["M","M","M","$","M","R","M","M","T","E","M","M","E","?","R","B",null,"M","$","M","?","M"],"character_chosen":"DEFECT","items_purchased":["Self Repair","Membership Card","Capacitor","White Noise"],"campfire_rested":0,"item_purchase_floors":[4,19,19,19],"current_hp_per_floor":[71,66,62,62,55,55,61,55,55,41,41,46,33,33,33,34,74,20,20,18,18,0,0],"gold":26,"neow_bonus":"TEN_PERCENT_HP_BONUS","is_daily":false,"chose_seed":false,"campfire_upgraded":2,"win_rate":0.0,"timestamp":1611824822,"path_taken":["M","M","M","$","M","R","M","M","T","E","M","M","E","?","R","BOSS","M","$","M","?","M"],"items_purchased_type":["Card","Relic","Card","Card"],"build_version":"2020-12-22","purchased_purges":2,"victory":false,"max_hp_per_floor":[82,87,87,87,87,87,87,87,87,87,87,87,87,87,87,87,87,87,87,87,87,87,87],"card_choices":[{"not_picked":["Storm","Skim"],"picked":"Defragment","floor":1.0},{"not_picked":["Redo","Sweeping Beam"],"picked":"Barrage","floor":2.0},{"not_picked":["Reinforced Body","Glacier"],"picked":"Sweeping Beam","floor":3.0},{"not_picked":["Stack","Barrage","Beam Cell"],"picked":"SKIP","floor":5.0},{"not_picked":["Doom and Gloom","Tempest"],"picked":"Conserve Battery","floor":7.0},{"not_picked":["Streamline","Consume"],"picked":"Auto Shields","floor":8.0},{"not_picked":["FTL","Recycle"],"picked":"Tempest","floor":10.0},{"not_picked":["Rebound","Self Repair"],"picked":"Static Discharge","floor":11.0},{"not_picked":["Glacier","Hologram"],"picked":"Coolheaded","floor":12.0},{"not_picked":["Genetic Algorithm","Streamline"],"picked":"Buffer","floor":13.0},{"not_picked":["Electrodynamics","Reboot"],"picked":"Creative AI","floor":16.0},{"not_picked":["Hologram","Beam Cell"],"picked":"White Noise+1","floor":18},{"not_picked":["Leap","Redo"],"picked":"Conserve Battery","floor":20}],"player_experience":279378,"relics_obtained":[{"floor":9.0,"key":"Pantograph"},{"floor":10.0,"key":"Vajra"},{"floor":13.0,"key":"War Paint"}],"event_choices":[{"cards_removed":["Strike_B"],"damage_healed":0.0,"max_hp_gain":0.0,"max_hp_loss":0.0,"gold_gain":0.0,"event_name":"Living Wall","player_choice":"Forget","floor":14.0,"gold_loss":0.0,"damage_taken":0.0},{"cards_removed":["Defend_B"],"damage_healed":0,"gold_gain":0,"player_choice":"Elegance","damage_taken":0,"max_hp_gain":0,"max_hp_loss":0,"event_name":"Back to Basics","floor":21,"gold_loss":0}],"is_beta":false,"boss_relics":[{"not_picked":["Coffee Dripper","Fusion Hammer"],"picked":"Empty Cage"}],"items_purged_floors":[4,19],"is_endless":false,"potions_floor_spawned":[1,2,7,10,16,18],"killed_by":"Cultist and Chosen","ascension_level":10}}