{"host":"aqym1xxr3lb31d9m","time":1611802365,"event":{"mods":["BaseMod","Block Reminder","Colored Map","Colored Powertips","DeckTracker","Highlight Path","Minty Spire (QoL Compilation)","Quick Restart","Random Character Button","StSLib","SuperFastMode","UnlockEverythingMod"],"gold_per_floor":[212,224,238,238,238,238,271,271,271,284,208,261,290,337,337,337,337],"floor_reached":16,"language":"JPN","playtime":571,"items_purged":[],"score":220,"play_id":"706f9beb-0bd1-4767-b234-bdf34af68aa0","local_time":"20210128115245","is_ascension_mode":true,"campfire_choices":[{"data":"Sweeping Beam","floor":6,"key":"SMITH"},{"floor":8,"key":"REST"},{"data":"Defragment","floor":15,"key":"SMITH"}],"circlet_count":0,"master_deck":["AscendersBane","Strike_B","Strike_B","Strike_B","Strike_B","Defend_B","Defend_B","Defend_B","Defend_B","Zap","Dualcast","Sweeping Beam","Sweeping Beam+1","BootSequence","Chill","Cold Snap","Defragment+1","Capacitor","Sunder","Amplify"],"relics":["Cracked Core","Golden Idol","Odd Mushroom","Toy Ornithopter","CeramicFish","Juzu Bracelet"],"acts_visited":["Exordium"],"potions_floor_usage":[12,14,16,16],"damage_taken":[{"damage":0,"enemies":"Small Slimes","floor":1,"turns":2},{"damage":2,"enemies":"2 Louse","floor":2,"turns":2},{"damage":9,"enemies":"Jaw Worm","floor":3,"turns":4},{"damage":22,"enemies":"The Mushroom Lair","floor":7,"turns":4},{"damage":2,"enemies":"Red Slaver","floor":10,"turns":3},{"damage":6,"enemies":"Gremlin Nob","floor":12,"turns":3},{"damage":3,"enemies":"Blue Slaver","floor":13,"turns":4},{"damage":9,"enemies":"3 Sentries","floor":14,"turns":11},{"damage":38,"enemies":"The Guardian","floor":16,"turns":13}],"seed_played":"-4284300010771516442","potions_obtained":[{"floor":7,"key":"FearPotion"},{"floor":10,"key":"EssenceOfSteel"},{"floor":12,"key":"Block Potion"},{"floor":14,"key":"EssenceOfSteel"}],"is_trial":false,"path_per_floor":["M","M","M","?","?","R","?","R","T","M","$","E","M","E","R","B"],"character_chosen":"DEFECT","items_purchased":["Defragment"],"campfire_rested":1,"item_purchase_floors":[11],"current_hp_per_floor":[64,62,53,58,32,32,10,32,32,30,30,29,26,22,22,0,0],"gold":337,"neow_bonus":"HUNDRED_GOLD","is_daily":false,"chose_seed":false,"campfire_upgraded":2,"win_rate":0.0,"timestamp":1611802365,"path_taken":["M","M","M","?","?","R","?","R","T","?","$","E","M","E","R","BOSS"],"items_purchased_type":["Card"],"build_version":"2020-12-22","purchased_purges":0,"victory":false,"max_hp_per_floor":[71,71,71,76,76,76,76,76,76,76,76,76,76,76,76,76,76],"card_choices":[{"not_picked":["Leap","Reinforced Body"],"picked":"Sweeping Beam","floor":1},{"not_picked":["Static Discharge","Coolheaded"],"picked":"Sweeping Beam","floor":2},{"not_picked":["Barrage","Coolheaded"],"picked":"BootSequence","floor":3},{"not_picked":["Go for the Eyes","Leap"],"picked":"Chill","floor":7},{"not_picked":["Scrape","Sweeping Beam"],"picked":"Cold Snap","floor":10},{"not_picked":["Aggregate","Stack"],"picked":"Capacitor","floor":12},{"not_picked":["Coolheaded","Barrage"],"picked":"Sunder","floor":13},{"not_picked":["Stack","Double Energy"],"picked":"Amplify","floor":14}],"player_experience":4116679,"relics_obtained":[{"floor":7,"key":"Odd Mushroom"},{"floor":9,"key":"Toy Ornithopter"},{"floor":12,"key":"CeramicFish"},{"floor":14,"key":"Juzu Bracelet"}],"event_choices":[{"damage_healed":0,"gold_gain":0,"player_choice":"Donut","damage_taken":0,"max_hp_gain":5,"max_hp_loss":0,"event_name":"Big Fish","floor":4,"gold_loss":0},{"damage_healed":0,"gold_gain":0,"player_choice":"Take Damage","damage_taken":26,"relics_obtained":["Golden Idol"],"max_hp_gain":0,"max_hp_loss":0,"event_name":"Golden Idol","floor":5,"gold_loss":0},{"damage_healed":0,"gold_gain":0,"player_choice":"Fought Mushrooms","damage_taken":0,"max_hp_gain":0,"max_hp_loss":0,"event_name":"Mushrooms","floor":7,"gold_loss":0}],"is_beta":false,"boss_relics":[],"items_purged_floors":[],"is_endless":false,"potions_floor_spawned":[7,10,12,14],"killed_by":"The Guardian","ascension_level":20}}