{"host":"igj4vwc42ivwqexo","time":1611837898,"event":{"mods":["BaseMod","Better Third Choice","Koishi","Marisa????????","Minty Spire (QoL Compilation)","Potionbrewer","Shop Mod","StS++","StSLib","The Disciple","The Hierophant","The Sage","The Servant 0.9.4"],"gold_per_floor":[12,12,12,65,78,78,118,189,189,189,220,243,264,304,304,424,424,443,62,62,85,108,140,140,239,262,313,313,345,363,402,402,523,523,545,563,174,188,198,198,260,299,299,299,339,339,378,392,392,392],"floor_reached":51,"language":"ENG","playtime":5176,"items_purged":["potionbrewer:PotionbrewerStrike","potionbrewer:PotionbrewerDefend"],"score":1162,"play_id":"4518e44c-c36d-48f1-81ec-e2cbdf2f63ba","local_time":"20210128134458","is_ascension_mode":true,"campfire_choices":[{"data":"potionbrewer:TheFinalStraw","floor":6.0,"key":"SMITH"},{"data":"potionbrewer:BlindingSpray","floor":10.0,"key":"SMITH"},{"data":"potionbrewer:CrossReference","floor":15.0,"key":"SMITH"},{"data":"potionbrewer:TheFinalStraw","floor":24.0,"key":"SMITH"},{"data":"potionbrewer:Bribery","floor":28.0,"key":"SMITH"},{"data":"potionbrewer:ChokingPowder","floor":32.0,"key":"SMITH"},{"data":"potionbrewer:Bribery","floor":40.0,"key":"SMITH"},{"data":"potionbrewer:MicrobeSpray","floor":44,"key":"SMITH"},{"data":"potionbrewer:ChemicalSpill","floor":46,"key":"SMITH"},{"data":"potionbrewer:WizBang","floor":49,"key":"SMITH"}],"circlet_count":0,"master_deck":["potionbrewer:PotionbrewerStrike","potionbrewer:PotionbrewerDefend+1","potionbrewer:PotionbrewerDefend","potionbrewer:Collect","potionbrewer:ChemicalSpill+1","potionbrewer:QuickStep+1","potionbrewer:FortifiedSerum","potionbrewer:BlindingSpray+1","potionbrewer:TheFinalStraw+1","potionbrewer:Shovel","potionbrewer:BalancedFormula","potionbrewer:CausticBarrier","potionbrewer:CrossReference+1","potionbrewer:Prototype","potionbrewer:EmptyBottle","potionbrewer:WizBang+1","potionbrewer:Bribery+1","potionbrewer:Backhand","potionbrewer:TheFinalStraw+1","potionbrewer:Backhand+1","potionbrewer:MicrobeSpray+1","potionbrewer:Prototype","potionbrewer:Prototype","potionbrewer:LabJournal","potionbrewer:ChokingPowder+1","potionbrewer:Bribery+1","potionbrewer:ChainReaction","potionbrewer:DigDeep","potionbrewer:ChainReaction","potionbrewer:Prototype","potionbrewer:Smack+1","potionbrewer:Prototype","potionbrewer:FuelCell+1"],"relics":["potionbrewer:PotionKit","Golden Idol","Tiny Chest","Anchor","Pantograph","PreservedInsect","potionbrewer:BunsenBurner","sagemod:Falmels_Amulet","Strange Spoon","Enchiridion","Bottled Tornado","Pen Nib","Ancient Tea Set","potionbrewer:BottledElixir","Akabeko","SlaversCollar","Sling","Bird Faced Urn","Sundial","StSpp:SailorCap","Vajra","potionbrewer:Torch"],"acts_visited":["Exordium","TheCity","TheBeyond"],"potions_floor_usage":[45,47,48,48,50,50,50],"damage_taken":[{"damage":4.0,"enemies":"2 Louse","floor":1.0,"turns":5.0},{"damage":0.0,"enemies":"Small Slimes","floor":5.0,"turns":4.0},{"damage":0.0,"enemies":"Gremlin Nob","floor":7.0,"turns":4.0},{"damage":13.0,"enemies":"3 Sentries","floor":8.0,"turns":6.0},{"damage":0.0,"enemies":"Lagavulin","floor":11.0,"turns":5.0},{"damage":0.0,"enemies":"Jaw Worm","floor":12.0,"turns":2.0},{"damage":0.0,"enemies":"Exordium Wildlife","floor":13.0,"turns":4.0},{"damage":1.0,"enemies":"3 Sentries","floor":14.0,"turns":5.0},{"damage":15.0,"enemies":"Hexaghost","floor":16.0,"turns":5.0},{"damage":0.0,"enemies":"2 Thieves","floor":18.0,"turns":3.0},{"damage":0.0,"enemies":"3 Byrds","floor":21.0,"turns":2.0},{"damage":4.0,"enemies":"Centurion and Healer","floor":22.0,"turns":4.0},{"damage":3.0,"enemies":"Slavers","floor":23.0,"turns":4.0},{"damage":0.0,"enemies":"Book of Stabbing","floor":29.0,"turns":3.0},{"damage":0.0,"enemies":"Chosen and Byrds","floor":30.0,"turns":3.0},{"damage":0.0,"enemies":"Slavers","floor":31.0,"turns":3.0},{"damage":0.0,"enemies":"Collector","floor":33.0,"turns":1.0},{"damage":0.0,"enemies":"3 Darklings","floor":35.0,"turns":3.0},{"damage":0.0,"enemies":"Orb Walker","floor":36.0,"turns":3.0},{"damage":0.0,"enemies":"Maw","floor":38.0,"turns":4.0},{"damage":0.0,"enemies":"4 Shapes","floor":39.0,"turns":3.0},{"damage":0.0,"enemies":"Mind Bloom Boss Battle","floor":41.0,"turns":5.0},{"damage":23.0,"enemies":"Nemesis","floor":42.0,"turns":5.0},{"damage":0,"enemies":"Reptomancer","floor":45,"turns":2},{"damage":0,"enemies":"Nemesis","floor":47,"turns":5},{"damage":0,"enemies":"Sphere and 2 Shapes","floor":48,"turns":3},{"damage":0,"enemies":"Donu and Deca","floor":50,"turns":4}],"seed_played":"5178118346806280335","potions_obtained":[{"floor":5.0,"key":"DistilledChaos"},{"floor":7.0,"key":"potionbrewer:NoxiousPotion"},{"floor":11.0,"key":"Dexterity Potion"},{"floor":14.0,"key":"Fruit Juice"},{"floor":16.0,"key":"potionbrewer:NoxiousPotion"},{"floor":21.0,"key":"LiquidBronze"},{"floor":22.0,"key":"SteroidPotion"},{"floor":30.0,"key":"Swift Potion"},{"floor":35.0,"key":"Explosive Potion"},{"floor":39.0,"key":"potionbrewer:ToxicPotion"},{"floor":41.0,"key":"potionbrewer:EndurancePotion"},{"floor":42.0,"key":"StSpp:ScatteredWeakPotion"},{"floor":47,"key":"FearPotion"}],"is_trial":false,"path_per_floor":["M","?","?","?","M","R","E","?","T","R","E","M","M","E","R","B",null,"M","$","?","M","M","E","R","?","T","T","R","E","M","E","R","B",null,"M","M","$","M","M","R","?","E","T","R","E","R","E","M","R","B",null],"character_chosen":"POTIONBREWER","items_purchased":["potionbrewer:TheFinalStraw","Strange Spoon","potionbrewer:DigDeep","Sling","potionbrewer:ChainReaction"],"campfire_rested":0,"item_purchase_floors":[19,19,37,37,37],"current_hp_per_floor":[71,53,53,53,53,53,53,40,40,40,40,40,40,39,39,57,83,83,83,67,67,63,60,60,60,60,60,60,60,60,60,60,83,83,83,83,83,83,83,83,83,62,62,62,68,68,76,83,83,83],"gold":392,"neow_bonus":"TRANSFORM_TWO_CARDS","is_daily":false,"chose_seed":false,"campfire_upgraded":10,"win_rate":0.0,"timestamp":1611837898,"path_taken":["M","?","?","?","M","R","E","?","T","R","E","M","M","E","R","BOSS","M","$","?","M","M","E","R","?","T","?","R","E","M","E","R","BOSS","M","?","$","M","M","R","?","E","T","R","E","R","E","M","R","BOSS"],"items_purchased_type":["Card","Relic","Card","Relic","Card"],"build_version":"2020-12-22","purchased_purges":2,"victory":true,"max_hp_per_floor":[75,75,75,75,75,75,75,75,75,75,75,75,75,75,75,83,83,83,83,83,83,83,83,83,83,83,83,83,83,83,83,83,83,83,83,83,83,83,83,83,83,83,83,83,83,83,83,83,83,83],"card_choices":[{"not_picked":["potionbrewer:OneTwoPunch","potionbrewer:TimeBomb"],"picked":"potionbrewer:BlindingSpray","floor":1.0},{"not_picked":["potionbrewer:CausticBarrier","potionbrewer:LabJournal"],"picked":"potionbrewer:Shovel","floor":5.0},{"not_picked":["potionbrewer:AcidCloud","potionbrewer:FortifiedSerum"],"picked":"potionbrewer:BalancedFormula","floor":7.0},{"not_picked":["potionbrewer:FlashPowder","potionbrewer:Smack"],"picked":"potionbrewer:CausticBarrier","floor":8.0},{"not_picked":["potionbrewer:BalancedFormula","potionbrewer:Backhand"],"picked":"potionbrewer:CrossReference","floor":11.0},{"not_picked":["potionbrewer:Contingency","potionbrewer:Biohazard","potionbrewer:AnotherRound"],"picked":"potionbrewer:Prototype","floor":12.0},{"not_picked":["potionbrewer:VolatileSolution","potionbrewer:TestFormula"],"picked":"potionbrewer:EmptyBottle","floor":13.0},{"not_picked":["potionbrewer:IronFist","potionbrewer:PotentialEnergy"],"picked":"potionbrewer:WizBang","floor":14.0},{"not_picked":["potionbrewer:BeatDown","potionbrewer:EquivalentExchange"],"picked":"potionbrewer:Bribery","floor":16.0},{"not_picked":["potionbrewer:Contingency","potionbrewer:CausticBarrier+1"],"picked":"potionbrewer:Backhand","floor":18.0},{"not_picked":["potionbrewer:Refill+1","potionbrewer:BlindingSpray+1"],"picked":"potionbrewer:Backhand+1","floor":21.0},{"not_picked":["potionbrewer:FlareUp","potionbrewer:PortableLab"],"picked":"potionbrewer:MicrobeSpray","floor":22.0},{"not_picked":["potionbrewer:Brandish","potionbrewer:Discombobulate+1","potionbrewer:HazardousWaste"],"picked":"potionbrewer:Prototype","floor":23.0},{"not_picked":["potionbrewer:BlindingSpray","potionbrewer:MicrobeSpray","potionbrewer:Contingency+1"],"picked":"potionbrewer:Prototype","floor":29.0},{"not_picked":["potionbrewer:CausticBarrier+1","potionbrewer:PrivateReserves"],"picked":"potionbrewer:LabJournal","floor":30.0},{"not_picked":["potionbrewer:Refill+1","potionbrewer:ExplosiveReaction"],"picked":"potionbrewer:ChokingPowder","floor":31.0},{"not_picked":["potionbrewer:BeatDown","potionbrewer:HazardousWaste"],"picked":"potionbrewer:Bribery","floor":33.0},{"not_picked":["potionbrewer:FlareUp","potionbrewer:ChemicalWeapons"],"picked":"potionbrewer:ChainReaction","floor":35.0},{"not_picked":["potionbrewer:QuickStep+1","potionbrewer:WizBang","potionbrewer:CausticBarrier"],"picked":"SKIP","floor":36.0},{"not_picked":["potionbrewer:ExothermicReaction","potionbrewer:QuickStep","potionbrewer:WizBang"],"picked":"SKIP","floor":38.0},{"not_picked":["potionbrewer:OneTwoPunch+1","potionbrewer:Refill+1","potionbrewer:MicrobeSpray"],"picked":"SKIP","floor":39.0},{"not_picked":["potionbrewer:Smokescreen+1","potionbrewer:Toxicity","potionbrewer:ChainReaction"],"picked":"potionbrewer:Prototype","floor":41.0},{"not_picked":["potionbrewer:FlashPowder+1","potionbrewer:ChainReaction+1"],"picked":"potionbrewer:Smack+1","floor":42.0},{"not_picked":["potionbrewer:QuickStep+1","potionbrewer:Toxicity","potionbrewer:LabAccident"],"picked":"SKIP","floor":45},{"not_picked":["potionbrewer:PrivateReserves+1","potionbrewer:PotentialEnergy","potionbrewer:BlindingSpray"],"picked":"potionbrewer:Prototype","floor":47},{"not_picked":["potionbrewer:VolatileSolution","potionbrewer:Smokescreen+1"],"picked":"potionbrewer:FuelCell+1","floor":48}],"player_experience":381704,"relics_obtained":[{"floor":7.0,"key":"Tiny Chest"},{"floor":8.0,"key":"Anchor"},{"floor":9.0,"key":"Pantograph"},{"floor":11.0,"key":"PreservedInsect"},{"floor":14.0,"key":"potionbrewer:BunsenBurner"},{"floor":20.0,"key":"Enchiridion"},{"floor":23.0,"key":"Bottled Tornado"},{"floor":26.0,"key":"Pen Nib"},{"floor":27.0,"key":"Ancient Tea Set"},{"floor":29.0,"key":"potionbrewer:BottledElixir"},{"floor":31.0,"key":"Akabeko"},{"floor":41.0,"key":"Bird Faced Urn"},{"floor":42.0,"key":"Sundial"},{"floor":43.0,"key":"StSpp:SailorCap"},{"floor":45,"key":"Vajra"},{"floor":47,"key":"potionbrewer:Torch"}],"event_choices":[{"damage_healed":0.0,"max_hp_gain":0.0,"max_hp_loss":0.0,"gold_gain":0.0,"event_name":"Golden Idol","player_choice":"Take Damage","floor":2.0,"gold_loss":0.0,"damage_taken":18.0,"relics_obtained":["Golden Idol"]},{"damage_healed":0.0,"max_hp_gain":0.0,"max_hp_loss":0.0,"gold_gain":0.0,"cards_transformed":["potionbrewer:PotionbrewerStrike"],"event_name":"Living Wall","player_choice":"Change","floor":3.0,"gold_loss":0.0,"damage_taken":0.0,"cards_obtained":["potionbrewer:TheFinalStraw"]},{"damage_healed":0.0,"max_hp_gain":0.0,"max_hp_loss":0.0,"gold_gain":53.0,"event_name":"Golden Wing","player_choice":"Gained Gold","floor":4.0,"gold_loss":0.0,"damage_taken":0.0},{"damage_healed":0.0,"max_hp_gain":0.0,"max_hp_loss":0.0,"gold_gain":0.0,"event_name":"Dead Adventurer","player_choice":"Searched \u00271\u0027 times","floor":8.0,"gold_loss":0.0,"damage_taken":0.0},{"damage_healed":0.0,"max_hp_gain":0.0,"max_hp_loss":0.0,"gold_gain":0.0,"event_name":"Cursed Tome","player_choice":"Obtained Book","floor":20.0,"gold_loss":0.0,"damage_taken":16.0},{"damage_healed":0.0,"max_hp_gain":0.0,"max_hp_loss":0.0,"gold_gain":99.0,"event_name":"betterThird:BetterNest","player_choice":"Steal","floor":25.0,"gold_loss":0.0,"damage_taken":0.0},{"damage_healed":0.0,"max_hp_gain":0.0,"max_hp_loss":0.0,"gold_gain":0.0,"event_name":"MindBloom","player_choice":"Fight","floor":41.0,"gold_loss":0.0,"damage_taken":0.0}],"is_beta":false,"boss_relics":[{"not_picked":["Snecko Eye","potionbrewer:AlchemistKit"],"picked":"sagemod:Falmels_Amulet"},{"not_picked":["Empty Cage","Fusion Hammer"],"picked":"SlaversCollar"}],"items_purged_floors":[19,37],"is_endless":false,"potions_floor_spawned":[5,7,11,14,16,21,22,30,35,39,41,42,47],"ascension_level":2}}