{"host":"p7j7o00jacnw7qzt","time":1611874648,"event":{"mods":["BaseMod","Colored Map","Colored Powertips","DeckTracker","Highlight Path","Minty Spire (QoL Compilation)","Relic Stats"],"gold_per_floor":[112,112,112,126,126,161,181,225,225,225,247,247,280,96,96,181,181,200,219,240,155,174,211,220,264,264,302,302,320,320,339,339,425,425,444,496,58,77,77,77,127,147,147,166,195,215,233,264,264,264,264,264,264,54,89,89,89],"floor_reached":56,"language":"ZHS","playtime":2800,"items_purged":["Strike_R","Strike_R","Strike_R"],"score":2120,"play_id":"ea9607ee-d334-4baa-8a54-beb66fc58b18","local_time":"20210128175728","is_ascension_mode":true,"campfire_choices":[{"data":"Whirlwind","floor":10.0,"key":"SMITH"},{"floor":12.0,"key":"RECALL"},{"floor":15.0,"key":"REST"},{"data":"Berserk","floor":28.0,"key":"SMITH"},{"data":"Inflame","floor":30.0,"key":"SMITH"},{"data":"Evolve","floor":32.0,"key":"SMITH"},{"data":"Bash","floor":40.0,"key":"SMITH"},{"floor":49.0,"key":"REST"},{"floor":53,"key":"REST"}],"circlet_count":0,"master_deck":["AscendersBane","Strike_R","Defend_R","Defend_R+1","Defend_R","Defend_R+1","Bash+1","Whirlwind+1","Warcry+1","Shockwave+1","Battle Trance+1","Deep Breath+1","True Grit+1","Berserk+1","Pommel Strike+1","Seeing Red+1","Body Slam+1","Necronomicurse","Evolve+1","Disarm+1","Inflame+1","Sentinel+1","Second Wind+1","Reaper+1","Limit Break+1"],"relics":["Burning Blood","NeowsBlessing","War Paint","Molten Egg 2","Toxic Egg 2","CeramicFish","Gremlin Horn","Cursed Key","Self Forming Clay","Question Card","Necronomicon","Singing Bowl","Anchor","Snecko Eye","Champion Belt","Ice Cream","Kunai","Prayer Wheel","Nunchaku"],"acts_visited":["Exordium","TheCity","TheBeyond","TheEnding"],"potions_floor_usage":[56,56],"damage_taken":[{"damage":0.0,"enemies":"Cultist","floor":1.0,"turns":1.0},{"damage":0.0,"enemies":"Small Slimes","floor":4.0,"turns":1.0},{"damage":0.0,"enemies":"Lagavulin","floor":6.0,"turns":1.0},{"damage":2.0,"enemies":"Jaw Worm","floor":7.0,"turns":5.0},{"damage":31.0,"enemies":"Gremlin Nob","floor":8.0,"turns":4.0},{"damage":8.0,"enemies":"Lots of Slimes","floor":11.0,"turns":2.0},{"damage":14.0,"enemies":"3 Sentries","floor":13.0,"turns":4.0},{"damage":24.0,"enemies":"The Guardian","floor":16.0,"turns":10.0},{"damage":12.0,"enemies":"Spheric Guardian","floor":18.0,"turns":11.0},{"damage":3.0,"enemies":"2 Thieves","floor":19.0,"turns":3.0},{"damage":18.0,"enemies":"Snake Plant","floor":20.0,"turns":3.0},{"damage":7.0,"enemies":"Chosen and Byrds","floor":22.0,"turns":5.0},{"damage":0.0,"enemies":"Gremlin Leader","floor":23.0,"turns":3.0},{"damage":0.0,"enemies":"Slavers","floor":25.0,"turns":1.0},{"damage":17.0,"enemies":"Book of Stabbing","floor":27.0,"turns":3.0},{"damage":0.0,"enemies":"Centurion and Healer","floor":31.0,"turns":4.0},{"damage":34.0,"enemies":"Collector","floor":33.0,"turns":7.0},{"damage":0.0,"enemies":"3 Darklings","floor":35.0,"turns":1.0},{"damage":5.0,"enemies":"2 Orb Walkers","floor":36.0,"turns":2.0},{"damage":5.0,"enemies":"Orb Walker","floor":38.0,"turns":3.0},{"damage":3.0,"enemies":"Maw","floor":42.0,"turns":4.0},{"damage":30.0,"enemies":"3 Darklings","floor":44.0,"turns":3.0},{"damage":8.0,"enemies":"Reptomancer","floor":45.0,"turns":3.0},{"damage":44.0,"enemies":"Transient","floor":46.0,"turns":6.0},{"damage":2.0,"enemies":"Jaw Worm Horde","floor":47.0,"turns":2.0},{"damage":2.0,"enemies":"Nemesis","floor":48.0,"turns":3.0},{"damage":19.0,"enemies":"Donu and Deca","floor":50.0,"turns":6.0},{"damage":15,"enemies":"Time Eater","floor":51,"turns":5},{"damage":86,"enemies":"Shield and Spear","floor":55,"turns":5},{"damage":66,"enemies":"The Heart","floor":56,"turns":6}],"seed_played":"1351136408146155591","potions_obtained":[{"floor":6.0,"key":"LiquidBronze"},{"floor":7.0,"key":"Block Potion"},{"floor":13.0,"key":"Ancient Potion"},{"floor":22.0,"key":"ColorlessPotion"},{"floor":23.0,"key":"Block Potion"},{"floor":31.0,"key":"Energy Potion"},{"floor":33.0,"key":"SteroidPotion"},{"floor":45.0,"key":"Fruit Juice"},{"floor":46.0,"key":"PowerPotion"}],"is_trial":false,"path_per_floor":["M","?","?","M","T","E","M","E","T","R","M","R","E","$","R","B",null,"M","M","M","?","M","E","?","E","T","E","R","?","R","M","R","B",null,"M","?","$","M","?","R","?","M","T","M","E","M","M","E","R","B","B",null,"R","$","E","B"],"character_chosen":"IRONCLAD","items_purchased":["Deep Breath+1","True Grit+1","Ice Cream","DuplicationPotion"],"campfire_rested":3,"item_purchase_floors":[14,14,37,54],"current_hp_per_floor":[74,48,48,54,54,60,64,39,39,39,37,37,29,29,51,33,65,59,62,50,50,49,55,34,40,40,29,29,29,29,35,35,7,58,66,69,69,77,77,77,77,83,83,61,78,45,51,57,85,85,76,91,96,96,40,0,0],"gold":89,"neow_bonus":"THREE_ENEMY_KILL","is_daily":false,"chose_seed":false,"campfire_upgraded":5,"win_rate":0.0,"timestamp":1611874648,"path_taken":["M","?","?","?","?","E","M","E","T","R","M","R","E","$","R","BOSS","M","M","?","?","M","E","?","E","T","E","R","?","R","M","R","BOSS","M","?","$","M","?","R","?","M","T","M","E","?","M","E","R","BOSS","BOSS","R","$","E","BOSS"],"items_purchased_type":["Card","Card","Relic","Potion"],"build_version":"2020-12-22","purchased_purges":3,"victory":false,"max_hp_per_floor":[75,75,75,75,75,75,75,75,75,75,75,75,75,75,75,75,75,75,75,75,75,75,75,75,75,75,75,75,75,75,75,75,75,75,77,79,79,81,81,81,81,83,83,85,87,92,94,96,96,96,96,96,96,96,98,98,98],"relic_stats":{"Gremlin Horn":[13,15],"Singing Bowl":18,"counters":[30,117],"Self Forming Clay":[135],"CeramicFish":153,"War Paint":["Defend_R","Defend_R"],"Cursed Key":0,"Question Card":14,"Burning Blood":168,"Nunchaku":[1],"Snecko Eye":[88,102,87,94],"Prayer Wheel":0,"Necronomicon":[38],"Champion Belt":[19],"Kunai":[9],"obtain_stats":[{"Ice Cream":37,"NeowsBlessing":0,"Gremlin Horn":13,"Singing Bowl":25,"Self Forming Clay":21,"CeramicFish":8,"War Paint":2,"Cursed Key":17,"Question Card":23,"Burning Blood":0,"Anchor":27,"Nunchaku":55,"Snecko Eye":34,"Molten Egg 2":5,"Prayer Wheel":48,"Necronomicon":24,"Champion Belt":36,"Kunai":45,"Toxic Egg 2":6},{"Ice Cream":19,"NeowsBlessing":0,"Gremlin Horn":7,"Singing Bowl":14,"Self Forming Clay":11,"CeramicFish":5,"War Paint":1,"Cursed Key":8,"Question Card":13,"Burning Blood":0,"Anchor":15,"Nunchaku":29,"Snecko Eye":17,"Molten Egg 2":2,"Prayer Wheel":26,"Necronomicon":13,"Champion Belt":19,"Kunai":23,"Toxic Egg 2":3},{"Ice Cream":71,"NeowsBlessing":0,"Gremlin Horn":18,"Singing Bowl":54,"Self Forming Clay":45,"CeramicFish":12,"War Paint":1,"Cursed Key":28,"Question Card":53,"Burning Blood":0,"Anchor":57,"Nunchaku":111,"Snecko Eye":68,"Molten Egg 2":2,"Prayer Wheel":95,"Necronomicon":53,"Champion Belt":71,"Kunai":84,"Toxic Egg 2":3}]},"card_choices":[{"not_picked":["Havoc","Seeing Red"],"picked":"Whirlwind","floor":1.0},{"not_picked":["Anger","Clash","Wild Strike"],"picked":"SKIP","floor":4.0},{"not_picked":["Sever Soul+1","Wild Strike+1"],"picked":"Flex+1","floor":6.0},{"not_picked":["Clothesline+1","Spot Weakness+1"],"picked":"Warcry+1","floor":7.0},{"not_picked":["Perfected Strike+1","Sword Boomerang+1"],"picked":"Shockwave+1","floor":8.0},{"not_picked":["Seeing Red+1","Warcry+1"],"picked":"Battle Trance+1","floor":11.0},{"not_picked":["Headbutt+1","Perfected Strike+1","Wild Strike+1"],"picked":"SKIP","floor":13.0},{"not_picked":["Juggernaut","Double Tap+1"],"picked":"Berserk","floor":16.0},{"not_picked":["Flex+1","Thunderclap+1"],"picked":"Pommel Strike+1","floor":18.0},{"not_picked":["Burning Pact+1","Heavy Blade+1"],"picked":"Seeing Red+1","floor":19.0},{"not_picked":["Wild Strike+1","Heavy Blade+1"],"picked":"Body Slam+1","floor":20.0},{"not_picked":["Armaments+1","Immolate+1","Clothesline+1"],"picked":"SKIP","floor":22.0},{"not_picked":["Seeing Red+1","Iron Wave+1"],"picked":"Double Tap+1","floor":23.0},{"not_picked":["Flex+1","Inflame+1","Seeing Red+1"],"picked":"Evolve","floor":25.0},{"not_picked":["Flame Barrier+1","Dual Wield+1","Armaments+1"],"picked":"Disarm+1","floor":27.0},{"not_picked":["Havoc+1","Shrug It Off+1","Twin Strike+1"],"picked":"Second Wind+1","floor":31.0},{"not_picked":["Feed+1","Berserk","Brutality"],"picked":"Reaper+1","floor":33.0},{"not_picked":["True Grit+1","Wild Strike+1","Seeing Red+1","Clash+1"],"picked":"Singing Bowl","floor":35.0},{"not_picked":["Havoc+1","Anger+1","Spot Weakness+1","Wild Strike+1"],"picked":"Singing Bowl","floor":36.0},{"not_picked":["Disarm+1","Cleave+1","Searing Blow+1","Armaments+1"],"picked":"Singing Bowl","floor":38.0},{"not_picked":["Body Slam+1","True Grit+1","Exhume+1","Twin Strike+1"],"picked":"Singing Bowl","floor":42.0},{"not_picked":["Spot Weakness+1","Cleave+1","Searing Blow+1","Wild Strike+1"],"picked":"Singing Bowl","floor":44.0},{"not_picked":["Wild Strike+1","Twin Strike+1","Warcry+1","Inflame"],"picked":"Singing Bowl","floor":45.0},{"not_picked":["Clash+1","Flex+1","Thunderclap+1"],"picked":"Limit Break+1","floor":46.0},{"not_picked":["Second Wind+1","Disarm+1","Twin Strike+1","Rupture"],"picked":"Singing Bowl","floor":47.0},{"not_picked":["Armaments+1","Immolate+1","Havoc+1","Clash+1"],"picked":"Singing Bowl","floor":48.0},{"not_picked":["Cleave+1","Dual Wield+1","Rampage+1","Whirlwind+1"],"picked":"Singing Bowl","floor":55}],"player_experience":1055916,"relics_obtained":[{"floor":5.0,"key":"Molten Egg 2"},{"floor":6.0,"key":"Toxic Egg 2"},{"floor":8.0,"key":"CeramicFish"},{"floor":13.0,"key":"Gremlin Horn"},{"floor":23.0,"key":"Question Card"},{"floor":24.0,"key":"Necronomicon"},{"floor":25.0,"key":"Singing Bowl"},{"floor":27.0,"key":"Anchor"},{"floor":36.0,"key":"Champion Belt"},{"floor":45.0,"key":"Kunai"},{"floor":48.0,"key":"Prayer Wheel"},{"floor":55,"key":"Nunchaku"}],"event_choices":[{"damage_healed":0.0,"max_hp_gain":0.0,"max_hp_loss":0.0,"gold_gain":0.0,"event_name":"Scrap Ooze","player_choice":"Success","floor":2.0,"gold_loss":0.0,"damage_taken":26.0,"relics_obtained":["War Paint"]},{"cards_removed":["Strike_R"],"damage_healed":0.0,"max_hp_gain":0.0,"max_hp_loss":0.0,"gold_gain":0.0,"event_name":"Bonfire Elementals","player_choice":"Offered Basic","floor":3.0,"gold_loss":0.0,"damage_taken":0.0},{"damage_healed":0.0,"max_hp_gain":0.0,"max_hp_loss":0.0,"gold_gain":0.0,"event_name":"Addict","player_choice":"Obtained Relic","floor":21.0,"gold_loss":85.0,"damage_taken":0.0,"relics_obtained":["Self Forming Clay"]},{"damage_healed":0.0,"max_hp_gain":0.0,"max_hp_loss":0.0,"gold_gain":0.0,"event_name":"Cursed Tome","player_choice":"Obtained Book","floor":24.0,"gold_loss":0.0,"damage_taken":21.0},{"damage_healed":0.0,"max_hp_gain":0.0,"max_hp_loss":0.0,"gold_gain":0.0,"cards_transformed":["Double Tap","Flex"],"event_name":"Drug Dealer","player_choice":"Became Test Subject","floor":29.0,"gold_loss":0.0,"damage_taken":0.0,"cards_obtained":["Inflame","Sentinel"]},{"damage_healed":0.0,"max_hp_gain":0.0,"max_hp_loss":0.0,"gold_gain":0.0,"event_name":"Mysterious Sphere","player_choice":"Fight","floor":36.0,"gold_loss":0.0,"damage_taken":0.0},{"damage_healed":0.0,"max_hp_gain":0.0,"max_hp_loss":0.0,"gold_gain":0.0,"event_name":"Tomb of Lord Red Mask","player_choice":"Ignored","floor":39.0,"gold_loss":0.0,"damage_taken":0.0},{"damage_healed":0.0,"max_hp_gain":0.0,"max_hp_loss":0.0,"gold_gain":50.0,"event_name":"Golden Shrine","player_choice":"Pray","floor":41.0,"gold_loss":0.0,"damage_taken":0.0}],"is_beta":false,"boss_relics":[{"not_picked":["Ectoplasm","SacredBark"],"picked":"Cursed Key"},{"not_picked":["Philosopher\u0027s Stone","Tiny House"],"picked":"Snecko Eye"}],"items_purged_floors":[14,37,54],"is_endless":false,"potions_floor_spawned":[6,7,13,22,23,31,33,42,45,46,48],"killed_by":"The Heart","ascension_level":20}}