{"host":"ap3aq95vjy3mho2f","time":1611848427,"event":{"mods":["BaseMod","Downfall","Duelist Mod","Minty Spire (QoL Compilation)","Replay The Spire","StSLib","The Senshi","The Servant 0.9.4"],"gold_per_floor":[99,109,125,143,143,43,43,143,143,162,312,328,228,32,45,147,147,147,147,147,147,147,147,147,160,180,265,297,316,335,435,447,548,548,633,643,693,707,707,717,717,12,12,50,50,50,50,50,63,63,63,63],"floor_reached":50,"language":"ZHS","playtime":3468,"items_purged":[],"score":600,"play_id":"4823a2c6-0777-4635-810c-6305c5e99c5c","local_time":"20210128234027","is_ascension_mode":false,"campfire_choices":[{"floor":1,"key":"RECALL"},{"data":"hexamod:SpectersWail","floor":6,"key":"SMITH"},{"floor":13,"key":"REST"},{"data":"hexamod:ForkedFlame","floor":43,"key":"SMITH"},{"floor":45,"key":"REST"},{"data":"hexamod:WildfireWeapon","floor":47,"key":"SMITH"}],"circlet_count":0,"master_deck":["hexamod:Strike+1","hexamod:Strike+1","hexamod:Strike+1","hexamod:Defend+1","hexamod:Defend+1","hexamod:Sear","hexamod:Float","hexamod:InspiringFlames+1","hexamod:SpectersWail+1","hexamod:SwordOfDarkness","hexamod:ForkedFlame+1","hexamod:ParanormalForm","hexamod:Rewind","hexamod:GhostOfSpirePast","hexamod:BacktrackSmack","expansioncontent:DashGenerateEvil+1","hexamod:FirstSeal","hexamod:GhostflameInferno+1","Shame","hexamod:ThermalTransfer+1","RitualDagger+1","hexamod:GhostOfSpireFuture+1","hexamod:WildfireWeapon+1","hexamod:Hexaguard","hexamod:NightmareGuise","hexamod:DynamicBlow","hexamod:Firestarter","hexamod:FifthSeal","hexamod:Incineration","hexamod:RainOfEmbers","hexamod:SecondSeal","hexamod:FourthSeal","hexamod:ThirdSeal","hexamod:SkipABeat+1","hexamod:BacktrackSmack+1","hexamod:EmpoweredFlame","hexamod:BacktrackSmack","hexamod:HauntingEcho","hexamod:GhostOfSpirePresent+1","hexamod:EtherealExpedition","hexamod:CatchUp+1"],"relics":["hexamod:SpiritBrand","downfall:HeartBlessingRed","downfall:HeartBlessingBlue","Honey Jar","Meat on the Bone","Anchor","hexamod:IceCube","CaptainsWheel","Mango","Chemical X","Bottled Lightning","theSenshi:SailorFukuRelic","Guide Book","Onion Ring"],"acts_visited":["Exordium","TheCity","TheBeyond"],"potions_floor_usage":[16,16,33,33,33,37,50,50,50,50],"damage_taken":[{"damage":0,"enemies":"Cultist","floor":2,"turns":3},{"damage":7,"enemies":"Small Slimes","floor":3,"turns":4},{"damage":0,"enemies":"2 Louse","floor":4,"turns":3},{"damage":35,"enemies":"downfall:Heads","floor":8,"turns":9},{"damage":11,"enemies":"2 Fungi Beasts","floor":10,"turns":3},{"damage":4,"enemies":"Gremlin Gang","floor":12,"turns":4},{"damage":0,"enemies":"downfall:FleeingMerchant","floor":14,"turns":4},{"damage":14,"enemies":"2 Fungi Beasts","floor":15,"turns":3},{"damage":12,"enemies":"IC_STATUS_ARCHETYPE","floor":16,"turns":7},{"damage":0,"enemies":"Chosen","floor":19,"turns":1},{"damage":0,"enemies":"Spheric Guardian","floor":25,"turns":3},{"damage":13,"enemies":"Centurion and Healer","floor":26,"turns":5},{"damage":21,"enemies":"Gremlin Leader","floor":28,"turns":6},{"damage":15,"enemies":"Shelled Parasite and Fungi","floor":29,"turns":5},{"damage":0,"enemies":"Snecko","floor":30,"turns":3},{"damage":0,"enemies":"Centurion and Healer","floor":32,"turns":5},{"damage":45,"enemies":"DF_ARCHETYPE_CLAW","floor":33,"turns":8},{"damage":10,"enemies":"3 Darklings","floor":36,"turns":5},{"damage":29,"enemies":"3 Darklings","floor":37,"turns":4},{"damage":0,"enemies":"Orb Walker","floor":38,"turns":2},{"damage":8,"enemies":"Spire Growth","floor":40,"turns":4},{"damage":10,"enemies":"downfall:FleeingMerchant","floor":42,"turns":4},{"damage":0,"enemies":"downfall:FleeingMerchant","floor":44,"turns":4},{"damage":1,"enemies":"Transient","floor":49,"turns":5},{"damage":119,"enemies":"WA_ARCHETYPE_DIVINITY","floor":50,"turns":7}],"seed_played":"1964378223637022871","potions_obtained":[{"floor":10,"key":"SpeedPotion"},{"floor":12,"key":"DistilledChaos"},{"floor":15,"key":"Explosive Potion"},{"floor":22,"key":"CultistPotion"},{"floor":25,"key":"Explosive Potion"},{"floor":26,"key":"Block Potion"},{"floor":28,"key":"SkillPotion"},{"floor":37,"key":"Fire Potion"},{"floor":40,"key":"Fire Potion"},{"floor":44,"key":"Fire Potion"}],"is_trial":false,"path_per_floor":["R","M","M","M","?","R","T","?","?","M","?","M","R","$","M","B",null,"R","M","?","?","?","?","T","M","M","?","E","M","M","?","M","B",null,"R","M","?","M","?","M","T","$","R","$","R","?","R","?","M","B"],"character_chosen":"THE_SPIRIT","items_purchased":["expansioncontent:DashGenerateEvil","hexamod:EmpoweredFlame","hexamod:BacktrackSmack","hexamod:HauntingEcho","Chemical X","BlessingOfTheForge","Bottled Lightning","Milkshake","theSenshi:SailorFukuRelic","Guide Book"],"campfire_rested":2,"item_purchase_floors":[14,42,42,42,42,42,42,42,44,44],"current_hp_per_floor":[77,77,70,70,70,70,70,35,35,24,24,20,56,56,42,37,87,87,87,87,87,87,87,87,87,81,67,46,50,50,50,57,31,87,87,84,62,69,69,61,75,65,65,65,95,95,95,95,94,0,0,0],"gold":63,"neow_bonus":"TEN_PERCENT_HP_BONUS","is_daily":false,"chose_seed":false,"campfire_upgraded":3,"win_rate":0.0,"timestamp":1611848427,"path_taken":["R","M","M","?","?","R","T","?","?","?","?","M","R","$","M","BOSS","R","M","?","?","?","?","T","M","?","?","E","M","M","?","M","BOSS","R","M","?","M","?","M","T","$","R","$","R","?","R","?","M","BOSS"],"items_purchased_type":["Card","Card","Card","Card","Relic","Potion","Relic","Potion","Relic","Relic"],"build_version":"2020-12-22","purchased_purges":0,"victory":false,"max_hp_per_floor":[77,77,77,77,77,77,77,77,77,77,77,77,87,87,87,87,87,87,87,87,87,87,87,87,87,87,87,87,87,87,87,87,87,87,87,87,87,87,87,87,101,101,101,101,101,101,101,101,101,101,101,101],"card_choices":[{"not_picked":["hexamod:GhostShield","hexamod:BacktrackSmack"],"picked":"hexamod:InspiringFlames","floor":2},{"not_picked":["hexamod:InspiringFlames","hexamod:GhostLash"],"picked":"hexamod:AdvancingGuard","floor":3},{"not_picked":["hexamod:InspiringFlames","hexamod:NightmareStrike"],"picked":"hexamod:SpectersWail","floor":4},{"not_picked":["hexamod:Hexaguard","hexamod:ShieldOfDarkness"],"picked":"hexamod:ForkedFlame","floor":8},{"not_picked":["hexamod:InspiringFlames","hexamod:BacktrackSmack"],"picked":"hexamod:Rewind","floor":10},{"not_picked":["hexamod:AdvancingGuard","hexamod:PhantomCloak"],"picked":"hexamod:GhostOfSpirePast","floor":12},{"not_picked":["hexamod:AdvancingGuard","hexamod:InspiringFlames"],"picked":"hexamod:BacktrackSmack","floor":14},{"not_picked":["hexamod:PhantomCloak","hexamod:SpectersWail"],"picked":"hexamod:FirstSeal","floor":15},{"not_picked":["hexamod:ForkedFlame","hexamod:UnleashSpirits"],"picked":"hexamod:GhostflameInferno","floor":16},{"not_picked":["hexamod:Firestarter+1","hexamod:Hexaguard","hexamod:NightmareGuise"],"picked":"hexamod:ThermalTransfer+1","floor":19},{"not_picked":["hexamod:Haunt","hexamod:GhostOfSpirePast","hexamod:HeatMetal"],"picked":"hexamod:GhostOfSpireFuture+1","floor":25},{"not_picked":["hexamod:ThermalTransfer","hexamod:HeatCrush","hexamod:SecondSeal"],"picked":"hexamod:WildfireWeapon","floor":26},{"not_picked":["hexamod:ShieldOfDarkness","hexamod:ParanormalForm","hexamod:SpectralAdrenaline+1"],"picked":"hexamod:Hexaguard","floor":28},{"not_picked":["hexamod:ThirdSeal","hexamod:ThermalTransfer","hexamod:RadiantFlame"],"picked":"hexamod:NightmareGuise","floor":29},{"not_picked":["hexamod:GhostLash","hexamod:GhostShield","hexamod:ThermalTransfer"],"picked":"hexamod:DynamicBlow","floor":30},{"not_picked":["hexamod:ShieldOfDarkness+1","hexamod:Hexaguard+1","hexamod:SpectersWail"],"picked":"hexamod:Firestarter","floor":32},{"not_picked":["hexamod:SixthSeal","hexamod:GhostflameInferno","hexamod:SearingWound"],"picked":"hexamod:FifthSeal","floor":33},{"not_picked":["hexamod:HauntingEcho","hexamod:SwordOfDarkness","hexamod:ThermalTransfer+1"],"picked":"hexamod:Incineration","floor":36},{"not_picked":["hexamod:ThermalTransfer+1","hexamod:Hexaguard","hexamod:ShieldOfDarkness+1"],"picked":"hexamod:RainOfEmbers","floor":37},{"not_picked":["hexamod:Firestarter+1","hexamod:HeatMetal","hexamod:AdvancingGuard+1"],"picked":"hexamod:SecondSeal","floor":38},{"not_picked":["hexamod:SpectralAdrenaline+1","hexamod:FastForward","hexamod:GhostOfSpireFuture"],"picked":"hexamod:SkipABeat+1","floor":40},{"not_picked":["hexamod:NightmareGuise","hexamod:ThermalTransfer","hexamod:Incineration+1"],"picked":"hexamod:BacktrackSmack+1","floor":42},{"not_picked":["hexamod:BacktrackSmack","hexamod:NightmareGuise","hexamod:InspiringFlames"],"picked":"hexamod:GhostOfSpirePresent","floor":44},{"not_picked":["hexamod:ThirdSeal","hexamod:Firestarter+1","hexamod:SpectersWail"],"picked":"hexamod:EtherealExpedition","floor":49},{"not_picked":["hexamod:ThermalTransfer+1","hexamod:BurningTouch+1","hexamod:RecurringNightmare+1"],"picked":"hexamod:CatchUp+1","floor":49}],"player_experience":3063,"relics_obtained":[{"floor":24,"key":"Meat on the Bone"},{"floor":28,"key":"Anchor"},{"floor":37,"key":"CaptainsWheel"},{"floor":41,"key":"Mango"},{"floor":46,"key":"Onion Ring"}],"event_choices":[{"damage_healed":0,"gold_gain":0,"player_choice":"Ignored","damage_taken":0,"max_hp_gain":0,"max_hp_loss":0,"event_name":"Vampires","floor":21,"gold_loss":0},{"damage_healed":0,"gold_gain":0,"player_choice":"Forge","damage_taken":0,"max_hp_gain":0,"max_hp_loss":0,"event_name":"Accursed Blacksmith","floor":48,"gold_loss":0,"cards_upgraded":["expansioncontent:DashGenerateEvil"]}],"is_beta":false,"boss_relics":[{"not_picked":["Kintsugi","Runic Pyramid"],"picked":"Honey Jar"},{"not_picked":["SacredBark","Replay:Drink Me"],"picked":"hexamod:IceCube"}],"items_purged_floors":[],"is_endless":false,"potions_floor_spawned":[10,12,15,25,26,28,37,40,49],"killed_by":"WA_ARCHETYPE_DIVINITY","ascension_level":0}}