{"host":"kkntor5wdjky96yl","time":1611851534,"event":{"mods":["AchievementEnabler","BaseMod","Colored Map","KOR Keyword Fix","Minty Spire (QoL Compilation)","Shop Mod","StSLib","SuperFastMode","Swap Starting Deck Mod"],"gold_per_floor":[116,192,39,114,125,159,159,159,234,265,265,276,164,175,175,271,271,284,284,284,300,310,310,340,355,379,379,404,404,417,435,435,538,538,550,550,550,565,615,615,640,640,663,508,285,285,2,17,17,17],"floor_reached":51,"language":"KOR","playtime":1673,"items_purged":["Bouncing Flask","Grand Finale"],"score":951,"play_id":"17e113b6-d3e2-4deb-a8e1-f641f7035f5c","local_time":"20210129013214","is_ascension_mode":true,"campfire_choices":[{"data":"Neutralize","floor":8,"key":"SMITH"},{"data":"Cloak And Dagger","floor":11,"key":"SMITH"},{"data":"Cloak And Dagger","floor":15,"key":"SMITH"},{"data":"Footwork","floor":23,"key":"SMITH"},{"floor":27,"key":"REST"},{"data":"Malaise","floor":29,"key":"SMITH"},{"data":"Phantasmal Killer","floor":32,"key":"SMITH"},{"data":"Blade Dance","floor":42,"key":"SMITH"},{"data":"Blade Dance","floor":46,"key":"SMITH"},{"data":"Glass Knife","floor":49,"key":"SMITH"}],"circlet_count":0,"master_deck":["Strike_G+1","Strike_G+1","Strike_G+1","Strike_G+1","Strike_G+1","Defend_G+1","Defend_G+1","Defend_G+1","Defend_G+1","Defend_G+1","Survivor+1","Neutralize+1","Backstab","Cloak And Dagger+1","Masterful Stab","Cloak And Dagger+1","Glass Knife+1","Footwork+1","Malaise+1","Terror+1","PiercingWail+1","Masterful Stab","Phantasmal Killer+1","Storm of Steel+1","CurseOfTheBell","Outmaneuver","Blade Dance+1","Skewer+1","Masterful Stab","Blade Dance+1","Parasite"],"relics":["Ring of the Snake","NeowsBlessing","Membership Card","Ginger","Kunai","Vajra","WristBlade","Shuriken","Regal Pillow","Toy Ornithopter","Mummified Hand","Unceasing Top","Torii","Bag of Preparation","Bronze Scales","Happy Flower","Oddly Smooth Stone","MerchantsRug","Tingsha","Incense Burner"],"acts_visited":["Exordium","TheCity","TheBeyond"],"potions_floor_usage":[28,33,50,50],"damage_taken":[{"damage":0,"enemies":"Jaw Worm","floor":1,"turns":1},{"damage":0,"enemies":"2 Louse","floor":5,"turns":1},{"damage":0,"enemies":"Lagavulin","floor":6,"turns":1},{"damage":27,"enemies":"3 Sentries","floor":10,"turns":11},{"damage":0,"enemies":"Small Slimes","floor":12,"turns":2},{"damage":3,"enemies":"Blue Slaver","floor":14,"turns":2},{"damage":33,"enemies":"Slime Boss","floor":16,"turns":12},{"damage":0,"enemies":"Spheric Guardian","floor":18,"turns":2},{"damage":0,"enemies":"Shell Parasite","floor":21,"turns":2},{"damage":12,"enemies":"Snake Plant","floor":22,"turns":3},{"damage":5,"enemies":"Slavers","floor":24,"turns":5},{"damage":9,"enemies":"Shelled Parasite and Fungi","floor":25,"turns":2},{"damage":3,"enemies":"Book of Stabbing","floor":28,"turns":3},{"damage":0,"enemies":"Chosen and Byrds","floor":30,"turns":4},{"damage":0,"enemies":"Snake Plant","floor":31,"turns":2},{"damage":27,"enemies":"Collector","floor":33,"turns":6},{"damage":0,"enemies":"3 Shapes","floor":35,"turns":2},{"damage":17,"enemies":"3 Darklings","floor":38,"turns":3},{"damage":24,"enemies":"Mind Bloom Boss Battle","floor":39,"turns":6},{"damage":0,"enemies":"Reptomancer","floor":41,"turns":5},{"damage":0,"enemies":"Writhing Mass","floor":48,"turns":3},{"damage":44,"enemies":"Awakened One","floor":50,"turns":11}],"seed_played":"5328107696126117100","potions_obtained":[{"floor":1,"key":"Swift Potion"},{"floor":6,"key":"Block Potion"},{"floor":16,"key":"LiquidMemories"},{"floor":28,"key":"Weak Potion"},{"floor":31,"key":"Fire Potion"},{"floor":38,"key":"SpeedPotion"},{"floor":39,"key":"SteroidPotion"}],"is_trial":false,"path_per_floor":["M","?","$","?","M","E","?","R","T","E","R","M","$","M","R","B",null,"M","?","?","M","M","R","E","M","T","R","E","R","M","M","R","B",null,"M","?","?","M","?","?","E","R","T","$","$","R","$","M","R","B",null],"character_chosen":"THE_SILENT","items_purchased":["Membership Card","Vajra","Glass Knife","Masterful Stab","Bronze Scales","Happy Flower","Oddly Smooth Stone","Blade Dance","MerchantsRug","Tingsha","Incense Burner"],"campfire_rested":1,"item_purchase_floors":[3,13,13,44,44,45,45,45,47,47,47],"current_hp_per_floor":[70,70,70,59,59,59,59,59,59,32,32,32,47,44,44,11,55,55,55,55,55,43,43,38,29,29,65,62,62,62,62,62,40,63,63,63,63,46,22,61,75,75,75,75,75,75,75,75,75,41],"gold":17,"neow_bonus":"THREE_ENEMY_KILL","is_daily":false,"chose_seed":false,"campfire_upgraded":9,"win_rate":0.0,"timestamp":1611851534,"path_taken":["M","?","$","?","M","E","?","R","T","E","R","M","?","?","R","BOSS","M","?","?","?","M","R","E","M","T","R","E","R","M","M","R","BOSS","M","?","?","?","?","?","E","R","T","?","$","R","$","M","R","BOSS"],"items_purchased_type":["Relic","Relic","Card","Card","Relic","Relic","Relic","Card","Relic","Relic","Relic"],"build_version":"2020-12-22","purchased_purges":2,"victory":true,"max_hp_per_floor":[70,70,70,70,70,70,70,70,70,70,70,70,70,70,70,70,70,70,70,70,70,70,70,70,70,70,70,70,70,70,70,70,70,70,70,70,70,70,70,61,75,75,75,75,75,75,75,75,75,75],"card_choices":[{"not_picked":["Eviscerate","Predator"],"picked":"Backstab","floor":1},{"not_picked":["Deadly Poison","Tactician"],"picked":"Cloak And Dagger","floor":5},{"not_picked":["Prepared","Finisher"],"picked":"Masterful Stab","floor":6},{"not_picked":["Accuracy","Underhanded Strike"],"picked":"Grand Finale","floor":10},{"not_picked":["Prepared","Flechettes"],"picked":"Cloak And Dagger","floor":12},{"not_picked":["Backflip","Cloak And Dagger"],"picked":"Footwork","floor":14},{"not_picked":["Corpse Explosion","Unload"],"picked":"Malaise","floor":16},{"not_picked":["Cloak And Dagger","Flying Knee+1","Backflip"],"picked":"SKIP","floor":18},{"not_picked":["Sucker Punch+1","Slice"],"picked":"Terror+1","floor":21},{"not_picked":["Dagger Throw+1","Catalyst+1"],"picked":"PiercingWail+1","floor":22},{"not_picked":["Venomology","Expertise"],"picked":"Masterful Stab","floor":24},{"not_picked":["Underhanded Strike","Sucker Punch","Terror+1"],"picked":"SKIP","floor":25},{"not_picked":["Dagger Spray","Deflect","Acrobatics"],"picked":"SKIP","floor":28},{"not_picked":["Dagger Spray","PiercingWail+1","Leg Sweep"],"picked":"SKIP","floor":30},{"not_picked":["Dagger Throw","Prepared"],"picked":"Phantasmal Killer","floor":31},{"not_picked":["Glass Knife","Unload"],"picked":"Storm of Steel","floor":33},{"not_picked":["Poisoned Stab","Endless Agony+1"],"picked":"Skewer+1","floor":35},{"not_picked":["Finisher+1","PiercingWail"],"picked":"Blade Dance","floor":38},{"not_picked":["Underhanded Strike","PiercingWail"],"picked":"Skewer+1","floor":39},{"not_picked":["Skewer","Dash","Well Laid Plans"],"picked":"SKIP","floor":41},{"not_picked":["Dagger Spray","PiercingWail","Reflex+1"],"picked":"SKIP","floor":48}],"player_experience":111280,"relics_obtained":[{"floor":6,"key":"Ginger"},{"floor":9,"key":"Kunai"},{"floor":10,"key":"MealTicket"},{"floor":24,"key":"Shuriken"},{"floor":26,"key":"Regal Pillow"},{"floor":28,"key":"Toy Ornithopter"},{"floor":34,"key":"War Paint"},{"floor":34,"key":"Mummified Hand"},{"floor":34,"key":"Unceasing Top"},{"floor":39,"key":"Torii"},{"floor":41,"key":"Mango"},{"floor":43,"key":"Bag of Preparation"}],"event_choices":[{"damage_healed":0,"gold_gain":76,"player_choice":"Gained Gold","damage_taken":0,"max_hp_gain":0,"max_hp_loss":0,"event_name":"Golden Wing","floor":2,"gold_loss":0},{"damage_healed":0,"gold_gain":75,"player_choice":"Gather Gold","damage_taken":11,"max_hp_gain":0,"max_hp_loss":0,"event_name":"World of Goop","floor":4,"gold_loss":0},{"damage_healed":0,"gold_gain":0,"player_choice":"Ignored","damage_taken":0,"max_hp_gain":0,"max_hp_loss":0,"event_name":"Liars Game","floor":7,"gold_loss":0},{"damage_healed":0,"gold_gain":0,"player_choice":"Ignored","damage_taken":0,"max_hp_gain":0,"max_hp_loss":0,"event_name":"Ghosts","floor":19,"gold_loss":0},{"damage_healed":0,"gold_gain":0,"player_choice":"Simplicity","damage_taken":0,"max_hp_gain":0,"max_hp_loss":0,"event_name":"Back to Basics","floor":20,"gold_loss":0,"cards_upgraded":["Strike_G","Strike_G","Strike_G","Strike_G","Strike_G","Defend_G","Defend_G","Defend_G","Defend_G","Defend_G"]},{"cards_removed":["Skewer"],"damage_healed":0,"gold_gain":0,"player_choice":"Removed Attack","damage_taken":0,"max_hp_gain":0,"max_hp_loss":0,"event_name":"Falling","floor":36,"gold_loss":0},{"damage_healed":0,"gold_gain":0,"player_choice":"2 cards matched","damage_taken":0,"max_hp_gain":0,"max_hp_loss":0,"event_name":"Match and Keep!","floor":37,"gold_loss":0,"cards_obtained":["Bouncing Flask","Outmaneuver"]},{"damage_healed":0,"gold_gain":0,"player_choice":"2 cards matched","damage_taken":0,"max_hp_gain":0,"max_hp_loss":0,"event_name":"Match and Keep!","floor":37,"gold_loss":0,"cards_obtained":["Bouncing Flask","Outmaneuver"]},{"damage_healed":0,"gold_gain":0,"player_choice":"Fight","damage_taken":0,"max_hp_gain":0,"max_hp_loss":0,"event_name":"MindBloom","floor":39,"gold_loss":0},{"damage_healed":61,"gold_gain":0,"player_choice":"Heal","damage_taken":0,"max_hp_gain":0,"max_hp_loss":9,"event_name":"The Moai Head","floor":40,"gold_loss":0}],"is_beta":false,"boss_relics":[{"not_picked":["SacredBark","Runic Dome"],"picked":"WristBlade"},{"not_picked":["Snecko Eye","Pandora\u0027s Box"],"picked":"Calling Bell"}],"items_purged_floors":[44,45],"is_endless":false,"potions_floor_spawned":[1,6,16,25,28,31,38,39],"ascension_level":5}}