{"host":"820xk69ekh5gtclf","time":1611798247,"event":{"mods":["BaseMod","Custom Start","Downfall","Hermit","Minty Spire (QoL Compilation)","StSLib"],"gold_per_floor":[216,226,243,261,261,261,29,29,81,106,122,135,150,185,185,284,284,299,309,309,326,15,15,15,15,27,56,82,113,113,143,143,143,153,153,248,248,268,287,187,187,204,233,233,233,257,257,285,298,308,343,343,343,343,343,2,35,35],"floor_reached":59,"language":"ENG","playtime":5040,"items_purged":["bronze:Strike","bronze:Strike","bronze:Strike"],"score":1660,"play_id":"5e22631d-41ed-4f33-8ba5-7362a89fe498","local_time":"20210127204407","is_ascension_mode":true,"campfire_choices":[{"data":"bronze:FineTuning","floor":6.0,"key":"SMITH"},{"data":"bronze:Virus","floor":8.0,"key":"SMITH"},{"data":"bronze:HardenedForm","floor":15.0,"key":"SMITH"},{"data":"bronze:InfiniteLoop","floor":23.0,"key":"SMITH"},{"data":"bronze:InfiniteLoop","floor":30.0,"key":"SMITH"},{"data":"bronze:Terminator","floor":35.0,"key":"SMITH"},{"data":"bronze:HardenedForm","floor":44.0,"key":"SMITH"},{"data":"bronze:Invalidate","floor":47.0,"key":"SMITH"},{"floor":52.0,"key":"RECALL"},{"data":"Madness","floor":55.0,"key":"SMITH"}],"circlet_count":0,"master_deck":["bronze:Strike","bronze:Defend","bronze:Defend","bronze:Defend","bronze:Defend","bronze:Replicate","bronze:Goto","bronze:FineTuning+1","bronze:DelayedSlice","bronze:Deprecate","bronze:Terminator+1","bronze:Virus+1","bronze:Fortify","bronze:Constructor","bronze:NullPointer","bronze:InfiniteLoop+1","bronze:Iterate","bronze:HardenedForm+1","bronze:InfiniteLoop+1","bronze:Shield","bronze:BuggyMess","Dark Shackles","bronze:Repair+1","bronze:Invalidate+1","bronze:Format","bronze:Safeguard+1","Violence","Flash of Steel","PanicButton","bronze:HardenedForm+1","Madness+1","Madness","bronze:Return","bronze:ClassDefault+1","bronze:ClassDefault","bronze:ForLoop+1"],"relics":["bronze:BronzeCore","Bag of Marbles","Dream Catcher","Boot","Darkstone Periapt","Coffee Dripper","Toolbox","bronze:BottledCode","Red Mask","Anchor","Matryoshka","Akabeko","SlaversCollar","Regal Pillow","Bag of Preparation","Mummified Hand","Happy Flower","Toy Ornithopter","bronze:ProtectiveGoggles"],"acts_visited":["Exordium","TheCity","TheBeyond","TheEnding"],"potions_floor_usage":[58,58,58],"damage_taken":[{"damage":2.0,"enemies":"Jaw Worm","floor":1.0,"turns":4.0},{"damage":0.0,"enemies":"Small Slimes","floor":2.0,"turns":3.0},{"damage":3.0,"enemies":"2 Louse","floor":3.0,"turns":2.0},{"damage":16.0,"enemies":"Exordium Wildlife","floor":4.0,"turns":7.0},{"damage":42.0,"enemies":"Lagavulin","floor":10.0,"turns":6.0},{"damage":3.0,"enemies":"Large Slime","floor":11.0,"turns":4.0},{"damage":0.0,"enemies":"2 Fungi Beasts","floor":12.0,"turns":3.0},{"damage":0.0,"enemies":"Exordium Wildlife","floor":13.0,"turns":1.0},{"damage":0.0,"enemies":"3 Sentries","floor":14.0,"turns":3.0},{"damage":0.0,"enemies":"Slime Boss","floor":16.0,"turns":3.0},{"damage":11.0,"enemies":"2 Thieves","floor":18.0,"turns":2.0},{"damage":0.0,"enemies":"Spheric Guardian","floor":19.0,"turns":2.0},{"damage":0.0,"enemies":"Cultist and Chosen","floor":21.0,"turns":4.0},{"damage":18.0,"enemies":"Slavers","floor":26.0,"turns":3.0},{"damage":0.0,"enemies":"Masked Bandits","floor":27.0,"turns":2.0},{"damage":0.0,"enemies":"Book of Stabbing","floor":29.0,"turns":4.0},{"damage":0.0,"enemies":"Slavers","floor":31.0,"turns":2.0},{"damage":0.0,"enemies":"Snake Plant","floor":34.0,"turns":3.0},{"damage":45.0,"enemies":"Automaton","floor":36.0,"turns":7.0},{"damage":5.0,"enemies":"3 Darklings","floor":38.0,"turns":3.0},{"damage":0.0,"enemies":"Orb Walker","floor":39.0,"turns":2.0},{"damage":13.0,"enemies":"Maw","floor":42.0,"turns":7.0},{"damage":0.0,"enemies":"Giant Head","floor":43.0,"turns":6.0},{"damage":0.0,"enemies":"Reptomancer","floor":48.0,"turns":4.0},{"damage":0.0,"enemies":"Writhing Mass","floor":49.0,"turns":3.0},{"damage":39.0,"enemies":"Transient","floor":50.0,"turns":5.0},{"damage":18.0,"enemies":"Nemesis","floor":51.0,"turns":3.0},{"damage":10.0,"enemies":"Awakened One","floor":53.0,"turns":8.0},{"damage":0.0,"enemies":"Shield and Spear","floor":57.0,"turns":3.0},{"damage":57,"enemies":"The Heart","floor":58,"turns":6}],"seed_played":"-4226909813987408153","potions_obtained":[{"floor":2.0,"key":"bronze:CleanCodePotion"},{"floor":4.0,"key":"PowerPotion"},{"floor":10.0,"key":"Fire Potion"},{"floor":11.0,"key":"FearPotion"},{"floor":18.0,"key":"GamblersBrew"},{"floor":21.0,"key":"SneckoOil"},{"floor":26.0,"key":"Block Potion"},{"floor":43.0,"key":"Dexterity Potion"}],"is_trial":false,"path_per_floor":["M","M","M","M","?","R","$","R","T","E","M","M","M","E","R","B",null,"M","M","?","M","$","R","E","M","M","?","T","E","R","E","?","M","M","R","B",null,"M","M","$","?","M","E","R","?","T","R","E","M","M","E","R","B",null,"R","$","E","B",null],"character_chosen":"THE_AUTOMATON","items_purchased":["bronze:Virus","bronze:Fortify","Toolbox","Dark Shackles","bronze:ClassDefault","Toy Ornithopter"],"campfire_rested":0,"item_purchase_floors":[7,7,22,22,56,56],"current_hp_per_floor":[68,68,65,49,46,46,46,46,46,4,1,1,1,1,1,1,70,59,59,59,59,59,59,59,59,41,41,41,41,41,51,51,51,51,51,15,60,55,60,60,50,47,57,57,49,49,49,59,60,21,13,13,13,60,60,60,60,12],"gold":35,"neow_bonus":"HUNDRED_GOLD","is_daily":false,"chose_seed":false,"campfire_upgraded":9,"win_rate":0.0,"timestamp":1611798247,"path_taken":["M","M","M","M","?","R","$","R","T","E","M","M","M","E","R","BOSS","M","M","?","M","$","R","E","?","T","E","R","E","?","M","R","BOSS","M","M","$","?","M","E","R","?","T","R","E","M","M","E","R","BOSS","R","$","E","BOSS"],"items_purchased_type":["Card","Card","Relic","Card","Card","Relic"],"build_version":"2020-12-22","purchased_purges":3,"victory":true,"max_hp_per_floor":[70,70,70,70,70,70,70,70,70,70,70,70,70,70,70,70,70,70,70,60,60,60,60,60,60,60,60,60,60,60,60,60,60,60,60,60,60,60,60,60,60,60,60,60,60,60,60,60,60,60,60,60,60,60,60,60,60,60],"card_choices":[{"not_picked":["bronze:Branch","bronze:Overheat"],"picked":"bronze:FineTuning","floor":1.0},{"not_picked":["bronze:Optimize","bronze:Allocate"],"picked":"bronze:DelayedSlice","floor":2.0},{"not_picked":["bronze:WhirlingStrike","bronze:ChildClass"],"picked":"bronze:Deprecate","floor":3.0},{"not_picked":["bronze:ChildClass","bronze:Invalidate"],"picked":"bronze:Terminator","floor":4.0},{"not_picked":["bronze:Refactor","bronze:Shield"],"picked":"bronze:Constructor","floor":10.0},{"not_picked":["bronze:DarkDash","bronze:FineTuning"],"picked":"bronze:NullPointer","floor":11.0},{"not_picked":["bronze:BitShift","bronze:Iterate"],"picked":"bronze:InfiniteLoop","floor":12.0},{"not_picked":["bronze:Turbo","bronze:Shield"],"picked":"bronze:Iterate","floor":13.0},{"not_picked":["bronze:NullPointer","bronze:ChosenStrike"],"picked":"bronze:HardenedForm","floor":14.0},{"not_picked":["bronze:Break","bronze:HyperBeam"],"picked":"bronze:InfiniteLoop","floor":16.0},{"not_picked":["bronze:Separator","bronze:DelayedSlice+1"],"picked":"bronze:Shield","floor":18.0},{"not_picked":["bronze:Separator","bronze:CutThrough","bronze:WildBeam+1"],"picked":"SKIP","floor":19.0},{"not_picked":["bronze:Separator+1","bronze:CloningBeam"],"picked":"bronze:BuggyMess","floor":21.0},{"not_picked":["bronze:Repulsor","bronze:DelayedGuard","bronze:BitShift+1"],"picked":"SKIP","floor":26.0},{"not_picked":["bronze:DarkDash+1","bronze:Branch"],"picked":"bronze:Repair+1","floor":27.0},{"not_picked":["bronze:InfiniteLoop","bronze:WildBeam+1","bronze:DarkDash"],"picked":"SKIP","floor":29.0},{"not_picked":["bronze:Iterate","bronze:BurnOut"],"picked":"bronze:Invalidate","floor":31.0},{"not_picked":["bronze:DelayedSlice","bronze:Branch+1","bronze:DigitalCarnage"],"picked":"SKIP","floor":34.0},{"not_picked":["bronze:HyperBeam","bronze:ShipIt"],"picked":"bronze:Format","floor":36.0},{"not_picked":["bronze:Constructor","bronze:ItsAFeature","bronze:WildBeam"],"picked":"SKIP","floor":38.0},{"not_picked":["bronze:NullPointer","bronze:Repulsor+1"],"picked":"bronze:Safeguard+1","floor":39.0},{"not_picked":["Dramatic Entrance","Good Instincts"],"picked":"Violence","floor":41.0},{"not_picked":["Good Instincts","Mayhem"],"picked":"Flash of Steel","floor":41.0},{"not_picked":["Dark Shackles","Enlightenment"],"picked":"PanicButton","floor":41.0},{"not_picked":["bronze:Frontload+1","bronze:BugBarrage+1","bronze:Shield"],"picked":"SKIP","floor":42.0},{"not_picked":["bronze:BitShift+1","bronze:Turbo"],"picked":"bronze:HardenedForm","floor":43.0},{"not_picked":["bronze:Turbo","bronze:DelayedGuard"],"picked":"bronze:Return","floor":48.0},{"not_picked":["bronze:Turbo","bronze:Overheat"],"picked":"bronze:ClassDefault+1","floor":49.0},{"not_picked":["bronze:DelayedGuard+1","bronze:Return","bronze:Constructor"],"picked":"SKIP","floor":50.0},{"not_picked":["bronze:InfiniteBeams","bronze:Return+1","bronze:Optimize"],"picked":"SKIP","floor":51.0},{"not_picked":["bronze:WhirlingStrike+1","bronze:FollowUp"],"picked":"bronze:ForLoop+1","floor":57.0}],"player_experience":2412458,"relics_obtained":[{"floor":9.0,"key":"Dream Catcher"},{"floor":10.0,"key":"Boot"},{"floor":14.0,"key":"Darkstone Periapt"},{"floor":27.0,"key":"Red Mask"},{"floor":28.0,"key":"Anchor"},{"floor":29.0,"key":"Matryoshka"},{"floor":31.0,"key":"Akabeko"},{"floor":43.0,"key":"Regal Pillow"},{"floor":46.0,"key":"Bag of Preparation"},{"floor":48.0,"key":"Mummified Hand"},{"floor":51.0,"key":"Happy Flower"},{"floor":57.0,"key":"bronze:ProtectiveGoggles"}],"event_choices":[{"damage_healed":0.0,"max_hp_gain":0.0,"max_hp_loss":0.0,"gold_gain":0.0,"event_name":"Scrap Ooze","player_choice":"Success","floor":5.0,"gold_loss":0.0,"damage_taken":3.0,"relics_obtained":["Bag of Marbles"]},{"damage_healed":0.0,"max_hp_gain":0.0,"max_hp_loss":0.0,"gold_gain":0.0,"event_name":"Masked Bandits","player_choice":"Fought Bandits","floor":27.0,"gold_loss":0.0,"damage_taken":0.0},{"damage_healed":0.0,"max_hp_gain":0.0,"max_hp_loss":0.0,"gold_gain":0.0,"event_name":"Cursed Tome","player_choice":"Ignored","floor":32.0,"gold_loss":0.0,"damage_taken":0.0},{"damage_healed":0.0,"max_hp_gain":0.0,"max_hp_loss":0.0,"gold_gain":0.0,"event_name":"SensoryStone","player_choice":"Memory 3","floor":41.0,"gold_loss":0.0,"damage_taken":10.0},{"damage_healed":0.0,"max_hp_gain":0.0,"max_hp_loss":0.0,"gold_gain":0.0,"event_name":"Winding Halls","player_choice":"Embrace Madness","floor":45.0,"gold_loss":0.0,"damage_taken":8.0,"cards_obtained":["Madness","Madness"]}],"is_beta":false,"boss_relics":[{"not_picked":["Empty Cage","SacredBark"],"picked":"Coffee Dripper"},{"not_picked":["Snecko Eye","bronze:ElectromagneticCoil"],"picked":"SlaversCollar"}],"items_purged_floors":[22,40,56],"is_endless":false,"potions_floor_spawned":[2,4,10,11,18,21,26,29,39,42,43,51],"ascension_level":3}}