{"host":"f0gpob8hq9vgebej","time":1611822737,"event":{"mods":["AchievementEnabler","BaseMod","Minty Spire (QoL Compilation)","Quick Restart","SuperFastMode"],"gold_per_floor":[118,135,150,166,91,91,110,140,186,201,276,276,226,226,226,323,323,343,343,172,161,161,161,161],"floor_reached":23,"language":"KOR","playtime":9698,"items_purged":["Strike_B","Strike_B"],"score":324,"play_id":"d2cd6fac-6dd7-4270-bbeb-7073fcca054e","local_time":"20210128173217","is_ascension_mode":true,"campfire_choices":[{"data":"Buffer","floor":6,"key":"SMITH"},{"data":"Zap","floor":12,"key":"SMITH"},{"floor":15,"key":"REST"}],"circlet_count":0,"master_deck":["AscendersBane","Defend_B","Defend_B","Defend_B","Zap+1","Dualcast","Buffer+1","Sweeping Beam","Cold Snap","Ball Lightning","Turbo","Chill","Barrage","Core Surge","BootSequence","Auto Shields"],"relics":["Cracked Core","Toy Ornithopter","Orichalcum"],"acts_visited":["Exordium","TheCity"],"potions_floor_usage":[16,18],"damage_taken":[{"damage":9.0,"enemies":"Small Slimes","floor":1.0,"turns":4.0},{"damage":4.0,"enemies":"Jaw Worm","floor":2.0,"turns":5.0},{"damage":0,"enemies":"2 Louse","floor":3,"turns":1},{"damage":9,"enemies":"2 Fungi Beasts","floor":4,"turns":3},{"damage":3,"enemies":"Blue Slaver","floor":7,"turns":3},{"damage":0,"enemies":"Gremlin Nob","floor":8,"turns":4},{"damage":7,"enemies":"Red Slaver","floor":10,"turns":4},{"damage":35,"enemies":"The Guardian","floor":16,"turns":12},{"damage":9,"enemies":"Shell Parasite","floor":18,"turns":6},{"damage":16,"enemies":"2 Thieves","floor":21,"turns":4},{"damage":40,"enemies":"Gremlin Leader","floor":23,"turns":6}],"seed_played":"7140606970765345763","potions_obtained":[{"floor":1.0,"key":"Ancient Potion"},{"floor":2.0,"key":"Energy Potion"},{"floor":3,"key":"BlessingOfTheForge"},{"floor":18,"key":"SpeedPotion"}],"is_trial":false,"path_per_floor":["M","M","M","M","$","R","M","E","T","M","?","R","?","?","R","B",null,"M","?","$","M","?","E"],"character_chosen":"DEFECT","items_purchased":["Auto Shields"],"campfire_rested":1,"item_purchase_floors":[20],"current_hp_per_floor":[59,55,55,46,46,46,43,43,43,36,25,25,25,25,45,15,55,51,51,51,35,35,0,0],"gold":161,"neow_bonus":"THREE_RARE_CARDS","is_daily":false,"chose_seed":false,"campfire_upgraded":2,"win_rate":0.0,"timestamp":1611822737,"path_taken":["M","M","M","M","$","R","M","E","T","M","?","R","?","?","R","BOSS","M","?","$","M","?","E"],"items_purchased_type":["Card"],"build_version":"2020-12-22","purchased_purges":2,"victory":false,"max_hp_per_floor":[68,68,68,68,68,68,68,68,68,68,68,68,68,68,68,68,68,68,68,68,68,68,68,68],"card_choices":[{"not_picked":["Seek","Multi-Cast"],"picked":"Buffer","floor":0.0},{"not_picked":["Go for the Eyes","Redo"],"picked":"Sweeping Beam","floor":1.0},{"not_picked":["Leap","Turbo"],"picked":"Cold Snap","floor":2.0},{"not_picked":["Rebound","Steam"],"picked":"Ball Lightning","floor":3},{"not_picked":["Streamline","Doom and Gloom","Stack"],"picked":"SKIP","floor":4},{"not_picked":["Streamline","Chaos"],"picked":"Turbo","floor":7},{"not_picked":["Ball Lightning","Leap"],"picked":"Chill","floor":8},{"not_picked":["Coolheaded","Undo"],"picked":"Barrage","floor":10},{"not_picked":["All For One","Hyperbeam"],"picked":"Core Surge","floor":16},{"not_picked":["Rebound","Hologram"],"picked":"BootSequence","floor":18},{"not_picked":["Compile Driver","Redo+1","Beam Cell"],"picked":"SKIP","floor":21}],"player_experience":266945,"relics_obtained":[{"floor":8,"key":"Toy Ornithopter"},{"floor":9,"key":"Orichalcum"}],"event_choices":[{"damage_healed":0,"gold_gain":75,"player_choice":"Gather Gold","damage_taken":11,"max_hp_gain":0,"max_hp_loss":0,"event_name":"World of Goop","floor":11,"gold_loss":0},{"cards_removed":["Defend_B"],"damage_healed":0,"gold_gain":0,"player_choice":"Card Removal","damage_taken":0,"max_hp_gain":0,"max_hp_loss":0,"event_name":"The Cleric","floor":13,"gold_loss":50},{"cards_removed":["Strike_B"],"damage_healed":0,"gold_gain":0,"player_choice":"Forget","damage_taken":0,"max_hp_gain":0,"max_hp_loss":0,"event_name":"Living Wall","floor":14,"gold_loss":0},{"damage_healed":0,"gold_gain":0,"player_choice":"Ignored","damage_taken":0,"max_hp_gain":0,"max_hp_loss":0,"event_name":"Ghosts","floor":19,"gold_loss":0},{"cards_removed":["Strike_B"],"damage_healed":0,"gold_gain":0,"player_choice":"Elegance","damage_taken":0,"max_hp_gain":0,"max_hp_loss":0,"event_name":"Back to Basics","floor":22,"gold_loss":0}],"is_beta":false,"boss_relics":[{"not_picked":["Runic Dome","Velvet Choker","Cursed Key"]}],"items_purged_floors":[5,20],"is_endless":false,"potions_floor_spawned":[1,2,3,18],"killed_by":"Gremlin Leader","ascension_level":10}}