{"host":"350rh84kbmtekt58","time":1611831628,"event":{"mods":["AchievementEnabler","Act Like it!","BaseMod","Better Synergies","Block Reminder","CapriCore","Challenge The Spire","Colored Map","Colored Powertips","Communication Mod","Downfall","Energized Spire","Friendly Minions","GifTheSpireLib","Highlight Path","Minty Spire (QoL Compilation)","Quick Restart","Replay The Spire","Shop Mod","StSLib","The Animator","The Disciple","The Immortal","The Marked","The Runesmith","The Servant 0.9.4","The Wild Card","Transform Curses","yUi"],"gold_per_floor":[553,9,34,62,89,89,89,89,124,154,183,183,32,32,66,101,101,101],"floor_reached":17,"language":"ENG","playtime":1856,"items_purged":[],"score":373,"play_id":"71d0c7c5-f062-4b2d-9543-1308047a7dc7","local_time":"20210128050028","daily_mods":["challengethespire:Silver Difficulty","challengethespire:Elite Rush","Uncertain Future"],"is_ascension_mode":true,"campfire_choices":[{"floor":7,"key":"REST"},{"data":"Magnetism","floor":8,"key":"SMITH"},{"data":"ForeignInfluence","floor":8,"key":"SMITH"},{"data":"DevaForm","floor":14,"key":"SMITH"},{"data":"Omniscience","floor":14,"key":"SMITH"}],"circlet_count":0,"master_deck":["AscendersBane","Eruption","Vigilance","Magnetism+1","Conclude","Adaptation","Pot Of Greed","Pot Of Greed","Pray","Omniscience","ForeignInfluence+1","CurseOfTheBell","DevaForm+1","Prostrate","Swivel","Blasphemy","Replay:Anticipation+1","EmptyBody","MasterReality","ConjureBlade","Omniscience+1","Wireheading","Replay:DivineShield+1","Pot Of Greed","Wish","FollowUp"],"relics":["PureWater","Black Star","Sling","PreservedInsect","HandDrill","Art of War","Ancient Tea Set","Mercury Hourglass","Grinning Jar","Strawberry","Gremlin Horn","Replay:Baseball","Gremlin Food","Guardian:GemstoneGun","Calling Bell","MealTicket","Snack Pack","Replay:Arrowhead","Bag of Preparation","Lantern","Anchor","Runesmith:AutoHammer","FossilizedHelix","Eternal Feather","Pandora\u0027s Box","Replay:Rubber Ducky","Letter Opener","War Paint","Pondfish Scales","Du-Vu Doll"],"acts_visited":["Exordium"],"potions_floor_usage":[15,15,16],"damage_taken":[{"damage":17,"enemies":"Lagavulin","floor":3,"turns":5},{"damage":10,"enemies":"3 Sentries","floor":4,"turns":3},{"damage":5,"enemies":"Gremlin Nob","floor":5,"turns":3},{"damage":27,"enemies":"Book of Stabbing","floor":9,"turns":4},{"damage":0,"enemies":"Gremlin Leader","floor":10,"turns":4},{"damage":8,"enemies":"Slavers","floor":11,"turns":3},{"damage":32,"enemies":"Reptomancer","floor":15,"turns":6},{"damage":0,"enemies":"Giant Head","floor":16,"turns":6},{"damage":39,"enemies":"Nemesis","floor":17,"turns":7}],"seed_played":"462991504849633407","potions_obtained":[{"floor":9,"key":"Weak Potion"},{"floor":11,"key":"Explosive Potion"},{"floor":15,"key":"SkillPotion"},{"floor":16,"key":"sneckomod:MuddlingPotion"}],"is_trial":true,"path_per_floor":["$","$","E","E","E","T","R","R","E","E","E","T","$","R","E","E","E"],"character_chosen":"WATCHER","items_purchased":["HandDrill","Art of War","Ancient Tea Set","Magnetism","Mercury Hourglass","Conclude","Adaptation","Replay:Rubber Ducky"],"campfire_rested":1,"item_purchase_floors":[1,1,1,2,2,2,2,13],"current_hp_per_floor":[65,65,55,45,40,40,63,63,38,40,36,36,51,63,31,33,0,0],"gold":101,"neow_bonus":"","is_daily":false,"chose_seed":false,"campfire_upgraded":4,"win_rate":0.0,"timestamp":1611831628,"path_taken":["$","$","E","E","E","T","R","R","E","E","E","T","$","R","E","E","E"],"items_purchased_type":["Relic","Relic","Relic","Card","Relic","Card","Card","Relic"],"build_version":"2020-12-22","purchased_purges":0,"victory":false,"max_hp_per_floor":[72,72,79,79,79,79,79,79,79,79,79,79,79,79,79,79,79,79],"card_choices":[],"player_experience":199617,"relics_obtained":[{"floor":3,"key":"Grinning Jar"},{"floor":3,"key":"Strawberry"},{"floor":4,"key":"Gremlin Horn"},{"floor":4,"key":"Replay:Baseball"},{"floor":5,"key":"Gremlin Food"},{"floor":5,"key":"Guardian:GemstoneGun"},{"floor":6,"key":"MealTicket"},{"floor":6,"key":"Snack Pack"},{"floor":6,"key":"Replay:Arrowhead"},{"floor":9,"key":"Bag of Preparation"},{"floor":9,"key":"Lantern"},{"floor":10,"key":"Anchor"},{"floor":10,"key":"Runesmith:AutoHammer"},{"floor":11,"key":"FossilizedHelix"},{"floor":11,"key":"Eternal Feather"},{"floor":15,"key":"Letter Opener"},{"floor":15,"key":"War Paint"},{"floor":16,"key":"Pondfish Scales"},{"floor":16,"key":"Du-Vu Doll"}],"event_choices":[],"is_beta":false,"boss_relics":[{"not_picked":["Kintsugi","energizedSpire:MagnifyingGlass"],"picked":"Calling Bell"},{"not_picked":["energizedSpire:EnergizedDie","energizedSpire:HugeHouse"],"picked":"Pandora\u0027s Box"}],"items_purged_floors":[],"is_endless":false,"potions_floor_spawned":[9,11,15,16],"killed_by":"Nemesis","ascension_level":10}}