{"host":"sgwqwgbtco1nn2mb","time":1611821874,"event":{"mods":["ATMod(°¢èªMod)","Act Like it!","BaseMod","Gensokyo","Minty Spire (QoL Compilation)","MostiFishMod","Quick Restart","Replay The Spire","RumiaBox-Â¶Ã×æ«µÄÉñÃØºÐ×Ó","StSLib","The Cursed","¡¾¹¦ÄÜMod¡¿»ìãçÖ®»·ÐÞ¸´²¹¶¡","¡¾ÒÅÎï¿¨ÅÆ¡¿REMEMod"],"gold_per_floor":[115,125,125,125,125,158,158,191,214,214,231,262,102,33,33,132,132,143,393,706,726,378,411,411,439,439,466,480,490,524,811,1019,1218,1218,1255,1255,941,1009,533,673,1043,1043,1043,1102,1102,736,852,852,852,1122,1122,1122,1059,1136,1409],"floor_reached":56,"language":"ZHS","playtime":5511,"items_purged":["TheCursedMod:Strike_TheCursed","TheCursedMod:Strike_TheCursed","TheCursedMod:Defend_TheCursed"],"score":1890,"play_id":"48a0512e-7c8a-46ae-be65-e23737392734","local_time":"20210128161754","is_ascension_mode":true,"campfire_choices":[{"data":"AT_KingSlayer","floor":7,"key":"SMITH"},{"floor":10,"key":"RECALL"},{"data":"TheCursedMod:CleanUpWorkshop","floor":15,"key":"SMITH"},{"data":"TheCursedMod:CursedRelics","floor":24,"key":"SMITH"},{"data":"Gensokyo:ManorOfTheDishes","floor":42,"key":"SMITH"},{"floor":49,"key":"DIG"},{"data":"TheCursedMod:OutForBlood","floor":52,"key":"SMITH"}],"circlet_count":0,"master_deck":["TheCursedMod:Strike_TheCursed","TheCursedMod:Strike_TheCursed","TheCursedMod:Defend_TheCursed","TheCursedMod:Defend_TheCursed","TheCursedMod:Defend_TheCursed","TheCursedMod:CursedWand","TheCursedMod:CleanUpWorkshop+1","TheCursedMod:Dregs","AT_KingSlayer+1","TheCursedMod:SpitefulStrike","TheCursedMod:CircleOfBlood","TheCursedMod:LuckyCharm","TheCursedMod:WearCloak","TheCursedMod:OutForBlood+1","TheCursedMod:CursedWand","TheCursedMod:CursedBlade","TheCursedMod:ForbiddenAlchemy+1","Necronomicurse","TheCursedMod:CursedRelics+1","TheCursedMod:SmokeScreen","TheCursedMod:SpreadPlague+1","TheCursedMod:ReleasedStrength+1","TheCursedMod:CursedBoomerang","TheCursedMod:Neurasthenia","TheCursedMod:ReleasedStrength","TheCursedMod:AntiAging","TheCursedMod:SpitefulPray+1","Gensokyo:ManorOfTheDishes+1","ReplayTheSpireMod:Doomed","TheCursedMod:FleshFromBone","TheCursedMod:CursedBlade+1","MostiFishMod:OneDayCity","TheCursedMod:DemonSword"],"relics":["TheCursedMod:BlackMagic101","DaveBox","AT_ATBox","REME_ComplimentaryCards","NeowsBlessing","Membership Card","Gensokyo:CelestialsFlawlessClothing","Pet Ghost","SSSystem","Strawberry","AT_SeraphEmbrace","WingedGreaves","Necronomicon","GreenFoldingFan","BirthdayGift-Tetrahedron","MagicDraw4","GodSword4","ReplayFunnel","Bottled Flame","Toy Ornithopter","ReplayTheSpireMod:TigerMarble","Pocketwatch","Bird Faced Urn","REME_ArchaeologicalTools","DaCapo","SacredBark","Gensokyo:EmptyGrave","Replay:Bandana","Divine Protection","Technique","ReplayTheSpireMod:CursedCoin","MostiFishMod:AdaptiveDefenses","StoneCalendar","BranchBurnRelic","AT_RedTearstoneRing","Vajra","Lee\u0027s Waffle","MealTicket","Gremlin Food","Bottled Lightning","PreservedInsect","LastBattle"],"acts_visited":["Exordium","Gensokyo:Gensokyo","Gensokyo:Gensokyoer","TheEnding"],"potions_floor_usage":[8,12,16,16,16,16,16,16,18,18,20,20,20,20,20,20,20,21,23,27,27,27,28,28,28,29,31,31,31,32,32,32,32,32,32,38,38,38,38,38,40,40,40,47,47,47,50,50,50,50,55,55,55,55,55,55,55,55,55],"damage_taken":[{"damage":0,"enemies":"Gensokyo:Python","floor":1,"turns":1},{"damage":0,"enemies":"Gensokyo:2_Kodama","floor":2,"turns":1},{"damage":6,"enemies":"Gensokyo:Cirno","floor":6,"turns":2},{"damage":9,"enemies":"Gensokyo:Aya","floor":8,"turns":8},{"damage":2,"enemies":"Gensokyo:Gryphon","floor":11,"turns":5},{"damage":15,"enemies":"Gensokyo:Cirno","floor":12,"turns":5},{"damage":13,"enemies":"Gensokyo:Kokoro","floor":16,"turns":10},{"damage":12,"enemies":"Gensokyo:CosmicMonolith","floor":18,"turns":4},{"damage":6,"enemies":"Gensokyo:2_Gloops","floor":20,"turns":3},{"damage":13,"enemies":"Gensokyo:Slime_Group","floor":21,"turns":3},{"damage":6,"enemies":"Gensokyo:Koishi","floor":23,"turns":2},{"damage":10,"enemies":"Gensokyo:Tenshi","floor":25,"turns":2},{"damage":2,"enemies":"Gensokyo:Koishi","floor":27,"turns":1},{"damage":2,"enemies":"Gensokyo:Swordslinger","floor":28,"turns":1},{"damage":2,"enemies":"Gensokyo:Chomper_and_Gloop","floor":29,"turns":1},{"damage":6,"enemies":"Gensokyo:Reisen","floor":30,"turns":2},{"damage":2,"enemies":"Gensokyo:3_Gloops","floor":31,"turns":1},{"damage":2,"enemies":"Gensokyo:3_Gloops","floor":32,"turns":1},{"damage":2,"enemies":"Gensokyo:Kaguya","floor":33,"turns":3},{"damage":2,"enemies":"Gensokyo:3_Bats","floor":35,"turns":1},{"damage":0,"enemies":"Gensokyo:3_Boulders","floor":38,"turns":1},{"damage":0,"enemies":"Gensokyo:Doremy","floor":40,"turns":1},{"damage":0,"enemies":"Gensokyo:Dusk_and_Dawn","floor":41,"turns":1},{"damage":0,"enemies":"Gensokyo:Marisa","floor":44,"turns":1},{"damage":0,"enemies":"Gensokyo:Kasen","floor":47,"turns":1},{"damage":0,"enemies":"Gensokyo:Yuyuko","floor":50,"turns":1},{"damage":0,"enemies":"Shield and Spear","floor":54,"turns":1},{"damage":0,"enemies":"The Heart","floor":55,"turns":3}],"seed_played":"-605947532691496392","potions_obtained":[{"floor":2,"key":"PowerPotion"},{"floor":6,"key":"FearPotion"},{"floor":8,"key":"AttackPotion"},{"floor":12,"key":"Cursed Concoction"},{"floor":16,"key":"Weak Potion"},{"floor":18,"key":"Venom Potion"},{"floor":23,"key":"Strength Potion"},{"floor":27,"key":"REME_GoldPotion"},{"floor":38,"key":"LiquidBronze"},{"floor":47,"key":"Death Potion"}],"is_trial":false,"path_per_floor":["M","M","?","?","?","E","R","E","T","R","M","E","?","COS","R","B",null,"M","?","M","M","COS","E","R","E","T","E","M","M","E","M","R","B",null,"M","?","$","M","COS","E","M","R","T","E","?","$","E","?","R","B",null,"R","$","E","B",null],"character_chosen":"THE_CURSED","items_purchased":["Replay:Bandana","Divine Protection","Technique","Vajra","Lee\u0027s Waffle","MealTicket","MostiFishMod:OneDayCity"],"campfire_rested":0,"item_purchase_floors":[37,37,37,46,46,46,46],"current_hp_per_floor":[75,75,57,42,42,42,42,42,42,42,40,33,33,33,33,24,82,82,78,78,78,78,78,78,78,78,78,78,78,78,80,82,82,82,84,78,78,78,78,78,78,78,78,80,68,87,89,89,89,89,89,89,89,91,93],"gold":1409,"neow_bonus":"THREE_ENEMY_KILL","is_daily":false,"chose_seed":false,"campfire_upgraded":5,"win_rate":0.0,"timestamp":1611821874,"path_taken":["M","M","?","?","?","E","R","E","T","R","?","E","?","COS","R","BOSS","M","?","M","M","COS","E","R","E","T","E","M","M","E","M","R","BOSS","M","?","$","M","COS","E","M","R","T","E","?","$","E","?","R","BOSS","R","$","E","BOSS"],"items_purchased_type":["Relic","Relic","Relic","Relic","Relic","Relic","Card"],"build_version":"2020-12-22","purchased_purges":3,"victory":true,"max_hp_per_floor":[75,75,75,75,75,75,75,82,82,82,82,82,82,82,82,82,82,82,78,78,78,78,78,78,78,78,78,78,78,78,80,82,82,82,84,78,78,78,78,78,78,78,78,80,80,87,89,89,89,89,89,89,89,91,93],"card_choices":[{"not_picked":["TheCursedMod:VitalStrike","TheCursedMod:SmokeScreen"],"picked":"TheCursedMod:SpitefulStrike","floor":1},{"not_picked":["TheCursedMod:Obscuration","TheCursedMod:BloodBarrier"],"picked":"TheCursedMod:CircleOfBlood","floor":2},{"not_picked":["TheCursedMod:Torture","TheCursedMod:Evocation"],"picked":"TheCursedMod:LuckyCharm","floor":5},{"not_picked":["TheCursedMod:StingEye","TheCursedMod:CircleOfCorruption"],"picked":"TheCursedMod:WearCloak","floor":5},{"not_picked":["TheCursedMod:Torture","TheCursedMod:SpitefulStrike"],"picked":"TheCursedMod:OutForBlood","floor":6},{"not_picked":["TheCursedMod:Stretching","TheCursedMod:CircleOfWindfury","TheCursedMod:Wield"],"picked":"SKIP","floor":8},{"not_picked":["TheCursedMod:SpitefulStrike","TheCursedMod:RavingStaff"],"picked":"TheCursedMod:CursedBlade","floor":11},{"not_picked":["TheCursedMod:RapidMovement","TheCursedMod:RavingStaff"],"picked":"TheCursedMod:ForbiddenAlchemy","floor":12},{"not_picked":["TheCursedMod:ParallelWorld","TheCursedMod:DarkBarrier"],"picked":"TheCursedMod:CursedRelics","floor":16},{"not_picked":["TheCursedMod:CursedMace","TheCursedMod:HellsGateOpen"],"picked":"TheCursedMod:SmokeScreen","floor":18},{"not_picked":["TheCursedMod:Wield","TheCursedMod:VitalStrike"],"picked":"TheCursedMod:SpreadPlague+1","floor":20},{"not_picked":["TheCursedMod:Stigma","TheCursedMod:Obscuration"],"picked":"TheCursedMod:ReleasedStrength+1","floor":21},{"not_picked":["TheCursedMod:CursedAmulet+1","TheCursedMod:Evocation"],"picked":"TheCursedMod:CursedBoomerang","floor":23},{"not_picked":["TheCursedMod:SurpriseAttack","TheCursedMod:ManaBullet"],"picked":"TheCursedMod:Neurasthenia","floor":25},{"not_picked":["TheCursedMod:RapidMovement","TheCursedMod:RavingStaff","TheCursedMod:SpitefulStrike"],"picked":"SKIP","floor":27},{"not_picked":["TheCursedMod:SpitefulStrike+1","TheCursedMod:BlessingInDisguise"],"picked":"TheCursedMod:ReleasedStrength","floor":28},{"not_picked":["TheCursedMod:Mangle","TheCursedMod:RapidMovement","TheCursedMod:TroublousMinions"],"picked":"SKIP","floor":29},{"not_picked":["TheCursedMod:EmpowerCircles+1","TheCursedMod:CursedBlade"],"picked":"TheCursedMod:AntiAging","floor":30},{"not_picked":["TheCursedMod:WearCloak","TheCursedMod:AshesToAshes","TheCursedMod:CircleOfCorruption"],"picked":"SKIP","floor":31},{"not_picked":["TheCursedMod:ShockAndAwe","TheCursedMod:UltimatePain"],"picked":"TheCursedMod:CollectTribute","floor":33},{"not_picked":["TheCursedMod:SmokeScreen","TheCursedMod:Torture+1","TheCursedMod:BlessingInDisguise+1"],"picked":"SKIP","floor":35},{"not_picked":["TheCursedMod:CursedArmor+1","TheCursedMod:SpitefulStrike+1"],"picked":"TheCursedMod:SpitefulPray+1","floor":38},{"not_picked":["TheCursedMod:SoulCrush+1","TheCursedMod:CircleOfFlame"],"picked":"TheCursedMod:FleshFromBone","floor":40},{"not_picked":["TheCursedMod:CursedShiv+1","TheCursedMod:CircleOfFocus+1","TheCursedMod:Torture"],"picked":"SKIP","floor":41},{"not_picked":["TheCursedMod:RapidMovement","TheCursedMod:ReleasedStrength+1"],"picked":"TheCursedMod:CursedBlade+1","floor":44},{"not_picked":["TheCursedMod:WearCloak","TheCursedMod:CursedMace","TheCursedMod:CursedSpellbook"],"picked":"SKIP","floor":47},{"not_picked":["TheCursedMod:LuckyCharm+1","TheCursedMod:VitalStrike+1"],"picked":"TheCursedMod:DemonSword","floor":54}],"player_experience":420127,"relics_obtained":[{"floor":6,"key":"SSSystem"},{"floor":8,"key":"Strawberry"},{"floor":9,"key":"AT_ArchangelStaff"},{"floor":12,"key":"WingedGreaves"},{"floor":23,"key":"GodSword4"},{"floor":25,"key":"ReplayFunnel"},{"floor":26,"key":"Bottled Flame"},{"floor":27,"key":"Pocketwatch"},{"floor":30,"key":"REME_ArchaeologicalTools"},{"floor":32,"key":"Dead Branch"},{"floor":32,"key":"DaCapo"},{"floor":40,"key":"StoneCalendar"},{"floor":44,"key":"AT_RedTearstoneRing"},{"floor":47,"key":"Bottled Lightning"},{"floor":49,"key":"PreservedInsect"},{"floor":54,"key":"LastBattle"}],"event_choices":[],"is_beta":false,"boss_relics":[{"not_picked":["BloodWine","Ring of Chaos"],"picked":"GreenFoldingFan"},{"not_picked":["OneHitWonderSystem","Painkiller Herb"],"picked":"SacredBark"}],"items_purged_floors":[37,46,53],"is_endless":false,"potions_floor_spawned":[2,6,8,12,16,18,23,27,28,38,44,47],"ascension_level":1}}