{"host":"7zdktqb5xjtif29d","time":1611792852,"event":{"mods":["AchievementEnabler","BaseMod","Colored Map","Colored Powertips","Dark Map","Highlight Path","Minty Spire (QoL Compilation)","Rare Cards Sparkle","SuperFastMode","Waifu the Spire","everything is the same but u backflip on backflip"],"gold_per_floor":[114,125,125,125,192,224,30,57,69,113,125,187,218,242,254,266,266],"floor_reached":16,"language":"ENG","playtime":964,"items_purged":["Regret"],"score":138,"play_id":"d8206730-669c-48f9-90d3-9969054b46ca","local_time":"20210128001412","is_ascension_mode":true,"campfire_choices":[{"floor":11.0,"key":"REST"},{"floor":15.0,"key":"REST"}],"circlet_count":0,"master_deck":["Strike_R","Strike_R","Strike_R","Strike_R","Strike_R","Defend_R","Defend_R","Defend_R","Defend_R","Shrug It Off","Shrug It Off","Shrug It Off","Uppercut","Dropkick"],"relics":["Burning Blood","Calipers","SsserpentHead","Champion Belt","MawBank","Gremlin Horn"],"acts_visited":["Exordium"],"potions_floor_usage":[16],"damage_taken":[{"damage":11.0,"enemies":"Jaw Worm","floor":1.0,"turns":5.0},{"damage":1.0,"enemies":"Cultist","floor":2.0,"turns":4.0},{"damage":4.0,"enemies":"2 Louse","floor":5.0,"turns":4.0},{"damage":70.0,"enemies":"3 Sentries","floor":6.0,"turns":17.0},{"damage":11.0,"enemies":"Lagavulin","floor":8.0,"turns":10.0},{"damage":12.0,"enemies":"Gremlin Nob","floor":10.0,"turns":5.0},{"damage":11.0,"enemies":"Exordium Wildlife","floor":13.0,"turns":9.0},{"damage":1.0,"enemies":"Red Slaver","floor":14.0,"turns":6.0},{"damage":64,"enemies":"Slime Boss","floor":16,"turns":13}],"seed_played":"-3526066227120792269","potions_obtained":[{"floor":1.0,"key":"Ancient Potion"},{"floor":2.0,"key":"HeartOfIron"},{"floor":5.0,"key":"Block Potion"},{"floor":8.0,"key":"PowerPotion"},{"floor":13.0,"key":"Explosive Potion"}],"is_trial":false,"path_per_floor":["M","M","?","?","M","E","$","E","T","E","R","?","M","M","R","B"],"character_chosen":"IRONCLAD","items_purchased":["Shrug It Off","Uppercut"],"campfire_rested":2,"item_purchase_floors":[7,7],"current_hp_per_floor":[83,88,88,88,88,24,24,19,19,13,39,32,27,32,58,0,0],"gold":266,"neow_bonus":"TEN_PERCENT_HP_BONUS","is_daily":false,"chose_seed":false,"campfire_upgraded":0,"win_rate":0.0,"timestamp":1611792852,"path_taken":["M","M","?","?","?","E","$","E","T","E","R","?","M","M","R","BOSS"],"items_purchased_type":["Card","Card"],"build_version":"2020-12-22","purchased_purges":1,"victory":false,"max_hp_per_floor":[88,88,88,88,88,88,88,88,88,88,88,88,88,88,88,88,88],"card_choices":[{"not_picked":["Flame Barrier","Anger","Whirlwind"],"picked":"SKIP","floor":1.0},{"not_picked":["Armaments","Infernal Blade"],"picked":"Shrug It Off","floor":2.0},{"not_picked":["Armaments","Flame Barrier","Clothesline"],"picked":"SKIP","floor":5.0},{"not_picked":["Double Tap","Fire Breathing"],"picked":"Shrug It Off","floor":6.0},{"not_picked":["Rage","Bloodletting","Cleave"],"picked":"SKIP","floor":8.0},{"not_picked":["Blood for Blood","True Grit","Heavy Blade"],"picked":"SKIP","floor":10.0},{"not_picked":["Anger","Armaments","Perfected Strike"],"picked":"SKIP","floor":13.0},{"not_picked":["Warcry","Anger"],"picked":"Dropkick","floor":14.0}],"player_experience":257257,"relics_obtained":[{"floor":6.0,"key":"Champion Belt"},{"floor":8.0,"key":"MawBank"},{"floor":10.0,"key":"Gremlin Horn"}],"event_choices":[{"damage_healed":0.0,"max_hp_gain":0.0,"max_hp_loss":0.0,"gold_gain":0.0,"event_name":"Big Fish","player_choice":"Box","floor":3.0,"gold_loss":0.0,"damage_taken":0.0,"relics_obtained":["Calipers"],"cards_obtained":["Regret"]},{"damage_healed":0.0,"max_hp_gain":0.0,"max_hp_loss":0.0,"gold_gain":0.0,"event_name":"FaceTrader","player_choice":"Trade","floor":4.0,"gold_loss":0.0,"damage_taken":0.0,"relics_obtained":["SsserpentHead"]},{"cards_removed":["Bash"],"damage_healed":0.0,"max_hp_gain":0.0,"max_hp_loss":0.0,"gold_gain":0.0,"event_name":"Golden Wing","player_choice":"Card Removal","floor":12.0,"gold_loss":0.0,"damage_taken":7.0}],"is_beta":false,"boss_relics":[],"items_purged_floors":[7],"is_endless":false,"potions_floor_spawned":[1,2,5,8,13],"killed_by":"Slime Boss","ascension_level":3}}