{"host":"c3lc60y5x60jlt1y","time":1611847123,"event":{"mods":["AchievementEnabler","BaseMod","Bestiary","Colored Map","Minty Spire (QoL Compilation)","Quick Restart","StSLib","ojb\u0027s Info Mod"],"gold_per_floor":[111,111,36,62,75,75,118,118,142,157,157,193,243,258,258,347,347,362,385,96,148,148,148],"floor_reached":22,"language":"ENG","playtime":746,"items_purged":["Strike_R"],"score":434,"play_id":"510aadd3-de4c-4874-93cb-2a0bbb41b630","local_time":"20210128171843","is_ascension_mode":true,"campfire_choices":[{"data":"Shockwave","floor":6.0,"key":"SMITH"},{"data":"Wild Strike","floor":8.0,"key":"SMITH"},{"floor":15.0,"key":"REST"}],"circlet_count":0,"master_deck":["AscendersBane","Strike_R+1","Strike_R","Strike_R","Defend_R","Defend_R+1","Defend_R","Defend_R","Bash","Shockwave+1","Shrug It Off","Wild Strike+1","Pommel Strike","Spot Weakness","Cleave","Barricade","Armaments","Immolate","Fire Breathing"],"relics":["Burning Blood","NeowsBlessing","Golden Idol","Red Skull","Tiny Chest","Pen Nib","Centennial Puzzle","Black Star","MealTicket"],"acts_visited":["Exordium","TheCity"],"potions_floor_usage":[22],"damage_taken":[{"damage":0.0,"enemies":"2 Louse","floor":1.0,"turns":1.0},{"damage":0.0,"enemies":"Jaw Worm","floor":5.0,"turns":1.0},{"damage":0.0,"enemies":"Gremlin Nob","floor":7.0,"turns":1.0},{"damage":0.0,"enemies":"Small Slimes","floor":10.0,"turns":2.0},{"damage":22.0,"enemies":"Lagavulin","floor":12.0,"turns":5.0},{"damage":4.0,"enemies":"3 Louse","floor":14.0,"turns":3.0},{"damage":23.0,"enemies":"Slime Boss","floor":16.0,"turns":7.0},{"damage":43.0,"enemies":"Spheric Guardian","floor":18.0,"turns":6.0},{"damage":8.0,"enemies":"3 Byrds","floor":19.0,"turns":4.0},{"damage":51,"enemies":"Shelled Parasite and Fungi","floor":22,"turns":3}],"seed_played":"-7134897906186409550","potions_obtained":[{"floor":1.0,"key":"Energy Potion"},{"floor":7.0,"key":"Block Potion"},{"floor":19.0,"key":"Strength Potion"}],"is_trial":false,"path_per_floor":["M","?","?","T","M","R","E","R","T","M","?","E","?","M","R","B",null,"M","M","$","T","M"],"character_chosen":"IRONCLAD","items_purchased":["Immolate","Fire Breathing"],"campfire_rested":1,"item_purchase_floors":[20,20],"current_hp_per_floor":[74,48,48,48,54,54,60,60,60,66,43,27,20,22,44,27,63,26,24,24,24,0,0],"gold":148,"neow_bonus":"THREE_ENEMY_KILL","is_daily":false,"chose_seed":false,"campfire_upgraded":2,"win_rate":0.0,"timestamp":1611847123,"path_taken":["M","?","?","?","M","R","E","R","T","M","?","E","?","M","R","BOSS","M","M","?","?","?"],"items_purchased_type":["Card","Card"],"build_version":"2020-12-22","purchased_purges":1,"victory":false,"max_hp_per_floor":[75,75,75,75,75,75,75,75,75,75,75,75,75,75,75,75,75,75,75,75,75,75,75],"card_choices":[{"not_picked":["Perfected Strike","Blood for Blood"],"picked":"Shockwave","floor":1.0},{"not_picked":["Body Slam","Flex"],"picked":"Shrug It Off","floor":5.0},{"not_picked":["Iron Wave","Sentinel"],"picked":"Wild Strike","floor":7.0},{"not_picked":["Rage","Second Wind"],"picked":"Pommel Strike","floor":10.0},{"not_picked":["Pommel Strike","Sentinel"],"picked":"Spot Weakness","floor":12.0},{"not_picked":["Clash","Dropkick"],"picked":"Cleave","floor":14.0},{"not_picked":["Impervious","Limit Break"],"picked":"Barricade","floor":16.0},{"not_picked":["Clash","True Grit"],"picked":"Armaments","floor":18.0},{"not_picked":["Iron Wave","Armaments","Twin Strike"],"picked":"SKIP","floor":19.0}],"player_experience":8707913,"relics_obtained":[{"floor":4.0,"key":"Red Skull"},{"floor":7.0,"key":"Tiny Chest"},{"floor":9.0,"key":"Pen Nib"},{"floor":12.0,"key":"Centennial Puzzle"},{"floor":21.0,"key":"MealTicket"}],"event_choices":[{"damage_healed":0.0,"max_hp_gain":0.0,"max_hp_loss":0.0,"gold_gain":0.0,"event_name":"Golden Idol","player_choice":"Take Damage","floor":2.0,"gold_loss":0.0,"damage_taken":26.0,"relics_obtained":["Golden Idol"]},{"cards_removed":["Strike_R"],"damage_healed":0.0,"max_hp_gain":0.0,"max_hp_loss":0.0,"gold_gain":0.0,"event_name":"The Cleric","player_choice":"Card Removal","floor":3.0,"gold_loss":75.0,"damage_taken":0.0},{"damage_healed":0.0,"max_hp_gain":0.0,"max_hp_loss":0.0,"gold_gain":0.0,"event_name":"Shining Light","player_choice":"Entered Light","floor":11.0,"gold_loss":0.0,"damage_taken":23.0,"cards_upgraded":["Strike_R","Defend_R"]},{"damage_healed":0.0,"max_hp_gain":0.0,"max_hp_loss":0.0,"gold_gain":50.0,"event_name":"FaceTrader","player_choice":"Touch","floor":13.0,"gold_loss":0.0,"damage_taken":7.0}],"is_beta":false,"boss_relics":[{"not_picked":["Tiny House","Sozu"],"picked":"Black Star"}],"items_purged_floors":[20],"is_endless":false,"potions_floor_spawned":[1,7,10,19],"killed_by":"Shelled Parasite and Fungi","ascension_level":20}}