{"host":"5gc11emcm5chfr5t","time":1611877501,"event":{"mods":["2.2 Compatiblity","AchievementEnabler","BaseMod","Bestiary","Better Note","Colored Map","Colored Powertips","Downfall","Googly Eyes","Minty Spire (QoL Compilation)","Rare Cards Sparkle","StSLib"],"gold_per_floor":[99,111,111,124,137,37,87,72,82,102,137,166,66,82,106,177,177,177,187,202,16,35,47,47,61,89,100,133,33,18,45,60,132,132,132,147,492,492,117,128,128,157,171,205,219,249,249,275,291,291,291,291],"floor_reached":50,"language":"ENG","playtime":4354,"items_purged":[],"score":1901,"play_id":"539808db-ea74-4169-bd17-4ef33256d2de","local_time":"20210128184501","daily_mods":["Hoarder","Heirloom","DeadlyEvents"],"is_ascension_mode":true,"campfire_choices":[{"floor":1,"key":"RECALL"},{"floor":6,"key":"REST"},{"data":"sneckomod:WideSting","floor":13,"key":"SMITH"},{"data":"sneckomod:TailWhip","floor":18,"key":"SMITH"},{"floor":29,"key":"REST"},{"data":"sneckomod:MorePower","floor":35,"key":"SMITH"},{"data":"sneckomod:MorePower","floor":47,"key":"SMITH"}],"circlet_count":0,"master_deck":["AscendersBane","sneckomod:Strike","sneckomod:Strike","sneckomod:Strike","sneckomod:Defend","sneckomod:Defend","sneckomod:Defend","sneckomod:TailWhip+1","sneckomod:SnekBite","sneckomod:Unknown","sneckomod:Unknown","sneckomod:SoulRoll","sneckomod:SoulRoll","sneckomod:SoulRoll","sneckomod:ImprovisedGuard","sneckomod:ImprovisedGuard","sneckomod:ImprovisedGuard","sneckomod:QuickMove","sneckomod:QuickMove","sneckomod:QuickMove","sneckomod:UnknownUncommonAttack","sneckomod:UnknownUncommonAttack","sneckomod:UnknownUncommonAttack","sneckomod:UnknownExhaust","sneckomod:UnknownExhaust","sneckomod:UnknownExhaust","sneckomod:WideSting","sneckomod:WideSting","sneckomod:WideSting+1","sneckomod:UnknownDraw","sneckomod:UnknownDraw","sneckomod:SerpentIdol","sneckomod:SerpentIdol","sneckomod:SerpentIdol","sneckomod:UnknownBoss","sneckomod:UnknownBoss","sneckomod:UnknownBoss","sneckomod:WideSting+1","sneckomod:WideSting+1","sneckomod:WideSting+1","hexamod:FirstSeal","hexamod:FirstSeal","hexamod:FirstSeal","sneckomod:QuickBite","sneckomod:QuickBite","sneckomod:QuickBite","sneckomod:Mudshield","sneckomod:Mudshield","sneckomod:Mudshield","sneckomod:UnknownX","sneckomod:UnknownX","sneckomod:UnknownX","sneckomod:SoulExchange","sneckomod:SoulExchange","sneckomod:SoulExchange","sneckomod:DiceBlock","sneckomod:DiceBlock","sneckomod:DiceBlock","sneckomod:SlitherStrike+1","sneckomod:SlitherStrike+1","sneckomod:SlitherStrike+1","sneckomod:TrashToTreasure","sneckomod:TrashToTreasure","sneckomod:TrashToTreasure","sneckomod:MorePower+1","sneckomod:MorePower+1","sneckomod:MorePower","sneckomod:UnknownX","sneckomod:UnknownX","sneckomod:UnknownX","sneckomod:CheapStock","sneckomod:CheapStock","sneckomod:CheapStock","Metamorphosis","Metamorphosis","Metamorphosis","sneckomod:UnknownClassGREEN","sneckomod:UnknownClassGREEN","sneckomod:UnknownClassGREEN","sneckomod:UnknownRareAttack","sneckomod:UnknownRareAttack","sneckomod:UnknownRareAttack","sneckomod:UnknownDexterity","sneckomod:UnknownDexterity","sneckomod:UnknownDexterity","sneckomod:UnknownRareSkill","sneckomod:UnknownRareSkill","sneckomod:UnknownRareSkill","sneckomod:PureSnecko","sneckomod:PureSnecko","sneckomod:PureSnecko"],"relics":["Snecko Eye","Incense Burner","InkBottle","downfall:HeartBlessingRed","Ice Cream","Toy Ornithopter","downfall:HeartBlessingBlue","Philosopher\u0027s Stone","Chemical X","Anchor","Blue Candle","Potion Belt","downfall:HeartBlessingGreen","sneckomod:SuperSneckoEye","bronze:MakeshiftBattery","sneckomod:SleevedAce","Gremlin Horn","Slimebound:StickyStick","PreservedInsect","Blood Vial","HornCleat"],"acts_visited":["Exordium","TheCity","TheBeyond"],"potions_floor_usage":[11,16,16,19,21,26,30,30,33,42,43,48,50,50,50,50],"damage_taken":[{"damage":8,"enemies":"2 Louse","floor":2,"turns":2},{"damage":7,"enemies":"Jaw Worm","floor":4,"turns":2},{"damage":0,"enemies":"Cultist","floor":5,"turns":3},{"damage":3,"enemies":"downfall:FleeingMerchant","floor":8,"turns":4},{"damage":0,"enemies":"Lots of Slimes","floor":9,"turns":4},{"damage":1,"enemies":"Blue Slaver","floor":10,"turns":3},{"damage":0,"enemies":"Gremlin Nob","floor":11,"turns":3},{"damage":7,"enemies":"3 Sentries","floor":12,"turns":4},{"damage":0,"enemies":"Red Slaver","floor":14,"turns":1},{"damage":5,"enemies":"Exordium Wildlife","floor":15,"turns":3},{"damage":14,"enemies":"WA_ARCHETYPE_RETAIN","floor":16,"turns":5},{"damage":1,"enemies":"Spheric Guardian","floor":19,"turns":3},{"damage":13,"enemies":"Centurion and Healer","floor":20,"turns":5},{"damage":9,"enemies":"downfall:FleeingMerchant","floor":21,"turns":4},{"damage":0,"enemies":"Snecko","floor":22,"turns":2},{"damage":9,"enemies":"Snake Plant","floor":23,"turns":4},{"damage":9,"enemies":"Centurion and Healer","floor":25,"turns":3},{"damage":35,"enemies":"Book of Stabbing","floor":26,"turns":4},{"damage":10,"enemies":"Snecko","floor":27,"turns":6},{"damage":13,"enemies":"Slavers","floor":28,"turns":4},{"damage":1,"enemies":"downfall:FleeingMerchant","floor":30,"turns":4},{"damage":11,"enemies":"Gremlin Leader","floor":31,"turns":5},{"damage":2,"enemies":"Chosen and Byrds","floor":32,"turns":2},{"damage":16,"enemies":"SI_MIRROR_ARCHETYPE","floor":33,"turns":9},{"damage":1,"enemies":"3 Shapes","floor":36,"turns":2},{"damage":0,"enemies":"downfall:FleeingMerchant","floor":37,"turns":1},{"damage":3,"enemies":"Orb Walker","floor":40,"turns":3},{"damage":0,"enemies":"Reptomancer","floor":42,"turns":2},{"damage":1,"enemies":"Sphere and 2 Shapes","floor":43,"turns":2},{"damage":0,"enemies":"Nemesis","floor":44,"turns":3},{"damage":0,"enemies":"Writhing Mass","floor":45,"turns":3},{"damage":2,"enemies":"Reptomancer","floor":46,"turns":2},{"damage":62,"enemies":"Giant Head","floor":48,"turns":6},{"damage":0,"enemies":"Jaw Worm Horde","floor":49,"turns":2},{"damage":87,"enemies":"DF_ARCHETYPE_ORBS","floor":50,"turns":8}],"seed_played":"6195563954814269503","potions_obtained":[{"floor":4,"key":"hexamod:SoulburnPotion"},{"floor":5,"key":"Ancient Potion"},{"floor":10,"key":"AttackPotion"},{"floor":11,"key":"LiquidBronze"},{"floor":15,"key":"CultistPotion"},{"floor":16,"key":"ColorlessPotion"},{"floor":20,"key":"sneckomod:DiceRollPotion"},{"floor":22,"key":"LiquidBronze"},{"floor":23,"key":"bronze:BurnAndBuffPotion"},{"floor":28,"key":"LiquidMemories"},{"floor":31,"key":"GamblersBrew"},{"floor":33,"key":"CultistPotion"},{"floor":33,"key":"LiquidBronze"},{"floor":36,"key":"sneckomod:DiceRollPotion"},{"floor":40,"key":"champ:CounterPotion"},{"floor":42,"key":"AttackPotion"},{"floor":49,"key":"Ancient Potion"}],"is_trial":true,"path_per_floor":["R","M","?","M","M","R","T","$","M","M","E","E","R","M","M","B",null,"R","M","M","$","M","M","T","M","E","M","E","R","$","E","M","B",null,"R","M","$","?","$","M","T","E","M","E","M","E","R","E","M","B"],"character_chosen":"THE_SNECKO","items_purchased":["Chemical X","sneckomod:SleevedAce","Metamorphosis"],"campfire_rested":2,"item_purchase_floors":[21,39,39],"current_hp_per_floor":[75,67,62,59,59,83,83,80,80,79,79,72,82,82,77,80,90,90,93,80,93,93,93,93,91,79,90,84,93,93,93,93,87,92,92,91,91,91,91,93,93,93,93,93,93,91,91,43,52,0,0,0],"gold":291,"neow_bonus":"","is_daily":false,"chose_seed":false,"campfire_upgraded":4,"win_rate":0.0,"timestamp":1611877501,"path_taken":["R","M","?","M","M","R","T","?","M","M","E","?","R","M","M","BOSS","R","M","M","$","?","M","T","M","E","M","?","R","?","E","M","BOSS","R","M","$","?","$","?","T","?","?","E","M","?","R","E","M","BOSS"],"items_purchased_type":["Relic","Relic","Card"],"build_version":"2020-12-22","purchased_purges":0,"victory":false,"max_hp_per_floor":[83,83,83,83,83,83,83,83,83,83,83,83,93,93,93,93,93,93,93,93,93,93,93,93,93,93,93,93,93,93,93,93,93,93,93,93,93,93,93,93,93,93,93,93,93,93,93,93,93,93,93,93],"card_choices":[{"not_picked":["sneckomod:SnekBeam","sneckomod:SerpentIdol"],"picked":"sneckomod:SoulRoll","floor":2},{"not_picked":["sneckomod:DiceBlock","sneckomod:UnknownCommonSkill"],"picked":"sneckomod:ImprovisedGuard","floor":4},{"not_picked":["sneckomod:SoulRoll","sneckomod:Nope"],"picked":"sneckomod:QuickMove","floor":5},{"not_picked":["sneckomod:RainOfDice","sneckomod:UnknownDexterity"],"picked":"sneckomod:UnknownUncommonAttack","floor":8},{"not_picked":["sneckomod:Memorize","sneckomod:UnknownUncommonAttack"],"picked":"sneckomod:UnknownExhaust","floor":9},{"not_picked":["sneckomod:Transmogrify","sneckomod:UnknownBlock"],"picked":"sneckomod:WideSting","floor":10},{"not_picked":["sneckomod:UnknownBlock","sneckomod:DiceBlock"],"picked":"sneckomod:UnknownDraw","floor":11},{"not_picked":["sneckomod:UnknownBlock","sneckomod:QuickBite","sneckomod:UnknownCommonSkill"],"picked":"SKIP","floor":12},{"not_picked":["sneckomod:Unknown1Cost","sneckomod:UnknownCommonSkill"],"picked":"sneckomod:SerpentIdol","floor":14},{"not_picked":["sneckomod:Unknown1Cost","sneckomod:Rotation","sneckomod:Memorize"],"picked":"SKIP","floor":15},{"not_picked":["sneckomod:Mudshield","sneckomod:Transmogrify"],"picked":"sneckomod:UnknownBoss","floor":16},{"not_picked":["sneckomod:SoulRoll","sneckomod:RainOfDice"],"picked":"sneckomod:WideSting+1","floor":19},{"not_picked":["hexamod:FourthSeal","hexamod:SecondSeal"],"picked":"hexamod:FirstSeal","floor":20},{"not_picked":["sneckomod:UnknownBlock","sneckomod:Unknown1Cost"],"picked":"sneckomod:QuickBite","floor":20},{"not_picked":["sneckomod:SoulRoll","sneckomod:UnknownBlock"],"picked":"sneckomod:Mudshield","floor":21},{"not_picked":["sneckomod:WideSting","sneckomod:UnknownCommonAttack+1","sneckomod:QuickBite"],"picked":"SKIP","floor":22},{"not_picked":["sneckomod:UnknownClassGREEN+1","sneckomod:UnknownClassHEXA_GHOST_PURPLE"],"picked":"sneckomod:UnknownX","floor":23},{"not_picked":["sneckomod:UnknownClassHEXA_GHOST_PURPLE","sneckomod:UnknownStrike","sneckomod:Unknown1Cost"],"picked":"SKIP","floor":25},{"not_picked":["sneckomod:UnknownCommonSkill","sneckomod:DiceCrush"],"picked":"sneckomod:SoulExchange","floor":26},{"not_picked":["sneckomod:QuickMove","sneckomod:Unknown1Cost","sneckomod:UnknownStrike"],"picked":"SKIP","floor":27},{"not_picked":["sneckomod:SoulRoll","sneckomod:UnknownDraw"],"picked":"sneckomod:DiceBlock","floor":28},{"not_picked":["sneckomod:UnknownCommonAttack+1","sneckomod:UnknownDexterity"],"picked":"sneckomod:SlitherStrike+1","floor":30},{"not_picked":["sneckomod:Nope+1","sneckomod:SoulDraw"],"picked":"sneckomod:TrashToTreasure","floor":31},{"not_picked":["sneckomod:Rotation","sneckomod:UnknownClassHEXA_GHOST_PURPLE","sneckomod:UnknownDraw"],"picked":"SKIP","floor":32},{"not_picked":["sneckomod:UnknownRareAttack","sneckomod:Restock"],"picked":"sneckomod:MorePower","floor":33},{"not_picked":["sneckomod:UnknownCommonAttack","sneckomod:UnknownClassHEXA_GHOST_PURPLE+1"],"picked":"sneckomod:UnknownX","floor":36},{"not_picked":["sneckomod:Unknown1Cost","sneckomod:MixItUp"],"picked":"sneckomod:CheapStock","floor":37},{"not_picked":["sneckomod:Memorize","sneckomod:Restock"],"picked":"sneckomod:UnknownClassGREEN","floor":40},{"not_picked":["sneckomod:UnknownClassGREEN","sneckomod:Unknown1Cost+1","sneckomod:SoulExchange"],"picked":"SKIP","floor":40},{"not_picked":["sneckomod:UnknownUncommonSkill+1","sneckomod:RainOfDice","sneckomod:WideSting"],"picked":"SKIP","floor":42},{"not_picked":["sneckomod:UnknownCommonSkill","sneckomod:Unknown2Cost"],"picked":"sneckomod:UnknownRareAttack","floor":43},{"not_picked":["sneckomod:UnknownVulnerable","sneckomod:UnknownStrike"],"picked":"sneckomod:UnknownDexterity","floor":43},{"not_picked":["sneckomod:UnknownClassGREEN","sneckomod:CheapStock+1","sneckomod:Unknown1Cost"],"picked":"SKIP","floor":43},{"not_picked":["sneckomod:Memorize","sneckomod:UnknownUncommonPower","sneckomod:CheapStock"],"picked":"SKIP","floor":44},{"not_picked":["sneckomod:SlitherStrike","sneckomod:DiceBlock","sneckomod:UnknownStrength"],"picked":"SKIP","floor":45},{"not_picked":["sneckomod:UnknownStrength","sneckomod:RainOfDice"],"picked":"sneckomod:UnknownRareSkill","floor":46},{"not_picked":["sneckomod:DefensiveFlair","sneckomod:ImprovisedAttack"],"picked":"sneckomod:PureSnecko","floor":46},{"not_picked":["sneckomod:Nope+1","sneckomod:WideSting","sneckomod:UnknownClassHEXA_GHOST_PURPLE"],"picked":"SKIP","floor":46},{"not_picked":["sneckomod:UnknownBoss","sneckomod:SoulDraw+1","sneckomod:Unknown2Cost"],"picked":"SKIP","floor":48},{"not_picked":["sneckomod:TrashToTreasure","sneckomod:Rotation","sneckomod:UnendingSupply+1"],"picked":"SKIP","floor":49}],"player_experience":572136,"relics_obtained":[{"floor":11,"key":"Ice Cream"},{"floor":12,"key":"Toy Ornithopter"},{"floor":24,"key":"Anchor"},{"floor":26,"key":"Blue Candle"},{"floor":28,"key":"Potion Belt"},{"floor":31,"key":"sneckomod:SuperSneckoEye"},{"floor":41,"key":"Gremlin Horn"},{"floor":42,"key":"Slimebound:StickyStick"},{"floor":44,"key":"PreservedInsect"},{"floor":46,"key":"Blood Vial"},{"floor":48,"key":"HornCleat"}],"event_choices":[{"damage_healed":0,"gold_gain":0,"player_choice":"Success","damage_taken":5,"relics_obtained":["InkBottle"],"max_hp_gain":0,"max_hp_loss":0,"event_name":"Scrap Ooze","floor":3,"gold_loss":0},{"cards_removed":["sneckomod:UnknownDraw"],"damage_healed":0,"gold_gain":0,"player_choice":"Removed Skill","damage_taken":0,"max_hp_gain":0,"max_hp_loss":0,"event_name":"Falling","floor":38,"gold_loss":0}],"is_beta":false,"boss_relics":[{"not_picked":["Runic Dome","Coffee Dripper"],"picked":"Philosopher\u0027s Stone"},{"not_picked":["Sozu","sneckomod:SneckoBoss"],"picked":"bronze:MakeshiftBattery"}],"items_purged_floors":[],"is_endless":true,"potions_floor_spawned":[4,5,10,11,15,16,20,22,23,28,31,33,36,40,42,45,49],"killed_by":"DF_ARCHETYPE_ORBS","ascension_level":20}}