{"host":"aj7el8l5kufbk20z","time":1611816569,"event":{"mods":["AchievementEnabler","BaseMod","Colored Map","Colored Powertips","Curses Come First","Highlight Path","Minty Spire (QoL Compilation)","Permanent Neow","Poor People Problems","Quick Restart","Rare Cards Sparkle","Relic Stats","StSLib","SuperFastMode","Waifu the Spire"],"gold_per_floor":[117,137,155,155,161,150,183,195,267,298,155,166,191,209,209,283,283,295,311,399,377,397,397,397,397,397,397,430,78,89,116,116,187,187,198,215,231,231,281,281,301,301,301,266,278,278,128,144,144,144],"floor_reached":51,"language":"ZHS","playtime":3843,"items_purged":["Regret","Strike_G","Masterful Stab","Unload","Writhe","All Out Attack"],"score":1228,"play_id":"b6d69027-2c4d-4e3a-bf28-f056186d6fe3","local_time":"20210128144929","is_ascension_mode":true,"campfire_choices":[{"data":"Noxious Fumes","floor":15.0,"key":"SMITH"},{"data":"After Image","floor":23,"key":"SMITH"},{"data":"Noxious Fumes","floor":25,"key":"SMITH"},{"data":"Cloak And Dagger","floor":27,"key":"SMITH"},{"data":"Cloak And Dagger","floor":32,"key":"SMITH"},{"data":"After Image","floor":40,"key":"SMITH"},{"data":"Noxious Fumes","floor":42,"key":"SMITH"},{"data":"Accuracy","floor":49,"key":"SMITH"}],"circlet_count":0,"master_deck":["AscendersBane","Survivor","Neutralize","Backflip","Caltrops","Calculated Gamble+1","Well Laid Plans","Well Laid Plans","Dodge and Roll","After Image+1","Tactician","Noxious Fumes+1","Blur","Storm of Steel","Noxious Fumes+1","Cloak And Dagger+1","PiercingWail","Backstab","Blur","Prepared","Deadly Poison+1","Accuracy+1","Escape Plan","Cloak And Dagger+1","Accuracy","Noxious Fumes+1","Crippling Poison","After Image+1","Cloak And Dagger+1","Infinite Blades+1","Terror","Panache","Escape Plan","Madness","Madness"],"relics":["WristBlade","Dream Catcher","Medical Kit","Darkstone Periapt","Ice Cream","Kunai","Lantern","Sling","Vajra","Ginger","Pandora\u0027s Box","Lee\u0027s Waffle","War Paint","Bronze Scales","Blood Vial","Pantograph","Shuriken","Art of War","Membership Card","Omamori","White Beast Statue","Snecko Eye","Tingsha","Pen Nib","ClockworkSouvenir","Bottled Lightning","Anchor","Potion Belt","Boot"],"acts_visited":["Exordium","TheCity","TheBeyond"],"potions_floor_usage":[22,33,50,50],"damage_taken":[{"damage":8.0,"enemies":"Cultist","floor":1.0,"turns":6.0},{"damage":8.0,"enemies":"Small Slimes","floor":2.0,"turns":5.0},{"damage":0.0,"enemies":"Jaw Worm","floor":3.0,"turns":5.0},{"damage":10.0,"enemies":"Exordium Thugs","floor":6.0,"turns":4.0},{"damage":73.0,"enemies":"Gremlin Nob","floor":7.0,"turns":7.0},{"damage":70.0,"enemies":"Gremlin Gang","floor":8.0,"turns":6.0},{"damage":34.0,"enemies":"3 Sentries","floor":10.0,"turns":14.0},{"damage":0.0,"enemies":"Red Slaver","floor":12.0,"turns":5.0},{"damage":43.0,"enemies":"Gremlin Nob","floor":13.0,"turns":5.0},{"damage":0.0,"enemies":"3 Louse","floor":14.0,"turns":5.0},{"damage":30.0,"enemies":"The Guardian","floor":16.0,"turns":11.0},{"damage":7,"enemies":"2 Thieves","floor":18,"turns":5},{"damage":17,"enemies":"Spheric Guardian","floor":19,"turns":4},{"damage":17,"enemies":"Centurion and Healer","floor":22,"turns":4},{"damage":32,"enemies":"Slavers","floor":28,"turns":4},{"damage":3,"enemies":"Cultist and Chosen","floor":30,"turns":6},{"damage":22,"enemies":"Book of Stabbing","floor":31,"turns":4},{"damage":12,"enemies":"Automaton","floor":33,"turns":9},{"damage":25,"enemies":"3 Darklings","floor":35,"turns":5},{"damage":5,"enemies":"Orb Walker","floor":36,"turns":5},{"damage":31,"enemies":"Spire Growth","floor":37,"turns":6},{"damage":62,"enemies":"2 Orb Walkers","floor":39,"turns":4},{"damage":58,"enemies":"Transient","floor":41,"turns":5},{"damage":50,"enemies":"Sphere and 2 Shapes","floor":45,"turns":5},{"damage":20,"enemies":"Writhing Mass","floor":48,"turns":6},{"damage":20,"enemies":"Time Eater","floor":50,"turns":6}],"seed_played":"2289974633207639582","potions_obtained":[{"floor":2.0,"key":"AttackPotion"},{"floor":3.0,"key":"Fruit Juice"},{"floor":6.0,"key":"PowerPotion"},{"floor":12.0,"key":"ColorlessPotion"},{"floor":18,"key":"AttackPotion"},{"floor":19,"key":"Block Potion"},{"floor":22,"key":"SteroidPotion"},{"floor":31,"key":"Dexterity Potion"},{"floor":33,"key":"FearPotion"},{"floor":35,"key":"EssenceOfSteel"},{"floor":48,"key":"FairyPotion"}],"is_trial":false,"path_per_floor":["M","M","M","?","$","M","E","M","T","E","$","M","E","M","R","B",null,"M","M","$","$","M","R","?","R","T","R","E","$","M","E","R","B",null,"M","M","M","?","?","R","M","R","T","$","M","?","$","M","R","B",null],"character_chosen":"THE_SILENT","items_purchased":["Well Laid Plans","Medical Kit","Darkstone Periapt","Noxious Fumes","Sling","Vajra","Lee\u0027s Waffle","War Paint","Bronze Scales","Accuracy","Blood Vial","Membership Card","Omamori","Accuracy","ClockworkSouvenir","Panache","Bottled Lightning","Anchor","Potion Belt","Boot"],"campfire_rested":0,"item_purchase_floors":[5,5,5,11,11,11,20,20,21,21,21,29,29,29,44,44,44,44,47,47],"current_hp_per_floor":[51,43,48,48,48,38,93,64,64,56,56,56,114,114,114,84,71,64,47,78,78,61,61,67,67,67,67,87,87,81,100,100,72,81,86,79,99,99,367,367,115,115,115,115,99,84,84,93,93,64],"gold":144,"neow_bonus":"BOSS_RELIC","is_daily":false,"chose_seed":false,"campfire_upgraded":8,"win_rate":0.0,"timestamp":1611816569,"path_taken":["M","?","?","?","?","M","E","?","T","E","$","M","E","M","R","BOSS","M","?","?","$","M","R","?","R","T","R","E","?","M","E","R","BOSS","M","M","M","?","?","R","M","R","T","$","?","?","$","M","R","BOSS"],"items_purchased_type":["Card","Relic","Relic","Card","Relic","Relic","Relic","Relic","Relic","Card","Relic","Relic","Relic","Card","Relic","Card","Relic","Relic","Relic","Relic"],"build_version":"2020-12-22","purchased_purges":6,"victory":true,"max_hp_per_floor":[66,66,71,71,71,71,71,71,71,71,71,71,71,71,71,71,71,71,71,78,78,78,78,84,84,84,84,84,84,84,84,84,84,84,84,84,84,84,84,84,84,84,84,84,84,84,84,84,84,84],"relic_stats":{"Darkstone Periapt":6,"Lee\u0027s Waffle":31,"counters":[26,151],"Tingsha":[48],"Pen Nib":[3],"Ginger":[20],"War Paint":["Calculated Gamble","Deadly Poison"],"Medical Kit":[18],"Boot":[0],"Blood Vial":-326,"Dream Catcher":0,"Shuriken":[21],"Bronze Scales":[258],"Pantograph":-25,"Snecko Eye":[59,84,69,73],"Pandora\u0027s Box":["Noxious Fumes","Backstab","Masterful Stab","Cloak And Dagger","PiercingWail","All Out Attack","Unload","Backstab","Blur"],"Art of War":[12],"Kunai":[30],"obtain_stats":[{"Darkstone Periapt":5,"Ice Cream":7,"Lantern":10,"Vajra":11,"Ginger":13,"Sling":11,"Boot":47,"ClockworkSouvenir":44,"Blood Vial":21,"Dream Catcher":4,"WristBlade":0,"Pantograph":24,"Kunai":9,"Ring of the Snake":0,"Potion Belt":47,"Lee\u0027s Waffle":20,"Tingsha":39,"Pen Nib":43,"Omamori":29,"War Paint":20,"Medical Kit":5,"White Beast Statue":31,"Anchor":44,"Shuriken":26,"Bronze Scales":21,"Snecko Eye":34,"Pandora\u0027s Box":17,"Art of War":28,"Membership Card":29,"Bottled Lightning":44},{"Darkstone Periapt":3,"Ice Cream":5,"Lantern":7,"Vajra":7,"Ginger":9,"Sling":7,"Boot":24,"ClockworkSouvenir":23,"Blood Vial":13,"Dream Catcher":3,"WristBlade":0,"Pantograph":14,"Kunai":6,"Ring of the Snake":0,"Potion Belt":24,"Lee\u0027s Waffle":13,"Tingsha":22,"Pen Nib":23,"Omamori":15,"War Paint":13,"Medical Kit":3,"White Beast Statue":17,"Anchor":23,"Shuriken":14,"Bronze Scales":13,"Snecko Eye":18,"Pandora\u0027s Box":11,"Art of War":15,"Membership Card":15,"Bottled Lightning":23},{"Darkstone Periapt":16,"Ice Cream":27,"Lantern":47,"Vajra":47,"Ginger":57,"Sling":47,"Boot":139,"ClockworkSouvenir":134,"Blood Vial":82,"Dream Catcher":16,"WristBlade":0,"Pantograph":86,"Kunai":33,"Ring of the Snake":0,"Potion Belt":139,"Lee\u0027s Waffle":82,"Tingsha":129,"Pen Nib":134,"Omamori":90,"War Paint":82,"Medical Kit":16,"White Beast Statue":100,"Anchor":134,"Shuriken":86,"Bronze Scales":82,"Snecko Eye":109,"Pandora\u0027s Box":73,"Art of War":90,"Membership Card":90,"Bottled Lightning":134}]},"card_choices":[{"not_picked":["Slice","Sucker Punch"],"picked":"Backflip","floor":1.0},{"not_picked":["Backflip","Deadly Poison"],"picked":"Caltrops","floor":2.0},{"not_picked":["Leg Sweep","Poisoned Stab"],"picked":"Calculated Gamble","floor":3.0},{"not_picked":["Finisher","Bouncing Flask"],"picked":"Well Laid Plans","floor":6.0},{"not_picked":["Malaise","Deflect"],"picked":"Dodge and Roll","floor":7.0},{"not_picked":["Backflip","Underhanded Strike"],"picked":"After Image","floor":8.0},{"not_picked":["Catalyst","All Out Attack"],"picked":"Tactician","floor":10.0},{"not_picked":["Riddle With Holes","Dagger Throw","Poisoned Stab"],"picked":"SKIP","floor":12.0},{"not_picked":["Outmaneuver","Reflex","Venomology"],"picked":"SKIP","floor":13.0},{"not_picked":["Prepared","Dagger Throw"],"picked":"Blur","floor":14.0},{"not_picked":["Wraith Form v2","Bullet Time"],"picked":"Storm of Steel","floor":16.0},{"not_picked":["Sucker Punch","Bane"],"picked":"Prepared","floor":18},{"not_picked":["Flechettes","Sucker Punch"],"picked":"Deadly Poison","floor":19},{"not_picked":["Eviscerate","Skewer"],"picked":"Escape Plan","floor":22},{"not_picked":["All Out Attack","Acrobatics"],"picked":"Cloak And Dagger","floor":28},{"not_picked":["Reflex","Bouncing Flask"],"picked":"Noxious Fumes","floor":30},{"not_picked":["Burst","Glass Knife"],"picked":"Crippling Poison","floor":31},{"not_picked":["Glass Knife","Burst"],"picked":"After Image","floor":33},{"not_picked":["Dash","Quick Slash"],"picked":"Cloak And Dagger+1","floor":35},{"not_picked":["Prepared+1","Deadly Poison+1","Sucker Punch"],"picked":"SKIP","floor":36},{"not_picked":["Slice","Flying Knee","Tactician"],"picked":"SKIP","floor":37},{"not_picked":["Sucker Punch","Dodge and Roll"],"picked":"Infinite Blades+1","floor":39},{"not_picked":["Backflip","Leg Sweep"],"picked":"Terror","floor":41},{"not_picked":["Masterful Stab+1","Concentrate+1"],"picked":"Escape Plan","floor":45},{"not_picked":["Flechettes","Terror","Deflect+1"],"picked":"SKIP","floor":48}],"player_experience":420760,"relics_obtained":[{"floor":7.0,"key":"Ice Cream"},{"floor":9.0,"key":"Kunai"},{"floor":10.0,"key":"Lantern"},{"floor":13.0,"key":"Ginger"},{"floor":26,"key":"Shuriken"},{"floor":28,"key":"Art of War"},{"floor":31,"key":"White Beast Statue"},{"floor":39,"key":"Tingsha"},{"floor":43,"key":"Pen Nib"}],"event_choices":[{"damage_healed":0.0,"max_hp_gain":0.0,"max_hp_loss":0.0,"gold_gain":0.0,"event_name":"Big Fish","player_choice":"Box","floor":4.0,"gold_loss":0.0,"damage_taken":0.0,"relics_obtained":["Dream Catcher"],"cards_obtained":["Regret"]},{"damage_healed":0,"gold_gain":0,"player_choice":"Opened","damage_taken":0,"relics_obtained":["Pantograph"],"max_hp_gain":0,"max_hp_loss":0,"event_name":"The Mausoleum","floor":24,"gold_loss":0,"cards_obtained":["Writhe"]},{"cards_removed":["Backstab"],"damage_healed":0,"gold_gain":0,"player_choice":"Removed Attack","damage_taken":0,"max_hp_gain":0,"max_hp_loss":0,"event_name":"Falling","floor":38,"gold_loss":0},{"damage_healed":0,"gold_gain":0,"player_choice":"Fight","damage_taken":0,"max_hp_gain":0,"max_hp_loss":0,"event_name":"Mysterious Sphere","floor":39,"gold_loss":0},{"damage_healed":0,"gold_gain":0,"player_choice":"Embrace Madness","damage_taken":15,"max_hp_gain":0,"max_hp_loss":0,"event_name":"Winding Halls","floor":46,"gold_loss":0,"cards_obtained":["Madness","Madness"]}],"is_beta":false,"boss_relics":[{"not_picked":["Velvet Choker","Runic Dome"],"picked":"Pandora\u0027s Box"},{"not_picked":["SacredBark","Fusion Hammer"],"picked":"Snecko Eye"}],"items_purged_floors":[5,11,20,21,29,44],"is_endless":false,"potions_floor_spawned":[2,3,6,12,13,14,18,19,22,30,31,33,35,36,37,39,41,45,48],"ascension_level":15}}