{"host":"chv1qanoipyt46jc","time":1611810242,"event":{"mods":["2.2 Compatiblity","AchievementEnabler","BaseMod","BetterRewards","CapriCore","Card Filter","Evolution","Gold Saver","Grow up Mod","Minty Spire (QoL Compilation)","Rare Cards Sparkle","Relic Filter","Remove Card Discount Mod","Reorder Act Four","StSLib","TheSurvivalist"],"gold_per_floor":[112,112,110,125,145,145,165,165,165,198,216,248,265,275,275,374,374,343,361,378,388,388,358,371,371,371,371,381,381,381,381,381,485,535,545,560,556,573,586,621,631,659,708,724,720,730,744,771,771,771,771,771,771,803,803],"floor_reached":56,"language":"ENG","playtime":2676,"items_purged":["survmod:Strike","survmod:Strike","survmod:Strike","survmod:Strike","survmod:VersatileOffense","survmod:Sprint","survmod:Defend+1","survmod:Defend+1","survmod:Defend+1","survmod:Defend+1","survmod:DuckAndFlare+1"],"score":1482,"play_id":"102b2d50-b65a-4594-beb5-824b93d46e43","local_time":"20210127230402","is_ascension_mode":false,"campfire_choices":[{"data":"survmod:GoForFace","floor":6,"key":"SMITH"},{"data":"survmod:GoForFace","floor":8,"key":"SMITH"},{"data":"survmod:DuckAndFlare","floor":15,"key":"SMITH"},{"data":"survmod:MarkedShot","floor":27,"key":"SMITH"},{"data":"survmod:DuckAndFlare","floor":30,"key":"SMITH"},{"floor":32,"key":"RECALL"},{"data":"survmod:GoForFace","floor":49,"key":"SMITH"},{"data":"survmod:MarkTrap","floor":53,"key":"SMITH"}],"circlet_count":0,"master_deck":["survmod:GoForFace+1","survmod:GoForFace+1","survmod:GoForFace+1","survmod:MarkedShot+1","survmod:GoForFace+1","survmod:DuckAndFlare+1","survmod:MarkTrap+1","survmod:Marksmanship+1","survmod:GoForFace+1","survmod:Marksmanship+1"],"relics":["survmod:InnateMutation","EVO:Axolotl","survmod:TrapManual","Tiny Chest","Pen Nib","Coffee Dripper","Akabeko","Molten Egg 2","Tiny House","FossilizedHelix","Omamori","MealTicket","Du-Vu Doll","Sundial"],"acts_visited":["Exordium","TheCity","TheBeyond","TheEnding"],"potions_floor_usage":[55],"damage_taken":[{"damage":2,"enemies":"Small Slimes","floor":1,"turns":4},{"damage":0,"enemies":"Cultist","floor":4,"turns":5},{"damage":0,"enemies":"2 Louse","floor":5,"turns":4},{"damage":0,"enemies":"Large Slime","floor":7,"turns":6},{"damage":0,"enemies":"3 Sentries","floor":10,"turns":8},{"damage":7,"enemies":"3 Louse","floor":11,"turns":5},{"damage":44,"enemies":"Gremlin Nob","floor":12,"turns":5},{"damage":2,"enemies":"Gremlin Gang","floor":13,"turns":6},{"damage":1,"enemies":"Blue Slaver","floor":14,"turns":4},{"damage":7,"enemies":"The Guardian","floor":16,"turns":14},{"damage":4,"enemies":"2 Thieves","floor":18,"turns":5},{"damage":0,"enemies":"Shell Parasite","floor":19,"turns":11},{"damage":0,"enemies":"Snake Plant","floor":20,"turns":5},{"damage":18,"enemies":"Cultist and Chosen","floor":21,"turns":9},{"damage":6,"enemies":"Snecko","floor":24,"turns":4},{"damage":0,"enemies":"Centurion and Healer","floor":28,"turns":3},{"damage":0,"enemies":"Champ","floor":33,"turns":5},{"damage":3,"enemies":"Orb Walker","floor":35,"turns":3},{"damage":7,"enemies":"3 Darklings","floor":36,"turns":4},{"damage":9,"enemies":"Maw","floor":38,"turns":4},{"damage":9,"enemies":"Spire Growth","floor":39,"turns":3},{"damage":37,"enemies":"Reptomancer","floor":40,"turns":3},{"damage":0,"enemies":"Jaw Worm Horde","floor":41,"turns":3},{"damage":4,"enemies":"Giant Head","floor":42,"turns":4},{"damage":0,"enemies":"Maw","floor":44,"turns":3},{"damage":0,"enemies":"Transient","floor":46,"turns":5},{"damage":0,"enemies":"Spire Growth","floor":47,"turns":3},{"damage":33,"enemies":"Nemesis","floor":48,"turns":3},{"damage":63,"enemies":"Time Eater","floor":50,"turns":5},{"damage":71,"enemies":"Shield and Spear","floor":54,"turns":4},{"damage":86,"enemies":"The Heart","floor":55,"turns":5}],"seed_played":"-5774035128016369806","potions_obtained":[{"floor":1,"key":"SpeedPotion"},{"floor":4,"key":"SteroidPotion"},{"floor":11,"key":"SmokeBomb"},{"floor":39,"key":"FairyPotion"},{"floor":42,"key":"LiquidBronze"}],"is_trial":false,"path_per_floor":["M","?","$","M","M","R","M","R","T","E","M","E","M","M","R","B",null,"M","M","M","M","?","$","M","?","T","R","M","$","R","T","R","B",null,"M","M","$","M","M","E","M","E","T","M","$","M","M","E","R","B",null,"$","R","E","B",null],"character_chosen":"THE_SURVIVOR","items_purchased":["survmod:GoForFace","survmod:GoForFace","survmod:GoForFace","survmod:TrapManual","survmod:MarkTrap","survmod:MarkedShot"],"campfire_rested":0,"item_purchase_floors":[0,0,0,0,0,23],"current_hp_per_floor":[45,55,65,75,85,95,105,115,125,135,138,104,112,121,131,134,230,236,246,256,248,258,268,272,282,292,302,312,322,332,342,352,362,405,412,415,425,426,427,400,410,416,426,436,461,471,481,458,468,415,575,585,595,534,458],"gold":803,"neow_bonus":"","is_daily":false,"chose_seed":false,"campfire_upgraded":7,"win_rate":0.0,"timestamp":1611810242,"path_taken":["M","?","$","M","M","R","?","R","T","E","?","E","M","M","R","BOSS","M","M","M","M","?","$","M","?","T","R","M","$","R","?","R","BOSS","M","M","$","M","M","E","M","E","T","?","$","M","M","E","R","BOSS","$","R","E","BOSS"],"items_purchased_type":["Card","Card","Card","Relic","Card","Card"],"build_version":"2020-12-22","purchased_purges":11,"victory":true,"max_hp_per_floor":[70,80,90,100,110,120,130,140,150,160,170,180,190,200,210,220,230,240,250,260,270,280,290,300,310,320,330,340,350,360,370,380,390,405,415,425,435,445,455,465,475,485,495,505,515,525,535,545,555,565,575,585,595,605,615],"card_choices":[{"not_picked":["survmod:TakeAim","survmod:FlareBarrage","survmod:SwiftKick"],"picked":"SKIP","floor":1},{"not_picked":["survmod:AcidArrow","survmod:PiercingShot","survmod:TrickShot"],"picked":"SKIP","floor":4},{"not_picked":["survmod:SwiftKick","survmod:FocusedFire","survmod:MarkedShot"],"picked":"SKIP","floor":5},{"not_picked":["survmod:FindCover","survmod:Adaptability","survmod:MarkedShot"],"picked":"SKIP","floor":7},{"not_picked":["survmod:PiercingShot","survmod:ChokingBow","survmod:LongShot"],"picked":"SKIP","floor":10},{"not_picked":["survmod:PenetratingShot","survmod:PinningSnipe","survmod:TwinShot"],"picked":"SKIP","floor":11},{"not_picked":["survmod:FenceTrap","survmod:RejectWeakness","survmod:AcidArrow"],"picked":"SKIP","floor":12},{"not_picked":["survmod:PoisonTrap","survmod:PinningSnipe","survmod:SimpleMutation"],"picked":"SKIP","floor":13},{"not_picked":["survmod:Hawkeye","survmod:FenceTrap"],"picked":"survmod:DuckAndFlare","floor":14},{"not_picked":["survmod:KnowThyEnemy+1","survmod:LongShot","survmod:OverwhelmingAssault+1"],"picked":"SKIP","floor":18},{"not_picked":["survmod:PinningSnipe","survmod:TwinShot","survmod:KnowThyEnemy"],"picked":"SKIP","floor":19},{"not_picked":["survmod:FenceTrap","survmod:FindCover+1","survmod:Adaptability"],"picked":"SKIP","floor":20},{"not_picked":["survmod:AcidTrap","survmod:Marksmanship","survmod:FlashbangTrap+1"],"picked":"SKIP","floor":21},{"not_picked":["survmod:PenetratingShot+1","survmod:ShrapnelTraps+1","survmod:FocusedFire"],"picked":"SKIP","floor":24},{"not_picked":["survmod:FocusedFire+1","survmod:NeedleShot"],"picked":"survmod:DuckAndFlare","floor":28},{"not_picked":["survmod:PersonalMark","survmod:FlashbangShot+1"],"picked":"survmod:MarkTrap","floor":34},{"not_picked":["survmod:HiddenTactic","survmod:OverwhelmingAssault","survmod:PenetratingShot+1"],"picked":"SKIP","floor":35},{"not_picked":["survmod:SurpriseTrap+1","survmod:FlashbangShot+1","survmod:SwiftKick+1"],"picked":"SKIP","floor":36},{"not_picked":["survmod:QuickThinking+1","survmod:FenceTrap+1"],"picked":"survmod:Marksmanship+1","floor":38},{"not_picked":["survmod:SwiftKick+1","survmod:DuckAndFlare","survmod:FindCover+1"],"picked":"SKIP","floor":39},{"not_picked":["survmod:PoisonTrap+1","survmod:TakeAim+1","survmod:KnowThyEnemy"],"picked":"SKIP","floor":40},{"not_picked":["survmod:BendAndBow+1","survmod:ExplosiveTrap+1","survmod:DesperateAmbush+1"],"picked":"SKIP","floor":41},{"not_picked":["survmod:LongShot+1","survmod:DuckAndFlare","survmod:ExpertSniper"],"picked":"SKIP","floor":42},{"not_picked":["survmod:WalledOffTraps","survmod:SurpriseTrap+1","survmod:PenetratingShot+1"],"picked":"SKIP","floor":44},{"not_picked":["survmod:PinningSnipe+1","survmod:HiddenTactic","survmod:FenceTrap+1"],"picked":"SKIP","floor":46},{"not_picked":["survmod:UnfortunateEscape+1","survmod:TacticalManeuver+1"],"picked":"survmod:GoForFace+1","floor":47},{"not_picked":["survmod:PinningSnipe+1","survmod:UnfortunateEscape","survmod:TwinShot+1"],"picked":"SKIP","floor":48},{"not_picked":["survmod:UnfortunateEscape+1","survmod:DuckAndFlare"],"picked":"survmod:Marksmanship+1","floor":54}],"player_experience":315687,"relics_obtained":[{"floor":10,"key":"Tiny Chest"},{"floor":12,"key":"Pen Nib"},{"floor":26,"key":"Akabeko"},{"floor":31,"key":"Molten Egg 2"},{"floor":40,"key":"FossilizedHelix"},{"floor":42,"key":"Omamori"},{"floor":43,"key":"MealTicket"},{"floor":48,"key":"Du-Vu Doll"},{"floor":54,"key":"Sundial"}],"event_choices":[{"damage_healed":0,"gold_gain":0,"player_choice":"Ignored","damage_taken":0,"max_hp_gain":0,"max_hp_loss":0,"event_name":"Transmorgrifier","floor":2,"gold_loss":0},{"damage_healed":0,"gold_gain":0,"player_choice":"Simplicity","damage_taken":0,"max_hp_gain":0,"max_hp_loss":0,"event_name":"Back to Basics","floor":22,"gold_loss":0,"cards_upgraded":["survmod:Defend","survmod:Defend","survmod:Defend","survmod:Defend"]},{"damage_healed":0,"gold_gain":0,"player_choice":"Read","damage_taken":0,"max_hp_gain":0,"max_hp_loss":0,"event_name":"The Library","floor":25,"gold_loss":0,"cards_obtained":["survmod:GoForFace"]}],"is_beta":false,"boss_relics":[{"not_picked":["SacredBark","Cursed Key"],"picked":"Coffee Dripper"},{"not_picked":["Calling Bell","Pandora\u0027s Box"],"picked":"Tiny House"}],"items_purged_floors":[0,0,0,0,3,23,23,37,37,45,45],"is_endless":false,"potions_floor_spawned":[1,4,11,12,19,21,28,35,39,40,42,44,47,48],"ascension_level":0}}