{"host":"qc8p2flj7wsy3zpg","time":1611852918,"event":{"mods":["BaseMod","Highlight Path","Minty Spire (QoL Compilation)","Relic Stats","StSLib"],"gold_per_floor":[113,125,138,213,213,252,252,285,285,21,46,86,86,99,99,197,197,216,234,159,183,198,198,237,103,103,126,126,166,179,222,222,320,320,345,359,1358,479,499,534,534,534,534],"floor_reached":42,"language":"ENG","playtime":2299,"items_purged":["Normality"],"score":1041,"play_id":"b5b69c58-e6ef-45c9-9c48-bfc72ea3658b","local_time":"20210128105518","is_ascension_mode":true,"campfire_choices":[{"data":"Bash","floor":7.0,"key":"SMITH"},{"floor":15,"key":"REST"},{"floor":23,"key":"REST"},{"floor":28,"key":"REST"},{"floor":32,"key":"REST"}],"circlet_count":0,"master_deck":["AscendersBane","Strike_R","Strike_R","Strike_R","Strike_R","Defend_R","Defend_R","Defend_R","Defend_R","Bash+1","Perfected Strike","Pummel","Fire Breathing","Hemokinesis","Whirlwind","Perfected Strike","Second Wind","Pommel Strike","Reaper","Clothesline","Burning Pact","True Grit","Double Tap","Armaments","Dark Embrace","Inflame","Shrug It Off","Bludgeon","Sentinel+1","Normality","Immolate","Berserk"],"relics":["Cursed Key","Golden Idol","Ancient Tea Set","Juzu Bracelet","Strawberry","Snecko Eye","Orichalcum","Bird Faced Urn","SlaversCollar","OrangePellets","Torii","Regal Pillow","WingedGreaves"],"acts_visited":["Exordium","TheCity","TheBeyond"],"potions_floor_usage":[8,12,13,16,19,22,24,24,29,31,33,36,39,39,40,42],"damage_taken":[{"damage":2.0,"enemies":"Jaw Worm","floor":1.0,"turns":3.0},{"damage":3.0,"enemies":"2 Louse","floor":2.0,"turns":3.0},{"damage":0.0,"enemies":"Cultist","floor":3.0,"turns":2.0},{"damage":8.0,"enemies":"Gremlin Nob","floor":6.0,"turns":3.0},{"damage":5,"enemies":"3 Sentries","floor":8,"turns":5},{"damage":17,"enemies":"Gremlin Gang","floor":11,"turns":4},{"damage":20,"enemies":"Lagavulin","floor":12,"turns":4},{"damage":6,"enemies":"3 Louse","floor":14,"turns":3},{"damage":11,"enemies":"Slime Boss","floor":16,"turns":5},{"damage":2,"enemies":"Chosen","floor":18,"turns":3},{"damage":12,"enemies":"3 Byrds","floor":19,"turns":3},{"damage":2,"enemies":"Cultist and Chosen","floor":21,"turns":3},{"damage":16,"enemies":"Centurion and Healer","floor":22,"turns":4},{"damage":36,"enemies":"Gremlin Leader","floor":24,"turns":6},{"damage":7,"enemies":"Snake Plant","floor":27,"turns":3},{"damage":16,"enemies":"Book of Stabbing","floor":29,"turns":3},{"damage":5,"enemies":"Cultist and Chosen","floor":30,"turns":5},{"damage":31,"enemies":"Gremlin Leader","floor":31,"turns":6},{"damage":53,"enemies":"Champ","floor":33,"turns":7},{"damage":7,"enemies":"3 Shapes","floor":35,"turns":6},{"damage":9,"enemies":"Orb Walker","floor":36,"turns":3},{"damage":40,"enemies":"3 Darklings","floor":39,"turns":8},{"damage":60,"enemies":"Reptomancer","floor":40,"turns":6},{"damage":2,"enemies":"Nemesis","floor":42,"turns":1}],"seed_played":"2419842367129716247","potions_obtained":[{"floor":1.0,"key":"Explosive Potion"},{"floor":3.0,"key":"FearPotion"},{"floor":11,"key":"Block Potion"},{"floor":12,"key":"LiquidBronze"},{"floor":13,"key":"BloodPotion"},{"floor":13,"key":"AttackPotion"},{"floor":18,"key":"ColorlessPotion"},{"floor":19,"key":"LiquidBronze"},{"floor":22,"key":"Explosive Potion"},{"floor":30,"key":"ElixirPotion"},{"floor":31,"key":"SneckoOil"},{"floor":35,"key":"EntropicBrew"},{"floor":39,"key":"FearPotion"},{"floor":40,"key":"CultistPotion"}],"is_trial":false,"path_per_floor":["M","M","M","?","?","E","R","E","T","$","M","E","?","M","R","B",null,"M","M","?","M","M","R","E","$","T","M","R","E","M","E","R","B",null,"M","M","?","$","M","E","?","E"],"character_chosen":"IRONCLAD","items_purchased":["Whirlwind","Perfected Strike","Second Wind","FearPotion","DuplicationPotion","Armaments","OrangePellets","Torii","Regal Pillow","Immolate"],"campfire_rested":4,"item_purchase_floors":[10,10,10,10,25,25,38,38,38,38],"current_hp_per_floor":[66,63,63,52,52,44,44,39,39,39,22,9,24,18,40,29,64,66,54,54,60,48,70,39,39,39,35,57,53,48,35,57,19,61,72,67,67,67,41,1,1,0,0],"gold":534,"neow_bonus":"BOSS_RELIC","is_daily":false,"chose_seed":false,"campfire_upgraded":1,"win_rate":0.0,"timestamp":1611852918,"path_taken":["M","M","M","?","?","E","R","E","T","?","M","E","?","M","R","BOSS","M","M","?","M","M","R","E","$","T","M","R","E","M","E","R","BOSS","M","M","?","$","M","E","?","E"],"items_purchased_type":["Card","Card","Card","Potion","Potion","Card","Relic","Relic","Relic","Card"],"build_version":"2020-12-22","purchased_purges":1,"victory":false,"max_hp_per_floor":[75,75,75,75,68,68,68,68,68,68,68,75,75,75,75,75,75,75,75,75,75,75,75,75,75,75,75,75,75,75,75,75,75,75,75,75,75,75,75,75,75,75,75],"relic_stats":{"OrangePellets":[3],"Regal Pillow":0,"Torii":6,"counters":[24,99],"Golden Idol":139,"Bird Faced Urn":[30],"Snecko Eye":[113,101,118,116],"Juzu Bracelet":2,"Orichalcum":[114],"Cursed Key":0,"obtain_stats":[{"Regal Pillow":38,"Torii":38,"Golden Idol":5,"Juzu Bracelet":8,"Orichalcum":24,"Cursed Key":0,"Ancient Tea Set":6,"Burning Blood":0,"SlaversCollar":34,"OrangePellets":38,"Strawberry":12,"Bird Faced Urn":31,"Snecko Eye":17,"WingedGreaves":40},{"Regal Pillow":21,"Torii":21,"Golden Idol":3,"Juzu Bracelet":5,"Orichalcum":14,"Cursed Key":0,"Ancient Tea Set":4,"Burning Blood":0,"SlaversCollar":19,"OrangePellets":21,"Strawberry":7,"Bird Faced Urn":18,"Snecko Eye":9,"WingedGreaves":23},{"Regal Pillow":84,"Torii":84,"Golden Idol":8,"Juzu Bracelet":16,"Orichalcum":51,"Cursed Key":0,"Ancient Tea Set":11,"Burning Blood":0,"SlaversCollar":75,"OrangePellets":84,"Strawberry":24,"Bird Faced Urn":68,"Snecko Eye":32,"WingedGreaves":98}]},"card_choices":[{"not_picked":["Bloodletting","Feel No Pain"],"picked":"Perfected Strike","floor":1.0},{"not_picked":["Thunderclap","Warcry"],"picked":"Pummel","floor":2.0},{"not_picked":["Wild Strike","Hemokinesis"],"picked":"Fire Breathing","floor":3.0},{"not_picked":["Warcry","Burning Pact"],"picked":"Hemokinesis","floor":8},{"not_picked":["Perfected Strike","Cleave"],"picked":"Pommel Strike","floor":12},{"not_picked":["Barricade","Limit Break"],"picked":"Reaper","floor":16},{"not_picked":["Perfected Strike","Sword Boomerang"],"picked":"Clothesline","floor":18},{"not_picked":["Second Wind+1","Iron Wave"],"picked":"Burning Pact","floor":19},{"not_picked":["Rampage","Cleave"],"picked":"True Grit","floor":21},{"not_picked":["Whirlwind","Second Wind"],"picked":"Double Tap","floor":24},{"not_picked":["Rage","Body Slam"],"picked":"Dark Embrace","floor":27},{"not_picked":["Seeing Red","Cleave"],"picked":"Inflame","floor":30},{"not_picked":["Body Slam","Thunderclap"],"picked":"Shrug It Off","floor":31},{"not_picked":["Immolate","Offering"],"picked":"Bludgeon","floor":33},{"not_picked":["Pommel Strike","Twin Strike"],"picked":"Sentinel+1","floor":35},{"not_picked":["Wild Strike","Clash"],"picked":"Berserk","floor":40}],"player_experience":2284454,"relics_obtained":[{"floor":6.0,"key":"Ancient Tea Set"},{"floor":8,"key":"Juzu Bracelet"},{"floor":12,"key":"Strawberry"},{"floor":24,"key":"Orichalcum"},{"floor":31,"key":"Bird Faced Urn"},{"floor":40,"key":"WingedGreaves"}],"event_choices":[{"damage_healed":0.0,"max_hp_gain":0.0,"max_hp_loss":0.0,"gold_gain":75.0,"event_name":"World of Goop","player_choice":"Gather Gold","floor":4.0,"gold_loss":0.0,"damage_taken":11.0},{"damage_healed":0.0,"max_hp_gain":0.0,"max_hp_loss":7.0,"gold_gain":0.0,"event_name":"Golden Idol","player_choice":"Lose Max HP","floor":5.0,"gold_loss":0.0,"damage_taken":0.0,"relics_obtained":["Golden Idol"]},{"damage_healed":0,"gold_gain":0,"player_choice":"Got Potions","damage_taken":0,"max_hp_gain":0,"max_hp_loss":0,"event_name":"Lab","floor":13,"gold_loss":0},{"cards_removed":["Strike_R"],"damage_healed":0,"gold_gain":0,"player_choice":"Gave Gold","damage_taken":0,"max_hp_gain":0,"max_hp_loss":0,"event_name":"Beggar","floor":20,"gold_loss":75},{"damage_healed":0,"gold_gain":999,"player_choice":"Gold","damage_taken":0,"max_hp_gain":0,"max_hp_loss":0,"event_name":"MindBloom","floor":37,"gold_loss":0,"cards_obtained":["Normality","Normality"]},{"damage_healed":0,"gold_gain":0,"player_choice":"Ignored","damage_taken":0,"max_hp_gain":0,"max_hp_loss":0,"event_name":"Mysterious Sphere","floor":41,"gold_loss":0}],"is_beta":false,"boss_relics":[{"not_picked":["Mark of Pain","Tiny House"],"picked":"Snecko Eye"},{"not_picked":["Runic Pyramid","Runic Cube"],"picked":"SlaversCollar"}],"items_purged_floors":[38],"is_endless":false,"potions_floor_spawned":[1,3,11,12,18,19,22,30,31,35,39,40],"killed_by":"Nemesis","ascension_level":20}}