{"host":"c7yluuzpqlymemjk","time":1611810257,"event":{"mods":["BaseMod","Colored Map","GifTheSpireLib","Minty Spire (QoL Compilation)","Relic Stats","StSLib","slay the spire mod where everything is the same but ironclad has a cowboy hat"],"gold_per_floor":[216,216,230,52,71,115,129,129,155,330,346,390,416,451,451,451,451],"floor_reached":16,"language":"ENG","playtime":1267,"items_purged":[],"score":126,"play_id":"b231f107-db71-4308-bfdd-51af896788f8","local_time":"20210127210417","is_ascension_mode":true,"campfire_choices":[{"floor":15,"key":"REST"}],"circlet_count":0,"master_deck":["Strike_P","Strike_P","Strike_P","Strike_P+1","Defend_P","Defend_P","Defend_P","Defend_P","Eruption","Vigilance","FearNoEvil+1","Injury","Wallop+1","WaveOfTheHand","Tantrum","EmptyFist","Protect","CutThroughFate","Swivel+1","Doubt","Consecrate","Prostrate","BowlingBash"],"relics":["PureWater","Golden Idol","Akabeko","Boot","Whetstone","Letter Opener"],"acts_visited":["Exordium"],"potions_floor_usage":[16],"damage_taken":[{"damage":0,"enemies":"2 Louse","floor":1,"turns":2},{"damage":0,"enemies":"Small Slimes","floor":3,"turns":3},{"damage":3,"enemies":"Jaw Worm","floor":5,"turns":2},{"damage":11,"enemies":"Lagavulin","floor":6,"turns":8},{"damage":0,"enemies":"Looter","floor":7,"turns":1},{"damage":0,"enemies":"3 Louse","floor":11,"turns":3},{"damage":15,"enemies":"Gremlin Nob","floor":12,"turns":4},{"damage":9,"enemies":"Lagavulin","floor":14,"turns":6},{"damage":42,"enemies":"The Guardian","floor":16,"turns":10}],"seed_played":"-5093529514028926959","potions_obtained":[{"floor":3,"key":"FearPotion"},{"floor":5,"key":"Dexterity Potion"},{"floor":6,"key":"Energy Potion"}],"is_trial":false,"path_per_floor":["M","?","M","$","M","E","M","?","T","?","M","E","T","E","R","B"],"character_chosen":"WATCHER","items_purchased":["WaveOfTheHand","Tantrum","EmptyFist"],"campfire_rested":1,"item_purchase_floors":[4,4,4],"current_hp_per_floor":[72,72,72,72,69,58,58,44,44,44,44,29,29,20,41,0,0],"gold":451,"neow_bonus":"HUNDRED_GOLD","is_daily":false,"chose_seed":false,"campfire_upgraded":0,"win_rate":0.0,"timestamp":1611810257,"path_taken":["M","?","M","$","M","E","M","?","T","?","M","E","?","E","R","BOSS"],"items_purchased_type":["Card","Card","Card"],"build_version":"2020-12-22","purchased_purges":0,"victory":false,"max_hp_per_floor":[72,72,72,72,72,72,72,72,72,72,72,72,72,72,72,72,72],"relic_stats":{"counters":[9,39],"Golden Idol":38,"Whetstone":["FearNoEvil","Strike_P"],"Letter Opener":[0],"Boot":[11],"obtain_stats":[{"Golden Idol":2,"Whetstone":13,"Letter Opener":14,"PureWater":0,"Boot":12,"Akabeko":6},{"Golden Idol":1,"Whetstone":7,"Letter Opener":8,"PureWater":0,"Boot":7,"Akabeko":4},{"Golden Idol":2,"Whetstone":23,"Letter Opener":29,"PureWater":0,"Boot":23,"Akabeko":15}]},"card_choices":[{"not_picked":["ThirdEye","EmptyFist"],"picked":"FearNoEvil","floor":1},{"not_picked":["Indignation","FlyingSleeves"],"picked":"Wallop","floor":3},{"not_picked":["MentalFortress","ClearTheMind"],"picked":"Protect","floor":5},{"not_picked":["SashWhip","PathToVictory"],"picked":"CutThroughFate","floor":6},{"not_picked":["WindmillStrike","CrushJoints"],"picked":"Swivel","floor":7},{"not_picked":["Crescendo","WreathOfFlame"],"picked":"Consecrate","floor":11},{"not_picked":["Evaluate","Weave"],"picked":"Prostrate","floor":12},{"not_picked":["DeceiveReality","Tantrum"],"picked":"BowlingBash","floor":14}],"player_experience":347207,"relics_obtained":[{"floor":6,"key":"Akabeko"},{"floor":12,"key":"Boot"},{"floor":13,"key":"Whetstone"},{"floor":14,"key":"Letter Opener"}],"event_choices":[{"damage_healed":0,"gold_gain":0,"player_choice":"Take Wound","damage_taken":0,"relics_obtained":["Golden Idol"],"max_hp_gain":0,"max_hp_loss":0,"event_name":"Golden Idol","floor":2,"gold_loss":0,"cards_obtained":["Injury"]},{"damage_healed":0,"gold_gain":0,"player_choice":"Entered Light","damage_taken":14,"max_hp_gain":0,"max_hp_loss":0,"event_name":"Shining Light","floor":8,"gold_loss":0,"cards_upgraded":["Swivel","Wallop"]},{"damage_healed":0,"gold_gain":175,"player_choice":"AGREE","damage_taken":0,"max_hp_gain":0,"max_hp_loss":0,"event_name":"Liars Game","floor":10,"gold_loss":0,"cards_obtained":["Doubt"]}],"is_beta":false,"boss_relics":[],"items_purged_floors":[],"is_endless":false,"potions_floor_spawned":[3,5,6,7,12],"killed_by":"The Guardian","ascension_level":1}}