{"host":"qswkx8hggytna0kc","time":1611823146,"event":{"mods":["Aspiration","BaseMod","BetterRewards","Colored Map","Colored Powertips","Highlight Path","Hubris","Mimic Mod","Minty Spire (QoL Compilation)","MostiFishMod","Quick Restart","Replay The Spire","StSLib","SuperFastMode"],"gold_per_floor":[109,124,140,157,232,258,25,53,53,65,79,79,114,128,128,232,232,250,250,550,550,565,602,602,630,656,685,685,701,701,734,734,833,833,843,843,857,877,888,920,936,936,970,1001,1011,1011,1067,1079,1079,1081,1081,1081,1081,1108,1110],"floor_reached":56,"language":"ZHS","playtime":1758,"items_purged":["Strike_R"],"score":2134,"play_id":"ce1a53b1-0494-4615-be87-d9c8c1b8103b","local_time":"20210128163906","is_ascension_mode":true,"campfire_choices":[{"floor":15,"key":"DIG"},{"data":"Dark Embrace","floor":24,"key":"SMITH"},{"data":"MostiFishMod:FireWorks","floor":28,"key":"SMITH"},{"floor":49,"key":"RECALL"},{"data":"MostiFishMod:HellRitual","floor":52,"key":"SMITH"}],"circlet_count":0,"master_deck":["Strike_R","Strike_R","Strike_R","Strike_R+1","Defend_R","Defend_R","Defend_R","Defend_R","Bash","Warcry+1","Dropkick","Weave","Acrobatics","ThirdEye","MostiFishMod:FireWorks+1","Abandon","Anger","MostiFishMod:HellRitual+1","MostiFishMod:404NotFound","Sword Boomerang+1","MostiFishMod:KingOfFree","MostiFishMod:Mottled","Discovery","Dark Embrace+1","ReplayTheSpireMod:Limb From Limb","Heavy Blade+1","Feed","Replay:Undeath\u0027s Touch+1","Havoc+1","SignatureMove","MostiFishMod:KamiSmash","ReplayTheSpireMod:Strike From Hell+1","MostiFishMod:KamiSmash","FollowUp","MostiFishMod:CullingBlade"],"relics":["Burning Blood","DaveBox","ImprovedEquipment","aspiration:Nostalgia","Replay:M_StaffOfTheSnake","SynthV:TestCard","hubris:SlimyHat","Darkstone Periapt","hubris:DeckOfHolding","Sundial","MostiFishMod:Haymaker","PatriotShield","hubris:NiceRug","Whetstone","hubris:Reverence","ReplayTheSpireMod:ShopPack","Mirror","Omamori","Smiling Mask","White Beast Statue","aspiration:ChemicalBlood","aspiration:WatcherSkillbook","Happy Flower","StoneCalendar","Bag of Marbles","Replay:Towering Pillar of Hats","FossilizedHelix"],"acts_visited":["Exordium","TheCity","TheBeyond","TheEnding"],"potions_floor_usage":[6,31],"damage_taken":[{"damage":3.0,"enemies":"2 Louse","floor":1.0,"turns":3.0},{"damage":4.0,"enemies":"Cultist","floor":2.0,"turns":3.0},{"damage":0.0,"enemies":"Small Slimes","floor":3.0,"turns":3.0},{"damage":10.0,"enemies":"3 Louse","floor":4.0,"turns":3.0},{"damage":20,"enemies":"Lagavulin","floor":6,"turns":10},{"damage":8,"enemies":"Replay:BlueRogue","floor":8,"turns":3},{"damage":4,"enemies":"Looter","floor":10,"turns":2},{"damage":4,"enemies":"Exordium Thugs","floor":11,"turns":3},{"damage":18,"enemies":"3 Sentries","floor":13,"turns":6},{"damage":4,"enemies":"Large Slime","floor":14,"turns":4},{"damage":16,"enemies":"The Guardian","floor":16,"turns":6},{"damage":4,"enemies":"Spheric Guardian","floor":18,"turns":1},{"damage":8,"enemies":"hubris:Merchant","floor":20,"turns":4},{"damage":1,"enemies":"Centurion and Healer","floor":22,"turns":2},{"damage":4,"enemies":"Book of Stabbing","floor":23,"turns":2},{"damage":0,"enemies":"Gremlin Leader","floor":25,"turns":2},{"damage":0,"enemies":"Replay:Snechameleon","floor":27,"turns":1},{"damage":0,"enemies":"Snake Plant","floor":29,"turns":1},{"damage":0,"enemies":"Slavers","floor":31,"turns":2},{"damage":12,"enemies":"hubris:MusketHawk","floor":33,"turns":3},{"damage":4,"enemies":"3 Darklings","floor":35,"turns":1},{"damage":4,"enemies":"Orb Walker","floor":37,"turns":1},{"damage":8,"enemies":"Transient","floor":38,"turns":2},{"damage":19,"enemies":"4 Shapes","floor":39,"turns":1},{"damage":0,"enemies":"R_Hoarder","floor":40,"turns":2},{"damage":0,"enemies":"Maw","floor":41,"turns":2},{"damage":4,"enemies":"Transient","floor":43,"turns":2},{"damage":0,"enemies":"Reptomancer","floor":44,"turns":2},{"damage":0,"enemies":"Transient","floor":45,"turns":1},{"damage":0,"enemies":"2 Orb Walkers","floor":47,"turns":1},{"damage":0,"enemies":"Jaw Worm Horde","floor":48,"turns":1},{"damage":4,"enemies":"Donu and Deca","floor":50,"turns":3},{"damage":0,"enemies":"Shield and Spear","floor":54,"turns":1},{"damage":10,"enemies":"The Heart","floor":55,"turns":4}],"seed_played":"-646388200827147617","potions_obtained":[{"floor":1.0,"key":"Reflective Coating"},{"floor":4.0,"key":"HeartOfIron"},{"floor":8,"key":"SpeedPotion"},{"floor":14,"key":"Energy Potion"},{"floor":31,"key":"EntropicBrew"}],"is_trial":false,"path_per_floor":["M","M","M","M","?","E","$","E","T","M","M","$","E","M","R_BF","B",null,"M","?","$","M","M","E","R","E","T","E","R","M","?","E","R_BF","B",null,"M","?","M","M","M","E","M","$","MIM","E","M","?","?","M","R","B",null,"R","$","E","B",null],"character_chosen":"IRONCLAD","items_purchased":["MostiFishMod:FireWorks"],"campfire_rested":0,"item_purchase_floors":[7],"current_hp_per_floor":[75,77,80,76,68,54,54,52,52,54,56,56,44,46,46,36,69,71,71,69,69,76,80,80,80,80,80,80,80,80,80,80,76,79,80,80,80,83,70,79,86,86,86,89,89,89,89,89,89,89,89,89,89,89,87],"gold":1110,"neow_bonus":"NOSTALGIA","is_daily":false,"chose_seed":false,"campfire_upgraded":3,"win_rate":0.0,"timestamp":1611823146,"path_taken":["M","M","M","M","?","E","$","E","T","M","M","?","E","M","R_BF","BOSS","M","?","$","M","M","E","R","E","T","E","R","M","?","E","R_BF","BOSS","M","?","M","M","M","E","M","$","MIM","E","M","?","?","?","R","BOSS","R","$","E","BOSS"],"items_purchased_type":["Card"],"build_version":"2020-12-22","purchased_purges":1,"victory":true,"max_hp_per_floor":[80,80,80,80,80,80,80,80,80,80,80,80,80,80,80,80,80,80,80,80,80,80,80,80,80,80,80,80,80,80,80,80,80,80,80,80,80,83,83,86,86,86,86,89,89,89,89,89,89,89,89,89,89,89,89],"card_choices":[{"not_picked":["Hemokinesis","Clothesline"],"picked":"Warcry","floor":1.0},{"not_picked":["Dual Wield","Havoc","ReplayTheSpireMod:Stacked","Clothesline"],"picked":"Dropkick","floor":2.0},{"not_picked":["ReplayTheSpireMod:Strike From Hell","Body Slam","Outmaneuver","Second Wind"],"picked":"Weave","floor":3.0},{"not_picked":["Crescendo","Anger","ClearTheMind","ReplayTheSpireMod:Corrosion Curse"],"picked":"Acrobatics","floor":4.0},{"not_picked":["Replay:Undeath\u0027s Touch","Crescendo","hubris:SharpeningStone","Wild Strike"],"picked":"ThirdEye","floor":6},{"not_picked":["MostiFishMod:FlyOverUtopia","ClearTheMind","Entrench","Predator"],"picked":"Abandon","floor":8},{"not_picked":["Havoc","Sever Soul","Perfected Strike","Flying Knee"],"picked":"Anger","floor":10},{"not_picked":["Headbutt","Iron Wave","hubris:ReadiedAction","MostiFishMod:Mania","ThirdEye"],"picked":"SKIP","floor":11},{"not_picked":["ClearTheMind","Cleave","Power Through","Armaments","Havoc"],"picked":"SKIP","floor":13},{"not_picked":["Perfected Strike","hubris:CleavingFinish","Flex","Cleave"],"picked":"MostiFishMod:HellRitual","floor":14},{"not_picked":["Night Terror","Impervious","Limit Break","Barricade"],"picked":"MostiFishMod:404NotFound","floor":16},{"not_picked":["Iron Wave","Pommel Strike","Perfected Strike","Clash"],"picked":"Sword Boomerang","floor":18},{"not_picked":["ReplayTheSpireMod:Strike From Hell"],"picked":"SKIP","floor":20},{"not_picked":["Perfected Strike"],"picked":"SKIP","floor":20},{"not_picked":["Limit Break"],"picked":"SKIP","floor":20},{"not_picked":["Sentinel"],"picked":"SKIP","floor":20},{"not_picked":["Life Link"],"picked":"SKIP","floor":20},{"not_picked":["Good Instincts"],"picked":"SKIP","floor":20},{"not_picked":["Metamorphosis"],"picked":"SKIP","floor":20},{"not_picked":["ReplayTheSpireMod:Strike From Hell"],"picked":"SKIP","floor":20},{"not_picked":["Perfected Strike"],"picked":"SKIP","floor":20},{"not_picked":["Limit Break"],"picked":"SKIP","floor":20},{"not_picked":["Sentinel"],"picked":"SKIP","floor":20},{"not_picked":["Life Link"],"picked":"SKIP","floor":20},{"not_picked":["Good Instincts"],"picked":"SKIP","floor":20},{"not_picked":["Metamorphosis"],"picked":"SKIP","floor":20},{"not_picked":["Mayhem","Crow Ritual","HandOfGreed","Panache"],"picked":"MostiFishMod:KingOfFree","floor":21},{"not_picked":["Discovery","Replay:Sssssssssstrike","Purity","Enlightenment"],"picked":"MostiFishMod:Mottled","floor":21},{"not_picked":["Enlightenment","Swift Strike","Replay:Bootleg Shield Generator","Crow Ritual"],"picked":"Discovery","floor":21},{"not_picked":["Feel No Pain","Havoc","ReplayTheSpireMod:Muscle Training","Reckless Charge","Armaments"],"picked":"SKIP","floor":22},{"not_picked":["Anger","Corruption","Inflame","MostiFishMod:BrandingRite"],"picked":"Dark Embrace","floor":23},{"not_picked":["Power Through","Hemokinesis+1","Flex","Bloodletting+1"],"picked":"ReplayTheSpireMod:Limb From Limb","floor":25},{"not_picked":["Armaments","Eclipse","Flame Barrier","Massacre+1"],"picked":"Heavy Blade+1","floor":27},{"not_picked":["Anger","Dropkick","Replay:Undeath\u0027s Touch","Feel No Pain+1","Power Through"],"picked":"SKIP","floor":29},{"not_picked":["Disarm","Spot Weakness+1","Combust","Armaments","hubris:ReadiedAction"],"picked":"SKIP","floor":31},{"not_picked":["Bludgeon","hubris:StunningStrike","Hemogenesis","Eclipse"],"picked":"Feed","floor":33},{"not_picked":["Perfected Strike+1","ReplayTheSpireMod:Stacked","Thunderclap+1","SashWhip","Crescendo"],"picked":"Replay:Undeath\u0027s Touch+1","floor":35},{"not_picked":["Rampage+1","LikeWater","ThirdEye","EmptyMind","Consecrate"],"picked":"Havoc+1","floor":37},{"not_picked":["MostiFishMod:Nomercy+1","Intimidate+1","Crescendo","ReplayTheSpireMod:LeadingStrike","Prostrate"],"picked":"SignatureMove","floor":38},{"not_picked":["Fasting2","Blood for Blood","Nirvana","Replay:AtTheReady","Replay:Undeath\u0027s Touch+1"],"picked":"MostiFishMod:KamiSmash","floor":39},{"not_picked":["FearNoEvil","Iron Wave","Crescendo","Scrawl","Clash+1","Entrench+1"],"picked":"SKIP","floor":40},{"not_picked":["ThirdEye","Evaluate","Replay:BluntJabs","InnerPeace+1","FlurryOfBlows"],"picked":"ReplayTheSpireMod:Strike From Hell+1","floor":41},{"not_picked":["Evaluate","BowlingBash+1","MostiFishMod:BrandingRite","Shrug It Off","SashWhip"],"picked":"MostiFishMod:KamiSmash","floor":43},{"not_picked":["Anger","SandsOfTime+1","Impervious","Wild Strike","Metallicize+1","Worship"],"picked":"SKIP","floor":44},{"not_picked":["MostiFishMod:Nomercy","Clash","BattleHymn+1","Replay:Anticipation+1","EmptyMind"],"picked":"FollowUp","floor":45},{"not_picked":["BowlingBash","Uppercut+1","Cleave","Dual Wield","Halt","Protect"],"picked":"SKIP","floor":48},{"not_picked":["Twin Strike","Thunderclap+1","ReplayTheSpireMod:Muscle Training","Iron Wave","Disarm"],"picked":"MostiFishMod:CullingBlade","floor":54}],"player_experience":378294,"relics_obtained":[{"floor":1.0,"key":"SynthV:TestCard"},{"floor":6,"key":"hubris:SlimyHat"},{"floor":8,"key":"Darkstone Periapt"},{"floor":9,"key":"hubris:DeckOfHolding"},{"floor":13,"key":"Sundial"},{"floor":15,"key":"MostiFishMod:Haymaker"},{"floor":20,"key":"Whetstone"},{"floor":20,"key":"hubris:Reverence"},{"floor":20,"key":"ReplayTheSpireMod:ShopPack"},{"floor":23,"key":"Mirror"},{"floor":25,"key":"Omamori"},{"floor":27,"key":"Smiling Mask"},{"floor":31,"key":"White Beast Statue"},{"floor":32,"key":"aspiration:ChemicalBlood"},{"floor":40,"key":"Happy Flower"},{"floor":43,"key":"StoneCalendar"},{"floor":44,"key":"Bag of Marbles"},{"floor":47,"key":"Replay:Towering Pillar of Hats"},{"floor":54,"key":"FossilizedHelix"}],"event_choices":[{"damage_healed":0.0,"max_hp_gain":0.0,"max_hp_loss":0.0,"gold_gain":75.0,"event_name":"FaceTrader","player_choice":"Touch","floor":5.0,"gold_loss":0.0,"damage_taken":8.0},{"damage_healed":0,"gold_gain":0,"player_choice":"Got Potions","damage_taken":0,"max_hp_gain":0,"max_hp_loss":0,"event_name":"Lab","floor":30,"gold_loss":0},{"damage_healed":0,"gold_gain":0,"player_choice":"Relic","damage_taken":0,"max_hp_gain":0,"max_hp_loss":0,"event_name":"Wheel of Change","floor":32,"gold_loss":0},{"damage_healed":0,"gold_gain":0,"player_choice":"Ignored","damage_taken":0,"max_hp_gain":0,"max_hp_loss":0,"event_name":"Tomb of Lord Red Mask","floor":36,"gold_loss":0},{"damage_healed":0,"gold_gain":0,"player_choice":"Fight","damage_taken":0,"max_hp_gain":0,"max_hp_loss":0,"event_name":"Mysterious Sphere","floor":47,"gold_loss":0}],"is_beta":false,"boss_relics":[{"not_picked":["BloodWine","EE1DDrone"],"picked":"PatriotShield"},{"not_picked":["Honey Jar","Tiny House"],"picked":"aspiration:WatcherSkillbook"}],"items_purged_floors":[7],"is_endless":false,"potions_floor_spawned":[1,4,8,14,16,22,25,27,29,31,33,35,37,38,39,40,41,43,44,45,47,48,54],"ascension_level":6}}