{"host":"osk2oboccoevp2u5","time":1611854122,"event":{"mods":["AchievementEnabler","Alarm Clock","BaseMod","Colored Powertips","Disable Question Mark Monsters","Displayed Cursed Tome","Hermit","Key Reminder","Minty Spire (QoL Compilation)","Potion Indicator Mod","Quick Restart","Rare Cards Sparkle","Reorder Act Four","StSLib","Useless Jewels Mod"],"gold_per_floor":[119,134,134,148,23,23,41,75,75,75,87,87,87,106,106,203,203,223,235,235,253,54,79,79,89,112,112,112,138,0,32,32,32,32],"floor_reached":33,"language":"ENG","playtime":3339,"items_purged":["hermit:Strike_Hermit","hermit:Defend_Hermit"],"score":376,"play_id":"9a76e0b8-6b3e-4965-abf2-505b934afa80","local_time":"20210128131522","is_ascension_mode":true,"campfire_choices":[{"data":"hermit:Dive","floor":6,"key":"SMITH"},{"floor":12,"key":"REST"},{"data":"hermit:WideOpen","floor":15,"key":"SMITH"},{"floor":24,"key":"REST"},{"floor":28,"key":"REST"},{"floor":32,"key":"REST"}],"circlet_count":0,"master_deck":["hermit:Defend_Hermit","hermit:Defend_Hermit","hermit:Defend_Hermit","hermit:Snapshot","hermit:Covet","hermit:FlashPowder+1","hermit:Desperado","hermit:Dive+1","hermit:Manifest","hermit:WideOpen+1","hermit:Roughhouse","hermit:Purgatory+1","hermit:HighCaliber+1","hermit:BlackWind+1","hermit:Dive+1","hermit:Desperado"],"relics":["hermit:Momento","NeowsBlessing","Dream Catcher","Anchor","FaceOfCleric","Astrolabe","Pantograph","Boot","StrikeDummy","Peace Pipe"],"acts_visited":["Exordium","TheCity"],"potions_floor_usage":[8,8,18,23,23,29,29,29,31,33],"damage_taken":[{"damage":0,"enemies":"Jaw Worm","floor":1,"turns":1},{"damage":0,"enemies":"Cultist","floor":2,"turns":1},{"damage":0,"enemies":"2 Louse","floor":4,"turns":1},{"damage":0,"enemies":"2 Fungi Beasts","floor":7,"turns":4},{"damage":16,"enemies":"Gremlin Nob","floor":8,"turns":3},{"damage":11,"enemies":"Gremlin Gang","floor":11,"turns":7},{"damage":2,"enemies":"Large Slime","floor":14,"turns":7},{"damage":50,"enemies":"The Guardian","floor":16,"turns":16},{"damage":36,"enemies":"2 Thieves","floor":18,"turns":4},{"damage":0,"enemies":"Shell Parasite","floor":19,"turns":2},{"damage":10,"enemies":"Snake Plant","floor":21,"turns":3},{"damage":18,"enemies":"Slavers","floor":23,"turns":7},{"damage":11,"enemies":"Chosen and Byrds","floor":25,"turns":14},{"damage":138,"enemies":"Gremlin Leader","floor":29,"turns":12},{"damage":48,"enemies":"Book of Stabbing","floor":31,"turns":7},{"damage":60,"enemies":"Automaton","floor":33,"turns":6}],"seed_played":"6707155687100157022","potions_obtained":[{"floor":2,"key":"FearPotion"},{"floor":7,"key":"DistilledChaos"},{"floor":16,"key":"SpeedPotion"},{"floor":20,"key":"hermit:BlackBile"},{"floor":20,"key":"SpeedPotion"},{"floor":20,"key":"hermit:Tonic"},{"floor":23,"key":"SkillPotion"},{"floor":25,"key":"Swift Potion"},{"floor":29,"key":"AttackPotion"},{"floor":31,"key":"SteroidPotion"}],"is_trial":false,"path_per_floor":["M","M","?","M","$","R","M","E","T","?","M","R","?","M","R","B",null,"M","M","?","M","$","E","R","M","T","?","R","E","?","E","R","B"],"character_chosen":"HERMIT","items_purchased":["hermit:Dive","CultistPotion"],"campfire_rested":4,"item_purchase_floors":[5,22],"current_hp_per_floor":[75,75,75,75,75,75,75,59,59,59,49,71,76,75,75,26,83,48,49,49,40,40,23,49,39,39,39,65,89,89,42,69,30,30],"gold":32,"neow_bonus":"THREE_ENEMY_KILL","is_daily":false,"chose_seed":false,"campfire_upgraded":2,"win_rate":0.0,"timestamp":1611854122,"path_taken":["M","M","?","M","$","R","M","E","T","?","?","R","?","M","R","BOSS","M","M","?","?","$","E","R","M","T","?","R","E","?","E","R","BOSS"],"items_purchased_type":["Card","Potion"],"build_version":"2020-12-22","purchased_purges":2,"victory":false,"max_hp_per_floor":[75,75,75,75,75,75,75,75,75,75,76,76,81,82,82,83,83,84,85,85,86,86,87,87,88,88,88,88,89,89,90,90,90,90],"card_choices":[{"not_picked":["hermit:Desperado","hermit:EyeOfTheStorm","hermit:TrackingShot"],"picked":"SKIP","floor":1},{"not_picked":["hermit:HighCaliber","hermit:ItchyTrigger"],"picked":"hermit:FlashPowder","floor":2},{"not_picked":["hermit:FullyLoaded","hermit:Vantage"],"picked":"hermit:Desperado","floor":4},{"not_picked":["hermit:LoneWolf","hermit:Feint","hermit:SprayPray"],"picked":"SKIP","floor":7},{"not_picked":["hermit:Snipe","hermit:FlashPowder","hermit:Grudge"],"picked":"SKIP","floor":8},{"not_picked":["hermit:TakeAim","hermit:Snipe"],"picked":"hermit:Manifest","floor":11},{"not_picked":["hermit:HoleUp","hermit:HighCaliber"],"picked":"hermit:WideOpen","floor":14},{"not_picked":["hermit:Adapt","hermit:DeadOrAlive"],"picked":"hermit:Roughhouse","floor":16},{"not_picked":["hermit:Spite+1","hermit:Feint+1","hermit:Manifest+1"],"picked":"SKIP","floor":18},{"not_picked":["hermit:Maintenance","hermit:Glare"],"picked":"hermit:Dive+1","floor":19},{"not_picked":["hermit:Feint","hermit:HoleUp","hermit:Ricochet"],"picked":"SKIP","floor":21},{"not_picked":["hermit:Feint","hermit:TrackingShot","hermit:Spite+1"],"picked":"SKIP","floor":23},{"not_picked":["hermit:PistolWhip","hermit:SprayPray+1","hermit:CalledShot"],"picked":"SKIP","floor":25},{"not_picked":["hermit:Dive","hermit:Adapt"],"picked":"hermit:Desperado","floor":28},{"not_picked":["hermit:Vantage","hermit:Maintenance+1","hermit:FlashPowder"],"picked":"SKIP","floor":29},{"not_picked":["hermit:Maintenance","hermit:Dive","hermit:Determination"],"picked":"SKIP","floor":31}],"player_experience":939199,"relics_obtained":[{"floor":8,"key":"Dream Catcher"},{"floor":9,"key":"Anchor"},{"floor":23,"key":"Pantograph"},{"floor":26,"key":"Boot"},{"floor":29,"key":"StrikeDummy"},{"floor":31,"key":"Peace Pipe"}],"event_choices":[{"damage_healed":0,"gold_gain":0,"player_choice":"Grow","damage_taken":0,"max_hp_gain":0,"max_hp_loss":0,"event_name":"Living Wall","floor":3,"gold_loss":0,"cards_upgraded":["hermit:FlashPowder"]},{"damage_healed":0,"gold_gain":0,"player_choice":"Trade","damage_taken":0,"relics_obtained":["FaceOfCleric"],"max_hp_gain":0,"max_hp_loss":0,"event_name":"FaceTrader","floor":10,"gold_loss":0},{"damage_healed":0,"gold_gain":0,"player_choice":"Donut","damage_taken":0,"max_hp_gain":5,"max_hp_loss":0,"event_name":"Big Fish","floor":13,"gold_loss":0},{"damage_healed":0,"gold_gain":0,"player_choice":"Got Potions","damage_taken":0,"max_hp_gain":0,"max_hp_loss":0,"event_name":"Lab","floor":20,"gold_loss":0},{"damage_healed":0,"gold_gain":0,"player_choice":"Ignored","damage_taken":0,"max_hp_gain":0,"max_hp_loss":0,"event_name":"Vampires","floor":27,"gold_loss":0},{"damage_healed":0,"gold_gain":0,"player_choice":"Paid Fearfully","damage_taken":0,"max_hp_gain":0,"max_hp_loss":0,"event_name":"Masked Bandits","floor":30,"gold_loss":138}],"is_beta":false,"boss_relics":[{"not_picked":["Runic Dome","Cursed Key"],"picked":"Astrolabe"}],"items_purged_floors":[5,22],"is_endless":false,"potions_floor_spawned":[2,7,16,23,25,29,31],"killed_by":"Automaton","ascension_level":3}}