{"host":"usdj552hvd2ulznm","time":1611811937,"event":{"mods":["Act Like it!","Aspiration","BaseMod","Better Third Choice","Colored Powertips","Conjunction","Conspire","DeckTracker","Dota2Spire","Downfall","Emptier Cage","Energized Spire","Gensokyo","GifTheSpireLib","GungeonMod","Halation","Hallownest","Hermit","Hubris","Infinite Spire","Key Reminder","Lobotomy","LobotomyExtend","Minty Spire (QoL Compilation)","MostiFishMod","Poem Panic","Quarter Circle Forward PUNCH!","Quick Restart","RNG Fix","Railgun Mod","Random Character Mod","Relic Stats","Reliquary","Replay The Spire","Reworked Bosses","RumiaBox-????????","Small Relic Pack","StSLib","Stuff the Spire","The Animator","The Blue Laboratory","The IronCluck","The Jungle","Uncapped","WarShipGirlsR/????R mod","Wide Potions","??????REMEMod"],"gold_per_floor":[416,416,416,436,451,482,331,331,331,366,366,366,366,377,377,480,480,496,91,91,91,119,145,145,145,226,245,263,263,279,313,313,413,413,425,425,425,425,425,451,451,196,247,247,257,277,296,296,296,296],"floor_reached":51,"language":"ENG","playtime":1744,"items_purged":["SpecialBullet","GreenStem"],"score":908,"play_id":"1142cef9-7def-4eae-97a3-e96f3c4b2f39","local_time":"20210127223217","is_ascension_mode":true,"campfire_choices":[],"circlet_count":0,"master_deck":["SpecialBullet","SpecialBullet","SpecialBullet","SpecialBullet","SpecialBullet","SpecialBullet","SpecialBullet","InformationCode","ControlCode","WelfareCode","CrumblingArmor","Lamp+13","Twilight","DreamingCurrent","LifeForTheDareDevil+1","PunishingBird","GreenStem","TT2Protocol","GoldRush","SummonCall","TrainingCode","GoldRush","SecurityCode","Gensokyo:LifeforceConverter"],"relics":["CogitoBucket","DaveBox","REME_ComplimentaryCards","reliquary:TatteredRug","Old Coin","SynthV:TestCard","LetterFromLob","hubris:CrystalStatue","hubris:Towel","Dota2Spire:LinkenSphere","Moonlight_r","MagicDraw3","reliquary:PartyBalloon","aspiration:AnachronicSnailShell","AdjustmentMirror","energizedSpire:DeadBattery","Mercury Hourglass","Dota2Spire:ArmletOfMordiggian","relicPack:OneForAll","reliquary:SharkskinSheath","ArrowTower","hubris:TinFlute","BackwardClock","Replay:PocketPolymizer","StuffTheSpire:Kangaroo","AspirationHeart","StuffTheSpire:GrapeVine","keyreminder:keyreminder","Dota2Spire:PowerTreads","reliquary:Stiletto"],"acts_visited":["Gensokyo:Gensokyo","TheCity","Gensokyo:Gensokyoest"],"potions_floor_usage":[27,35,40,51,51],"damage_taken":[{"damage":0,"enemies":"Gensokyo:3_Fairies","floor":1,"turns":3},{"damage":7,"enemies":"Gensokyo:Gryphon","floor":4,"turns":3},{"damage":0,"enemies":"Gensokyo:2_Kodama","floor":5,"turns":2},{"damage":11,"enemies":"Gensokyo:Cirno","floor":6,"turns":6},{"damage":13,"enemies":"Gensokyo:Mamizou","floor":10,"turns":6},{"damage":12,"enemies":"Gensokyo:Kitsune","floor":14,"turns":3},{"damage":29,"enemies":"Gensokyo:Yukari","floor":16,"turns":6},{"damage":0,"enemies":"Spheric Guardian","floor":18,"turns":1},{"damage":9,"enemies":"conspire:MimicChest","floor":22,"turns":3},{"damage":5,"enemies":"Replay:Snechameleon","floor":23,"turns":2},{"damage":13,"enemies":"conspire:FuzzyDice","floor":27,"turns":5},{"damage":18,"enemies":"Shelled Parasite and Fungi","floor":28,"turns":3},{"damage":2,"enemies":"3 Cultists","floor":30,"turns":2},{"damage":1,"enemies":"conspire:SneckoGhost","floor":31,"turns":2},{"damage":12,"enemies":"Automaton","floor":33,"turns":5},{"damage":82,"enemies":"Gensokyo:3_Boulders","floor":35,"turns":6},{"damage":13,"enemies":"Gensokyo:Marisa","floor":40,"turns":3},{"damage":1,"enemies":"Gensokyo:3_Bats","floor":45,"turns":2},{"damage":1,"enemies":"Gensokyo:Rafflesia","floor":46,"turns":3},{"damage":1,"enemies":"Gensokyo:4_Bats","floor":47,"turns":2},{"damage":7,"enemies":"Gensokyo:Scarlet_Devils","floor":50,"turns":4},{"damage":39,"enemies":"Malkuth","floor":51,"turns":4},{"damage":76,"enemies":"Netzach","floor":51,"turns":4}],"seed_played":"2242679252928457639","potions_obtained":[{"floor":1,"key":"blueLaboratory:HummingbirdPotion"},{"floor":5,"key":"blueLaboratory:BottledHope"},{"floor":10,"key":"AttackPotion"},{"floor":14,"key":"Strength Potion"},{"floor":28,"key":"GamblersBrew"},{"floor":31,"key":"blueLaboratory:HummingbirdPotion"},{"floor":40,"key":"sneckomod:MuddlingPotion"}],"is_trial":false,"path_per_floor":["M","?","?","M","M","E","$","E","T","E","T","?","R","M","R","B",null,"M","$","?","?","?","E","?","R","T","M","M","R","M","E","R","B",null,"M","?","?","?","?","E","R","$","T","R","M","M","M","?","R","B",null],"character_chosen":"Angela","items_purchased":["GreenStem","Mercury Hourglass","Dota2Spire:ArmletOfMordiggian","Dota2Spire:PowerTreads"],"campfire_rested":0,"item_purchase_floors":[7,19,19,42],"current_hp_per_floor":[70,56,56,49,49,70,70,42,42,63,63,63,63,62,62,67,70,70,70,70,70,63,64,64,64,64,70,58,58,68,69,69,63,70,22,30,30,30,30,29,29,29,29,29,34,45,50,50,50,55],"gold":296,"neow_bonus":"RANDOM_COMMON_RELIC","is_daily":false,"chose_seed":false,"campfire_upgraded":0,"win_rate":0.0,"timestamp":1611811937,"path_taken":["M","?","?","?","?","E","?","E","T","E","?","?","R","M","R","BOSS","M","$","?","?","?","E","?","R","T","?","M","R","M","E","R","BOSS","M","?","?","?","?","E","R","$","T","R","M","?","M","?","R","BOSS"],"items_purchased_type":["Card","Relic","Relic","Relic"],"build_version":"2020-12-22","purchased_purges":2,"victory":true,"max_hp_per_floor":[70,70,70,70,70,70,70,70,70,70,70,70,70,70,70,70,70,70,70,70,70,70,70,70,70,70,70,70,70,70,70,70,70,70,80,80,80,80,80,80,80,80,80,80,80,80,80,80,80,80],"relic_stats":{"counters":[27,84],"obtain_stats":[{"Dota2Spire:PowerTreads":42,"hubris:CrystalStatue":2,"Replay:PocketPolymizer":31,"DaveBox":0,"reliquary:PartyBalloon":10,"Dota2Spire:ArmletOfMordiggian":19,"DemoMod:GlassGuonStoneRelic":1,"StuffTheSpire:GrapeVine":40,"AdjustmentMirror":14,"MagicDraw3":9,"Old Coin":0,"relicPack:OneForAll":21,"CogitoBucket":0,"aspiration:AnachronicSnailShell":11,"hubris:TinFlute":26,"reliquary:SharkskinSheath":22,"BackwardClock":27,"AspirationHeart":35,"reliquary:TatteredRug":0,"hubris:Towel":3,"energizedSpire:DeadBattery":17,"Mercury Hourglass":19,"keyreminder:keyreminder":40,"Moonlight_r":8,"SynthV:TestCard":1,"Dota2Spire:LinkenSphere":6,"reliquary:Stiletto":43,"LetterFromLob":1,"StuffTheSpire:Kangaroo":34,"ArrowTower":23,"REME_ComplimentaryCards":0},{"Dota2Spire:PowerTreads":20,"hubris:CrystalStatue":1,"Replay:PocketPolymizer":16,"DaveBox":0,"reliquary:PartyBalloon":5,"Dota2Spire:ArmletOfMordiggian":9,"DemoMod:GlassGuonStoneRelic":1,"StuffTheSpire:GrapeVine":20,"AdjustmentMirror":7,"MagicDraw3":4,"Old Coin":0,"relicPack:OneForAll":9,"CogitoBucket":0,"aspiration:AnachronicSnailShell":5,"hubris:TinFlute":11,"reliquary:SharkskinSheath":10,"BackwardClock":13,"AspirationHeart":19,"reliquary:TatteredRug":0,"hubris:Towel":1,"energizedSpire:DeadBattery":8,"Mercury Hourglass":9,"keyreminder:keyreminder":20,"Moonlight_r":4,"SynthV:TestCard":1,"Dota2Spire:LinkenSphere":4,"reliquary:Stiletto":20,"LetterFromLob":1,"StuffTheSpire:Kangaroo":17,"ArrowTower":11,"REME_ComplimentaryCards":0},{"Dota2Spire:PowerTreads":63,"hubris:CrystalStatue":3,"Replay:PocketPolymizer":48,"DaveBox":0,"reliquary:PartyBalloon":20,"Dota2Spire:ArmletOfMordiggian":31,"DemoMod:GlassGuonStoneRelic":3,"StuffTheSpire:GrapeVine":63,"AdjustmentMirror":24,"MagicDraw3":14,"Old Coin":0,"relicPack:OneForAll":31,"CogitoBucket":0,"aspiration:AnachronicSnailShell":20,"hubris:TinFlute":35,"reliquary:SharkskinSheath":33,"BackwardClock":41,"AspirationHeart":60,"reliquary:TatteredRug":0,"hubris:Towel":3,"energizedSpire:DeadBattery":30,"Mercury Hourglass":31,"keyreminder:keyreminder":63,"Moonlight_r":14,"SynthV:TestCard":3,"Dota2Spire:LinkenSphere":14,"reliquary:Stiletto":63,"LetterFromLob":3,"StuffTheSpire:Kangaroo":53,"ArrowTower":35,"REME_ComplimentaryCards":0}],"Mercury Hourglass":[257]},"card_choices":[{"not_picked":["Bloodbath","GreedKing"],"picked":"CrumblingArmor","floor":1},{"not_picked":["SomewhereSpear"],"picked":"Lamp","floor":1},{"not_picked":["Soda","SomewhereSpear","CherryBlossom"],"picked":"Twilight","floor":4},{"not_picked":["Wellcheers","SingingMachine"],"picked":"DreamingCurrent","floor":5},{"not_picked":["MagicBullet","RedEyes","Penitence"],"picked":"LifeForTheDareDevil","floor":5},{"not_picked":["SpiderBud","WallGazer"],"picked":"PunishingBird","floor":6},{"not_picked":["FourthMatchFlame","Beak","Lantern","TheSmile"],"picked":"SKIP","floor":6},{"not_picked":["RedEyes","Spore","TodaysExpression","CherryBlossom"],"picked":"SKIP","floor":10},{"not_picked":["Wingbeat","Horn","Adoration","SomewhereSpear"],"picked":"SKIP","floor":14},{"not_picked":["Pinks","SoundOfStar","DaCapo"],"picked":"GoldRush","floor":16},{"not_picked":["Loneliness","WristCuter","SomewhereSpear","FourthMatchFlame"],"picked":"SKIP","floor":18},{"not_picked":["Ecstasy","RapturousDream","Hypocrisy+1","Noise"],"picked":"SKIP","floor":23},{"not_picked":["Wingbeat","RapturousDream+1","Tough+1","Horn"],"picked":"SKIP","floor":27},{"not_picked":["InTheNameOfLoveAndHate+1","WristCuter","Harvest","Regret_ego+1"],"picked":"SKIP","floor":28},{"not_picked":["Hypocrisy","Wingbeat","TodaysExpression","GreenStem"],"picked":"SKIP","floor":30},{"not_picked":["Harvest","SoundOfStar","TodaysExpression+1","Horn"],"picked":"SKIP","floor":31},{"not_picked":["CENSORED_ego","TheSmile","Justitia"],"picked":"GoldRush","floor":33},{"not_picked":["InTheNameOfLoveAndHate+1","Pleasure","WristCuter+1","Soda"],"picked":"SKIP","floor":35},{"not_picked":["Pinks","GrinderMk4","Lantern+1","RedEyes"],"picked":"SKIP","floor":40},{"not_picked":["Penitence+1","Hornet+1","Beak+1","TodaysExpression"],"picked":"SKIP","floor":45},{"not_picked":["BloodyDesire+1","FeatherOfHonor+1","Regret_ego+1","Amita"],"picked":"SKIP","floor":46},{"not_picked":["Soda","Loneliness+1","WristCuter+1","Hornet"],"picked":"SKIP","floor":47}],"player_experience":494195,"relics_obtained":[{"floor":1,"key":"SynthV:TestCard"},{"floor":1,"key":"LetterFromLob"},{"floor":6,"key":"Dota2Spire:LinkenSphere"},{"floor":9,"key":"MagicDraw3"},{"floor":10,"key":"reliquary:PartyBalloon"},{"floor":11,"key":"aspiration:AnachronicSnailShell"},{"floor":22,"key":"reliquary:SharkskinSheath"},{"floor":23,"key":"ArrowTower"},{"floor":26,"key":"hubris:TinFlute"},{"floor":31,"key":"Replay:PocketPolymizer"},{"floor":40,"key":"StuffTheSpire:GrapeVine"},{"floor":43,"key":"reliquary:Stiletto"}],"event_choices":[{"damage_healed":0,"gold_gain":0,"player_choice":"0 cards matched","damage_taken":0,"max_hp_gain":0,"max_hp_loss":0,"event_name":"Match and Keep!","floor":24,"gold_loss":0,"cards_obtained":[]}],"is_beta":false,"boss_relics":[{"not_picked":["FeatherPendant","aspiration:RunicSpoon"],"picked":"energizedSpire:DeadBattery"},{"not_picked":["Busted Crown","hubris:VirtuousBlindfold"],"picked":"StuffTheSpire:Kangaroo"}],"items_purged_floors":[7,42],"is_endless":false,"potions_floor_spawned":[1,5,10,14,27,28,31,40,46],"ascension_level":2}}