{"host":"d17dpptiltdcqz9s","time":1611846867,"event":{"mods":["BaseMod","Colored Powertips","Downfall","Minty Spire (QoL Compilation)","Replay The Spire","StSLib"],"gold_per_floor":[0,11,11,23,23,23,23,42,42,42,58,72,72,86,105,210,210,110,126,126,200,0,11,59,71,86,86,98,98,109,120,134,233,283,183,203,218,128,128,128,128,128,147,157,257,276,99,109,127,127],"floor_reached":51,"language":"ZHS","playtime":4333,"items_purged":["Guardian:Defend_Guardian+1"],"score":829,"play_id":"f31dad3f-8e22-4422-83f6-749b5c2c405d","local_time":"20210128231427","is_ascension_mode":true,"campfire_choices":[{"floor":1,"key":"DIG"},{"floor":9,"key":"RECALL"},{"data":"Guardian:PiercingHide","floor":13,"key":"SMITH"},{"data":"Guardian:BaubleBeam","floor":18,"key":"SMITH"},{"data":"expansioncontent:DashGenerateEvil","floor":29,"key":"SMITH"},{"data":"Guardian:ArmoredProtocol","floor":40,"key":"SMITH"}],"circlet_count":0,"master_deck":["Guardian:Strike_Guardian+1","Guardian:Strike_Guardian","Guardian:Strike_Guardian+1","Guardian:Defend_Guardian","Guardian:Defend_Guardian","Guardian:CurlUp","Guardian:EvasiveProtocol","Guardian:CrystalBeam+1","Guardian:RollAttack","Guardian:PiercingHide+1","Guardian:ChargeUp","Guardian:BaubleBeam+1","Guardian:PrismaticBeam","Guardian:EvasiveProtocol+1","Guardian:ArmoredProtocol+1","expansioncontent:DashGenerateEvil+1","Guardian:PrimingBeam","Guardian:VentSteam+1","Guardian:FuturePlans","Guardian:DecasProtection","Guardian:EvasiveProtocol","expansioncontent:DashGenerateEvil+1","Guardian:SphericShield","Guardian:Gem_Fragmented","ReplayTheSpireMod:Brewmster"],"relics":["Guardian:ModeShifterPlus","Matryoshka","downfall:HeartBlessingRed","Replay:Bottled Steam","Mummified Hand","Tiny House","downfall:HeartBlessingBlue","Whetstone","Potion Belt"],"acts_visited":["Exordium","TheCity","TheBeyond"],"potions_floor_usage":[11,16,16,16,26,28,33,33,33,33,33,45,45,46,47,47,47,48,48,50,50,50,50,50,50,50,50,50,50,50,50,50,50,50],"damage_taken":[{"damage":2,"enemies":"2 Louse","floor":2,"turns":3},{"damage":5,"enemies":"Small Slimes","floor":4,"turns":4},{"damage":2,"enemies":"Jaw Worm","floor":8,"turns":3},{"damage":6,"enemies":"Lots of Slimes","floor":11,"turns":5},{"damage":14,"enemies":"Red Slaver","floor":12,"turns":5},{"damage":0,"enemies":"3 Louse","floor":14,"turns":3},{"damage":6,"enemies":"2 Fungi Beasts","floor":15,"turns":3},{"damage":60,"enemies":"IC_STATUS_ARCHETYPE","floor":16,"turns":14},{"damage":0,"enemies":"Spheric Guardian","floor":19,"turns":5},{"damage":0,"enemies":"downfall:FleeingMerchant","floor":22,"turns":4},{"damage":0,"enemies":"Shell Parasite","floor":23,"turns":5},{"damage":0,"enemies":"Snake Plant","floor":25,"turns":4},{"damage":0,"enemies":"Cultist and Chosen","floor":26,"turns":5},{"damage":0,"enemies":"Snecko","floor":28,"turns":3},{"damage":0,"enemies":"Sentry and Sphere","floor":30,"turns":3},{"damage":0,"enemies":"Cultist and Chosen","floor":31,"turns":5},{"damage":0,"enemies":"Snecko","floor":32,"turns":5},{"damage":46,"enemies":"DF_ARCHETYPE_CLAW","floor":33,"turns":10},{"damage":0,"enemies":"Orb Walker","floor":36,"turns":3},{"damage":0,"enemies":"3 Shapes","floor":37,"turns":5},{"damage":0,"enemies":"downfall:FleeingMerchant","floor":38,"turns":4},{"damage":0,"enemies":"3 Darklings","floor":43,"turns":4},{"damage":0,"enemies":"Maw","floor":44,"turns":7},{"damage":6,"enemies":"downfall:LadyInBlue","floor":45,"turns":9},{"damage":0,"enemies":"Sphere and 2 Shapes","floor":46,"turns":6},{"damage":0,"enemies":"downfall:FleeingMerchant","floor":47,"turns":4},{"damage":10,"enemies":"Spire Growth","floor":48,"turns":4},{"damage":0,"enemies":"Maw","floor":49,"turns":7},{"damage":81,"enemies":"SI_POISON_ARCHETYPE","floor":50,"turns":10}],"seed_played":"-4972308845958864947","potions_obtained":[{"floor":8,"key":"EssenceOfSteel"},{"floor":10,"key":"Flashbang"},{"floor":10,"key":"Fire Potion"},{"floor":11,"key":"Fire Potion"},{"floor":19,"key":"SkillPotion"},{"floor":21,"key":"DuplicationPotion"},{"floor":21,"key":"DistilledChaos"},{"floor":25,"key":"Adrenaline Potion"},{"floor":31,"key":"EntropicBrew"},{"floor":34,"key":"SpeedPotion"},{"floor":37,"key":"Weak Potion"},{"floor":44,"key":"Explosive Potion"},{"floor":45,"key":"Milkshake"},{"floor":45,"key":"BlessingOfTheForge"},{"floor":45,"key":"Fire Potion"},{"floor":45,"key":"BlessingOfTheForge"},{"floor":46,"key":"Toxic Potion"},{"floor":48,"key":"GamblersBrew"},{"floor":49,"key":"Ancient Potion"}],"is_trial":false,"path_per_floor":["R","M","?","M","?","R","T","M","R","?","M","M","R","M","M","B",null,"R","M","?","?","$","M","T","M","M","?","M","R","M","M","M","B",null,"R","M","M","$","?","R","T","?","M","M","?","M","$","M","M","B",null],"character_chosen":"GUARDIAN","items_purchased":["expansioncontent:DashGenerateEvil","ReplayTheSpireMod:Brewmster"],"campfire_rested":0,"item_purchase_floors":[22,47],"current_hp_per_floor":[96,94,99,94,94,94,94,92,92,92,86,72,72,72,66,6,101,101,101,81,81,81,81,81,81,81,81,81,81,81,81,81,35,111,121,121,121,121,121,121,121,121,121,121,115,115,115,105,105,39],"gold":127,"neow_bonus":"TWENTY_PERCENT_HP_BONUS","is_daily":false,"chose_seed":false,"campfire_upgraded":4,"win_rate":0.0,"timestamp":1611846867,"path_taken":["R","M","?","M","?","R","T","M","R","?","M","M","R","?","M","BOSS","R","M","?","?","?","M","T","M","M","?","M","R","?","M","M","BOSS","R","M","M","$","?","R","T","?","?","M","?","?","$","M","M","BOSS"],"items_purchased_type":["Card","Card"],"build_version":"2020-12-22","purchased_purges":1,"victory":true,"max_hp_per_floor":[96,96,101,101,101,101,101,101,101,101,101,101,101,101,101,101,101,101,101,106,106,106,106,106,106,106,106,106,106,106,106,106,106,111,121,121,121,121,121,121,121,121,121,121,121,121,121,121,121,121],"card_choices":[{"not_picked":["Guardian:WalkerClaw","Guardian:SentryBeam"],"picked":"Guardian:EvasiveProtocol","floor":2},{"not_picked":["Guardian:WalkerClaw","Guardian:Planning"],"picked":"Guardian:Gem_White","floor":4},{"not_picked":["Guardian:GuardianWhirl","Guardian:Clone","Guardian:Gem_Yellow"],"picked":"SKIP","floor":8},{"not_picked":["Guardian:WalkerClaw","Guardian:Gem_Fragmented"],"picked":"Guardian:RollAttack","floor":11},{"not_picked":["Guardian:Recover","Guardian:Gem_Cyan"],"picked":"Guardian:PiercingHide","floor":12},{"not_picked":["Guardian:Orbwalk","Guardian:Suspension","Guardian:Reroute"],"picked":"SKIP","floor":14},{"not_picked":["Guardian:PrimingBeam","Guardian:Gem_Purple"],"picked":"Guardian:ChargeUp","floor":15},{"not_picked":["Guardian:GemFinder","Guardian:HyperBeam_Guardian"],"picked":"Guardian:BaubleBeam","floor":16},{"not_picked":["Guardian:Gem_White","Guardian:Orbwalk","Guardian:PiercingHide+1"],"picked":"SKIP","floor":19},{"not_picked":["Guardian:FuturePlans","Guardian:Incinerate"],"picked":"Guardian:PrismaticBeam","floor":21},{"not_picked":["Guardian:CrystalBeam+1","Guardian:WalkerClaw"],"picked":"Guardian:EvasiveProtocol+1","floor":21},{"not_picked":["Guardian:Recover","Guardian:ChargeUp+1"],"picked":"Guardian:ArmoredProtocol","floor":22},{"not_picked":["Guardian:PrismaticBarrier","Guardian:RollAttack+1"],"picked":"Guardian:PrimingBeam","floor":23},{"not_picked":["Guardian:ChargeCore","Guardian:Incinerate"],"picked":"Guardian:Gem_Red","floor":25},{"not_picked":["Guardian:PiercingHide","Guardian:TemporalShield"],"picked":"Guardian:VentSteam+1","floor":26},{"not_picked":["Guardian:SentryBeam","Guardian:DecasProtection"],"picked":"Guardian:Gem_Synthetic","floor":28},{"not_picked":["Guardian:Reroute","Guardian:TemporalStrike+1","Guardian:Gem_White"],"picked":"SKIP","floor":30},{"not_picked":["Guardian:ShieldCharger","Guardian:Suspension","Guardian:FloatingOrbs"],"picked":"SKIP","floor":31},{"not_picked":["Guardian:WalkerClaw+1","Guardian:Incinerate+1"],"picked":"Guardian:DecasProtection","floor":32},{"not_picked":["Guardian:HyperBeam_Guardian","Guardian:StasisEngine"],"picked":"Guardian:Gem_Orange","floor":33},{"not_picked":["Guardian:MultiBeam+1","Guardian:PrismaticBarrier"],"picked":"Guardian:Gem_Crimson","floor":34},{"not_picked":["Guardian:VentSteam+1","Guardian:Suspension","Guardian:Clone+1"],"picked":"SKIP","floor":36},{"not_picked":["Guardian:RollAttack","Guardian:Suspension+1"],"picked":"Guardian:Gem_Fragmented","floor":37},{"not_picked":["Guardian:ChargeUp","Guardian:RollAttack"],"picked":"Guardian:Gem_Green","floor":38},{"not_picked":["Guardian:Gem_Cyan","Guardian:Reroute","Guardian:Planning+1"],"picked":"SKIP","floor":43},{"not_picked":["Guardian:TimeCapacitor","Guardian:Planning","Guardian:CrystalBeam"],"picked":"SKIP","floor":44},{"not_picked":["Guardian:Gem_Lightblue","Guardian:RollAttack+1"],"picked":"Guardian:SphericShield","floor":45},{"not_picked":["Guardian:Planning","Guardian:CrystalBeam"],"picked":"Guardian:Gem_Fragmented","floor":46},{"not_picked":["Guardian:ShieldCharger+1","Guardian:GuardianWhirl+1","Guardian:RollAttack"],"picked":"SKIP","floor":47},{"not_picked":["Guardian:Planning","Guardian:PrismaticBeam","Guardian:TimeCapacitor"],"picked":"SKIP","floor":48},{"not_picked":["Guardian:Gem_Lightblue","Guardian:Gem_Green","Guardian:VentSteam+1"],"picked":"SKIP","floor":49}],"player_experience":214516,"relics_obtained":[{"floor":1,"key":"Guardian:PickAxe"},{"floor":7,"key":"Matryoshka"},{"floor":21,"key":"Replay:Bottled Steam"},{"floor":24,"key":"Mummified Hand"},{"floor":41,"key":"Whetstone"},{"floor":45,"key":"Potion Belt"}],"event_choices":[{"damage_healed":0,"gold_gain":0,"player_choice":"Donut","damage_taken":0,"max_hp_gain":5,"max_hp_loss":0,"event_name":"Big Fish","floor":3,"gold_loss":0}],"is_beta":false,"boss_relics":[{"not_picked":["Runic Pyramid","Philosopher\u0027s Stone"],"picked":"Guardian:ModeShifterPlus"},{"not_picked":["Sozu","Coffee Dripper"],"picked":"Tiny House"}],"items_purged_floors":[38],"is_endless":false,"potions_floor_spawned":[8,11,14,19,23,25,31,37,44,45,46,48,49],"ascension_level":4}}