{"host":"6jrd8fn9k88n08be","time":1611869010,"event":{"mods":["BaseMod","Minty Spire (QoL Compilation)","StSLib"],"gold_per_floor":[361,372,225,242,317,376,376,70,70,85,85,85,50,50,50,162,189,238,256,306,332,332,332,351,351,351],"floor_reached":25,"language":"ENG","playtime":1086,"items_purged":[],"score":289,"play_id":"522d7bc2-87fc-400b-9dff-4b9aa323aca0","local_time":"20210128162330","is_ascension_mode":true,"campfire_choices":[{"floor":7.0,"key":"REST"},{"data":"Wish","floor":12.0,"key":"SMITH"},{"data":"CrushJoints","floor":15.0,"key":"SMITH"},{"floor":23.0,"key":"REST"}],"circlet_count":0,"master_deck":["Strike_P","Strike_P","Defend_P","Defend_P","Defend_P","Eruption+1","Vigilance","CrushJoints+1","SandsOfTime","Wish+1","Wallop","FlurryOfBlows","Ragnarok","Devotion","FlurryOfBlows+1","WindmillStrike+1","Worship","Protect","SandsOfTime","Crescendo","EmptyBody","JustLucky"],"relics":["PureWater","Gambling Chip","CeramicFish","TungstenRod","Astrolabe","Shuriken"],"acts_visited":["Exordium","TheCity"],"potions_floor_usage":[],"damage_taken":[{"damage":9.0,"enemies":"Jaw Worm","floor":1.0,"turns":5.0},{"damage":1.0,"enemies":"Small Slimes","floor":2.0,"turns":3.0},{"damage":0.0,"enemies":"2 Louse","floor":4.0,"turns":3.0},{"damage":28.0,"enemies":"Lagavulin","floor":6.0,"turns":8.0},{"damage":5.0,"enemies":"Exordium Thugs","floor":10.0,"turns":2.0},{"damage":0.0,"enemies":"Slime Boss","floor":16.0,"turns":3.0},{"damage":4.0,"enemies":"Shell Parasite","floor":18.0,"turns":3.0},{"damage":31.0,"enemies":"Chosen","floor":20.0,"turns":6.0},{"damage":20.0,"enemies":"Snake Plant","floor":21.0,"turns":5.0},{"damage":24,"enemies":"Shelled Parasite and Fungi","floor":24,"turns":4},{"damage":30,"enemies":"Book of Stabbing","floor":25,"turns":2}],"seed_played":"7700587257027046783","potions_obtained":[{"floor":2.0,"key":"Fire Potion"},{"floor":6.0,"key":"DuplicationPotion"},{"floor":10.0,"key":"SneckoOil"},{"floor":16.0,"key":"FairyPotion"},{"floor":18.0,"key":"Block Potion"}],"is_trial":false,"path_per_floor":["M","M","$","M","?","E","R","$","T","M","?","R","?","$","R","B",null,"M","?","M","M","T","R","M","E"],"character_chosen":"WATCHER","items_purchased":["Wish","Wallop","CeramicFish","Ragnarok"],"campfire_rested":2,"item_purchase_floors":[3,3,8,8],"current_hp_per_floor":[56,55,55,55,44,16,35,35,35,30,30,30,46,46,46,46,65,61,61,30,10,10,29,5,0,0],"gold":351,"neow_bonus":"TWO_FIFTY_GOLD","is_daily":false,"chose_seed":false,"campfire_upgraded":2,"win_rate":0.0,"timestamp":1611869010,"path_taken":["M","M","$","M","?","E","R","$","T","M","?","R","?","?","R","BOSS","M","?","M","M","?","R","M","E"],"items_purchased_type":["Card","Card","Relic","Card"],"build_version":"2020-12-22","purchased_purges":0,"victory":false,"max_hp_per_floor":[65,65,65,65,65,65,65,65,65,65,65,65,65,65,65,65,65,65,65,65,65,65,65,65,65,65],"card_choices":[{"not_picked":["CutThroughFate","Consecrate"],"picked":"CrushJoints","floor":1.0},{"not_picked":["CrushJoints","FlurryOfBlows"],"picked":"SandsOfTime","floor":2.0},{"not_picked":["CarveReality","PathToVictory"],"picked":"ForeignInfluence","floor":4.0},{"not_picked":["CrushJoints","Wireheading"],"picked":"FlurryOfBlows","floor":6.0},{"not_picked":["BattleHymn","ClearTheMind","Meditate"],"picked":"SKIP","floor":10.0},{"not_picked":["MasterReality","Blasphemy"],"picked":"Devotion","floor":16.0},{"not_picked":["Halt","Sanctity"],"picked":"Worship","floor":18.0},{"not_picked":["ThirdEye","Adaptation+1"],"picked":"Crescendo","floor":20.0},{"not_picked":["FollowUp","SashWhip"],"picked":"EmptyBody","floor":21.0},{"not_picked":["Crescendo+1","MentalFortress"],"picked":"JustLucky","floor":24}],"player_experience":132312,"relics_obtained":[{"floor":6.0,"key":"Gambling Chip"},{"floor":9.0,"key":"TungstenRod"},{"floor":22.0,"key":"Shuriken"}],"event_choices":[{"damage_healed":0.0,"max_hp_gain":0.0,"max_hp_loss":0.0,"gold_gain":75.0,"event_name":"World of Goop","player_choice":"Gather Gold","floor":5.0,"gold_loss":0.0,"damage_taken":11.0},{"damage_healed":0.0,"max_hp_gain":0.0,"max_hp_loss":0.0,"gold_gain":0.0,"event_name":"Living Wall","player_choice":"Grow","floor":11.0,"gold_loss":0.0,"damage_taken":0.0,"cards_upgraded":["Eruption"]},{"damage_healed":16.0,"max_hp_gain":0.0,"max_hp_loss":0.0,"gold_gain":0.0,"event_name":"The Cleric","player_choice":"Healed","floor":13.0,"gold_loss":35.0,"damage_taken":0.0},{"damage_healed":0.0,"max_hp_gain":0.0,"max_hp_loss":0.0,"gold_gain":0.0,"cards_transformed":["Consecrate","ForeignInfluence"],"event_name":"Drug Dealer","player_choice":"Became Test Subject","floor":19.0,"gold_loss":0.0,"damage_taken":0.0,"cards_obtained":["Protect","SandsOfTime"]}],"is_beta":false,"boss_relics":[{"not_picked":["Cursed Key","Philosopher\u0027s Stone"],"picked":"Astrolabe"}],"items_purged_floors":[],"is_endless":false,"potions_floor_spawned":[2,6,10,16,18],"killed_by":"Book of Stabbing","ascension_level":3}}