{"host":"tq99ucv8ezzqzioe","time":1611798608,"event":{"mods":["BaseMod","Colored Map","Downfall","Highlight Path","Minty Spire (QoL Compilation)","StSLib"],"gold_per_floor":[118,118,136,5,25,55,55,70,149,174,174,199,217,217,217,313,313,325,325,285,53,66,66,85,85,134,134,134],"floor_reached":27,"language":"ENG","playtime":1829,"items_purged":["Strike_R"],"score":300,"play_id":"b9f7eb0b-fac0-4eaf-82c2-93929dddae6c","local_time":"20210127205008","is_ascension_mode":true,"campfire_choices":[{"data":"Whirlwind","floor":7,"key":"SMITH"},{"data":"Exhume","floor":11,"key":"SMITH"},{"floor":15,"key":"REST"},{"floor":23,"key":"REST"},{"floor":25,"key":"RECALL"}],"circlet_count":0,"master_deck":["Strike_R","Strike_R","Strike_R","Defend_R","Defend_R","Defend_R","Defend_R","Bash+1","Clothesline","Dropkick+1","Whirlwind+1","Shrug It Off","Pommel Strike","Disarm","Exhume+1","Spot Weakness","Dropkick","Reaper+1","Dual Wield+1"],"relics":["Burning Blood","Torii","Paper Frog","Regal Pillow","Art of War","Black Star","Enchiridion","Akabeko"],"acts_visited":["Exordium","TheCity"],"potions_floor_usage":[6,10,13,22,27],"damage_taken":[{"damage":14,"enemies":"Small Slimes","floor":1,"turns":5},{"damage":6,"enemies":"Jaw Worm","floor":3,"turns":4},{"damage":7,"enemies":"2 Louse","floor":5,"turns":3},{"damage":13,"enemies":"Gremlin Nob","floor":6,"turns":3},{"damage":9,"enemies":"Looter","floor":8,"turns":3},{"damage":28,"enemies":"Lagavulin","floor":10,"turns":4},{"damage":12,"enemies":"3 Sentries","floor":12,"turns":5},{"damage":24,"enemies":"Large Slime","floor":13,"turns":7},{"damage":21,"enemies":"Hexaghost","floor":16,"turns":9},{"damage":49,"enemies":"2 Thieves","floor":18,"turns":5},{"damage":16,"enemies":"3 Byrds","floor":22,"turns":4},{"damage":52,"enemies":"Centurion and Healer","floor":24,"turns":6},{"damage":60,"enemies":"Colosseum Slavers","floor":27,"turns":6},{"damage":69,"enemies":"Colosseum Nobs","floor":27,"turns":6}],"seed_played":"7657696187834697608","potions_obtained":[{"floor":1,"key":"Explosive Potion"},{"floor":3,"key":"FairyPotion"},{"floor":6,"key":"BlessingOfTheForge"},{"floor":12,"key":"GamblersBrew"},{"floor":18,"key":"Block Potion"},{"floor":24,"key":"LiquidBronze"}],"is_trial":false,"path_per_floor":["M","?","M","$","M","E","R","M","T","E","R","E","M","?","R","B",null,"M","?","?","$","M","R","M","R","T","?"],"character_chosen":"IRONCLAD","items_purchased":["Whirlwind","Shrug It Off","Akabeko"],"campfire_rested":2,"item_purchase_floors":[4,4,21],"current_hp_per_floor":[72,72,72,72,71,64,64,61,61,39,39,33,15,8,49,34,75,53,37,37,37,27,68,54,54,54,0,0],"gold":134,"neow_bonus":"TEN_PERCENT_HP_BONUS","is_daily":false,"chose_seed":false,"campfire_upgraded":2,"win_rate":0.0,"timestamp":1611798608,"path_taken":["M","?","M","?","M","E","R","M","T","E","R","E","M","?","R","BOSS","M","?","?","$","M","R","?","R","T","?"],"items_purchased_type":["Card","Card","Relic"],"build_version":"2020-12-22","purchased_purges":1,"victory":false,"max_hp_per_floor":[88,88,88,88,88,88,88,88,88,88,88,88,88,88,88,88,88,88,88,88,88,88,88,88,88,88,88,88],"card_choices":[{"not_picked":["Dual Wield","Sever Soul"],"picked":"Clothesline","floor":1},{"not_picked":["Sword Boomerang","Thunderclap"],"picked":"Dropkick","floor":3},{"not_picked":["Dual Wield","Perfected Strike"],"picked":"Pommel Strike","floor":5},{"not_picked":["Seeing Red","Blood for Blood"],"picked":"Disarm","floor":6},{"not_picked":["Clothesline","Rage"],"picked":"Exhume","floor":8},{"not_picked":["Clash","Warcry"],"picked":"Spot Weakness","floor":10},{"not_picked":["Rupture","Cleave"],"picked":"Dropkick","floor":12},{"not_picked":["Twin Strike","Entrench","Clash"],"picked":"SKIP","floor":13},{"not_picked":["Double Tap","Brutality"],"picked":"Reaper","floor":16},{"not_picked":["Clothesline","Clash","Perfected Strike"],"picked":"SKIP","floor":18},{"not_picked":["Infernal Blade","Metallicize","Sever Soul"],"picked":"SKIP","floor":22},{"not_picked":["Feel No Pain","Sword Boomerang"],"picked":"Dual Wield+1","floor":24}],"player_experience":790449,"relics_obtained":[{"floor":6,"key":"Torii"},{"floor":9,"key":"Paper Frog"},{"floor":10,"key":"Regal Pillow"},{"floor":12,"key":"Art of War"},{"floor":19,"key":"Enchiridion"}],"event_choices":[{"damage_healed":0,"gold_gain":0,"player_choice":"Grow","damage_taken":0,"max_hp_gain":0,"max_hp_loss":0,"event_name":"Living Wall","floor":2,"gold_loss":0,"cards_upgraded":["Bash"]},{"cards_removed":["Strike_R"],"damage_healed":0,"gold_gain":0,"player_choice":"Card Removal","damage_taken":7,"max_hp_gain":0,"max_hp_loss":0,"event_name":"Golden Wing","floor":14,"gold_loss":0},{"damage_healed":0,"gold_gain":0,"player_choice":"Obtained Book","damage_taken":16,"max_hp_gain":0,"max_hp_loss":0,"event_name":"Cursed Tome","floor":19,"gold_loss":0},{"damage_healed":0,"gold_gain":0,"player_choice":"Upgraded Two","damage_taken":0,"max_hp_gain":0,"max_hp_loss":0,"event_name":"Designer","floor":20,"gold_loss":40,"cards_upgraded":["Dropkick","Reaper"]},{"damage_healed":0,"gold_gain":0,"player_choice":"Fight","damage_taken":0,"max_hp_gain":0,"max_hp_loss":0,"event_name":"Colosseum","floor":27,"gold_loss":0},{"damage_healed":0,"gold_gain":0,"player_choice":"Fought Nobs","damage_taken":0,"max_hp_gain":0,"max_hp_loss":0,"event_name":"Colosseum","floor":27,"gold_loss":0}],"is_beta":false,"boss_relics":[{"not_picked":["Calling Bell","Snecko Eye"],"picked":"Black Star"}],"items_purged_floors":[21],"is_endless":false,"potions_floor_spawned":[1,3,6,12,18,24,27],"killed_by":"Colosseum Nobs","ascension_level":6}}