{"host":"lnnm69al9x392px5","time":1611832612,"event":{"mods":["BaseMod","Downfall","Hermit","Minty Spire (QoL Compilation)","Replay The Spire","StSLib","The Cursed"],"gold_per_floor":[99,111,123,134,153,188,215,215,115,125,125,140,172,172,191,292,292,292,311,321,101,121,121,121,133,152,170,170,185,197,76,87,191,191,191,202,222,222,272,283,306,319,515,700,600,600,612,642,642,642,642],"floor_reached":49,"language":"ENG","playtime":2941,"items_purged":["bronze:Strike","bronze:Strike"],"score":612,"play_id":"0739fd19-c22c-46cc-b6f0-8d8c5c7368d3","local_time":"20210128031652","is_ascension_mode":false,"campfire_choices":[{"floor":1,"key":"DIG"},{"floor":9,"key":"REST"},{"data":"bronze:Mutator","floor":18,"key":"SMITH"},{"data":"bronze:BugBarrage","floor":28,"key":"SMITH"},{"floor":35,"key":"DIG"},{"floor":45,"key":"RECALL"}],"circlet_count":0,"master_deck":["bronze:Strike","bronze:Strike","bronze:Defend","bronze:Defend","bronze:Defend","bronze:Defend","bronze:Replicate","bronze:Goto","bronze:Repair","bronze:BronzeOrb","bronze:Constructor","bronze:ItsAFeature","bronze:Separator","Hallucinations","bronze:MaxOutput","bronze:Shield","bronze:BugBarrage+1","bronze:Mutator+1","Transmutation","Transmutation","Trip","bronze:Repair+1","bronze:Iterate","bronze:Assembly","bronze:Repulsor","bronze:FollowUp+1","bronze:Turbo","bronze:WildBeam+1","bronze:WhirlingStrike","bronze:ChosenStrike","bronze:Assembly+1","bronze:FindAndReplace","bronze:BurnOut","expansioncontent:DashGenerateEvil","Replay:SS_fish_1","bronze:Shield+1","bronze:Shield+1","ReplayTheSpireMod:Splinters","bronze:BugBarrage","expansioncontent:AwakenDeath","bronze:DelayedSlice"],"relics":["bronze:BronzeCore","Art of War","Blood Vial","Smiling Mask","downfall:HeartBlessingGreen","ReplayTheSpireMod:Ring of Exchange","Ring of Searing","Vajra","ReplayTheSpireMod:ShopPack","Bag of Preparation","Tiny Chest","Letter Opener","bronze:MakeshiftBattery","Ancient Tea Set","Mango","downfall:HeartBlessingBlue","Strawberry","Gremlin Horn"],"acts_visited":["Exordium","TheCity","TheBeyond"],"potions_floor_usage":[13,26,33,33,33,33,39],"damage_taken":[{"damage":1,"enemies":"Cultist","floor":2,"turns":3},{"damage":2,"enemies":"Jaw Worm","floor":3,"turns":4},{"damage":12,"enemies":"Small Slimes","floor":4,"turns":3},{"damage":3,"enemies":"Red Slaver","floor":5,"turns":5},{"damage":87,"enemies":"Gremlin Nob","floor":6,"turns":8},{"damage":5,"enemies":"2 Fungi Beasts","floor":10,"turns":5},{"damage":6,"enemies":"3 Louse","floor":12,"turns":3},{"damage":15,"enemies":"Lagavulin","floor":13,"turns":6},{"damage":15,"enemies":"Exordium Wildlife","floor":15,"turns":4},{"damage":22,"enemies":"IC_STATUS_ARCHETYPE","floor":16,"turns":6},{"damage":29,"enemies":"Spheric Guardian","floor":19,"turns":5},{"damage":15,"enemies":"Shell Parasite","floor":20,"turns":5},{"damage":5,"enemies":"downfall:FleeingMerchant","floor":21,"turns":4},{"damage":40,"enemies":"Cultist and Chosen","floor":22,"turns":6},{"damage":38,"enemies":"Shelled Parasite and Fungi","floor":25,"turns":6},{"damage":29,"enemies":"Snecko","floor":26,"turns":8},{"damage":30,"enemies":"Sentry and Sphere","floor":27,"turns":6},{"damage":7,"enemies":"Chosen and Byrds","floor":29,"turns":5},{"damage":3,"enemies":"Centurion and Healer","floor":30,"turns":6},{"damage":0,"enemies":"downfall:FleeingMerchant","floor":31,"turns":4},{"damage":11,"enemies":"Snecko","floor":32,"turns":4},{"damage":40,"enemies":"SI_MIRROR_ARCHETYPE","floor":33,"turns":8},{"damage":21,"enemies":"3 Darklings","floor":36,"turns":4},{"damage":5,"enemies":"Orb Walker","floor":37,"turns":2},{"damage":26,"enemies":"2 Orb Walkers","floor":39,"turns":4},{"damage":27,"enemies":"Sphere and 2 Shapes","floor":40,"turns":5},{"damage":23,"enemies":"3 Darklings","floor":42,"turns":6},{"damage":20,"enemies":"downfall:FleeingMerchant","floor":44,"turns":4},{"damage":0,"enemies":"Transient","floor":47,"turns":5},{"damage":53,"enemies":"Giant Head","floor":48,"turns":7},{"damage":47,"enemies":"Writhing Mass","floor":49,"turns":2}],"seed_played":"-6621651984262793628","potions_obtained":[{"floor":2,"key":"Languid Potion"},{"floor":3,"key":"GamblersBrew"},{"floor":5,"key":"FairyPotion"},{"floor":12,"key":"Energy Potion"},{"floor":13,"key":"FearPotion"},{"floor":33,"key":"Dexterity Potion"},{"floor":39,"key":"AttackPotion"}],"is_trial":false,"path_per_floor":["R","M","M","M","M","E","T","?","R","M","?","M","E","?","M","B",null,"R","M","M","$","M","?","T","M","M","M","R","M","M","$","M","B",null,"R","M","M","?","?","M","T","M","?","$","R","T","M","E","M"],"character_chosen":"THE_AUTOMATON","items_purchased":["Bag of Preparation","bronze:Assembly+1","expansioncontent:AwakenDeath"],"campfire_rested":1,"item_purchase_floors":[21,31,44],"current_hp_per_floor":[77,76,77,72,74,16,16,16,39,43,43,39,33,77,67,54,77,77,55,59,73,52,52,52,33,26,15,15,27,33,42,33,12,77,77,71,72,67,67,52,52,48,48,30,40,47,59,25,0,0,0],"gold":642,"neow_bonus":"TEN_PERCENT_HP_BONUS","is_daily":false,"chose_seed":false,"campfire_upgraded":2,"win_rate":0.0,"timestamp":1611832612,"path_taken":["R","M","M","?","M","E","T","?","R","M","?","M","E","?","M","BOSS","R","M","M","$","M","?","T","M","M","M","R","M","M","$","M","BOSS","R","M","M","?","?","M","T","M","?","$","R","?","?","E","M"],"items_purchased_type":["Relic","Card","Card"],"build_version":"2020-12-22","purchased_purges":2,"victory":false,"max_hp_per_floor":[77,77,77,77,77,77,77,77,77,77,77,77,77,77,77,77,77,77,77,77,77,77,77,77,77,77,77,77,77,77,77,77,77,77,77,77,77,77,91,91,91,91,91,91,101,108,108,108,108,108,108],"card_choices":[{"not_picked":["bronze:FineTuning","bronze:WildBeam"],"picked":"bronze:Repair","floor":2},{"not_picked":["bronze:DarkDash","bronze:BronzeArmor"],"picked":"bronze:BronzeOrb","floor":3},{"not_picked":["bronze:NullPointer","bronze:DelayedGuard"],"picked":"bronze:Constructor","floor":4},{"not_picked":["bronze:Iterate","bronze:DelayedGuard"],"picked":"bronze:Overload","floor":5},{"not_picked":["bronze:Deprecate","bronze:Overheat"],"picked":"bronze:ItsAFeature","floor":6},{"not_picked":["bronze:WildBeam","bronze:Branch"],"picked":"bronze:Separator","floor":10},{"not_picked":["bronze:Safeguard","bronze:Overload"],"picked":"bronze:MaxOutput","floor":12},{"not_picked":["bronze:Fortify","bronze:Constructor"],"picked":"bronze:Shield","floor":13},{"not_picked":["bronze:Philosophize","bronze:DarkDash"],"picked":"bronze:BugBarrage","floor":15},{"not_picked":["bronze:Format","bronze:Verify"],"picked":"bronze:Mutator","floor":16},{"not_picked":["Midas Touch","ReplayTheSpireMod:Necrogeddon"],"picked":"Transmutation","floor":17},{"not_picked":["Good Instincts","Discovery"],"picked":"Transmutation","floor":17},{"not_picked":["Swift Strike","Madness"],"picked":"Trip","floor":17},{"not_picked":["bronze:Branch","bronze:BitShift"],"picked":"bronze:Repair+1","floor":19},{"not_picked":["bronze:FollowUp+1","bronze:Branch"],"picked":"bronze:Iterate","floor":20},{"not_picked":["bronze:Frontload","bronze:DigitalCarnage"],"picked":"bronze:Assembly","floor":21},{"not_picked":["bronze:DelayedSlice","bronze:Separator+1"],"picked":"bronze:Repulsor","floor":22},{"not_picked":["bronze:Constructor","bronze:Invalidate"],"picked":"bronze:FollowUp+1","floor":25},{"not_picked":["bronze:DigitalCarnage","bronze:Return"],"picked":"bronze:Turbo","floor":26},{"not_picked":["bronze:FollowUp+1","bronze:ChildClass"],"picked":"bronze:WildBeam+1","floor":27},{"not_picked":["bronze:CutThrough","bronze:ForLoop"],"picked":"bronze:WhirlingStrike","floor":29},{"not_picked":["bronze:CloningBeam","bronze:FollowUp","bronze:Fortify"],"picked":"SKIP","floor":30},{"not_picked":["bronze:ForLoop","bronze:Overheat"],"picked":"bronze:ChosenStrike","floor":31},{"not_picked":["bronze:Shield+1","bronze:ClassDefault"],"picked":"bronze:FindAndReplace","floor":32},{"not_picked":["bronze:Assembly","bronze:CleanCode"],"picked":"bronze:BurnOut","floor":33},{"not_picked":["bronze:CutThrough","bronze:Allocate+1","bronze:Fortify"],"picked":"SKIP","floor":36},{"not_picked":["bronze:ForLoop","bronze:Shell","bronze:Separator"],"picked":"SKIP","floor":37},{"not_picked":["expansioncontent:LastStand","expansioncontent:Hexaburn"],"picked":"expansioncontent:DashGenerateEvil","floor":38},{"not_picked":["expansioncontent:Chronoboost","Replay:SS_hec_1"],"picked":"Replay:SS_fish_1","floor":38},{"not_picked":["bronze:Safeguard","bronze:Overload+1"],"picked":"bronze:Shield+1","floor":39},{"not_picked":["bronze:CutThrough+1","bronze:ChosenStrike+1"],"picked":"bronze:Shield+1","floor":40},{"not_picked":["bronze:Branch+1","bronze:ClassDefault","bronze:WildBeam"],"picked":"SKIP","floor":42},{"not_picked":["bronze:WhirlingStrike+1","bronze:CleanCode"],"picked":"bronze:BugBarrage","floor":43},{"not_picked":["bronze:DarkDash+1","bronze:ClassDefault","bronze:Fortify"],"picked":"SKIP","floor":44},{"not_picked":["bronze:DelayedGuard","bronze:ClassDefault","bronze:Turbo"],"picked":"SKIP","floor":47},{"not_picked":["bronze:CleanCode","bronze:BitShift+1"],"picked":"bronze:DelayedSlice","floor":48}],"player_experience":350891,"relics_obtained":[{"floor":1,"key":"Art of War"},{"floor":6,"key":"Blood Vial"},{"floor":7,"key":"Smiling Mask"},{"floor":11,"key":"ReplayTheSpireMod:Ring of Exchange"},{"floor":11,"key":"Ring of Searing"},{"floor":13,"key":"Vajra"},{"floor":24,"key":"Letter Opener"},{"floor":35,"key":"Ancient Tea Set"},{"floor":39,"key":"Mango"},{"floor":46,"key":"Strawberry"},{"floor":48,"key":"Gremlin Horn"}],"event_choices":[{"cards_removed":["bronze:Overload"],"damage_healed":44,"gold_gain":0,"player_choice":"Offered Uncommon","damage_taken":0,"max_hp_gain":0,"max_hp_loss":0,"event_name":"Bonfire Elementals","floor":14,"gold_loss":0},{"damage_healed":0,"gold_gain":0,"player_choice":"Fight","damage_taken":0,"max_hp_gain":0,"max_hp_loss":0,"event_name":"Mysterious Sphere","floor":39,"gold_loss":0}],"is_beta":false,"boss_relics":[{"not_picked":["PrismaticShard","Replay:Wanted Poster"],"picked":"ReplayTheSpireMod:ShopPack"},{"not_picked":["Velvet Choker","Honey Jar"],"picked":"bronze:MakeshiftBattery"}],"items_purged_floors":[21,44],"is_endless":false,"potions_floor_spawned":[2,3,5,12,13,16,20,22,25,33,39,47,48],"killed_by":"Writhing Mass","ascension_level":0}}