{"host":"ktoxvvst1mwxww91","time":1611844594,"event":{"mods":["BaseMod","Downfall","Minty Spire (QoL Compilation)","StSLib"],"gold_per_floor":[99,111,131,142,242,257,257,275,275,275,275],"floor_reached":9,"language":"ENG","playtime":396,"items_purged":[],"score":63,"play_id":"500f9804-a4c2-4ec2-8d52-2715b92fcb56","local_time":"20210128153634","is_ascension_mode":true,"campfire_choices":[{"data":"champ:Taunt","floor":1,"key":"SMITH"}],"circlet_count":0,"master_deck":["champ:Strike","champ:Strike","champ:Defend","champ:Defend","champ:Defend","champ:Defend","champ:Execute","champ:Taunt+1","champ:EndlessRage","champ:BerserkerStyle","champ:FanOfKnives+1","champ:PreemptiveStrike","champ:Encircle","champ:Backstep","champ:AdrenalArmor"],"relics":["Runic Pyramid","Question Card"],"acts_visited":["Exordium"],"potions_floor_usage":[9],"damage_taken":[{"damage":18,"enemies":"2 Louse","floor":2,"turns":3},{"damage":23,"enemies":"Small Slimes","floor":3,"turns":5},{"damage":36,"enemies":"Cultist","floor":4,"turns":5},{"damage":75,"enemies":"downfall:Heads","floor":5,"turns":4},{"damage":26,"enemies":"Blue Slaver","floor":6,"turns":5},{"damage":16,"enemies":"2 Fungi Beasts","floor":8,"turns":3},{"damage":43,"enemies":"Gremlin Nob","floor":9,"turns":3}],"seed_played":"-7796154401077471538","potions_obtained":[{"floor":2,"key":"Fire Potion"},{"floor":5,"key":"FearPotion"}],"is_trial":false,"path_per_floor":["R","M","M","M","?","M","T","M","E"],"character_chosen":"THE_CHAMP","items_purchased":[],"campfire_rested":0,"item_purchase_floors":[],"current_hp_per_floor":[90,82,79,73,36,20,20,14,0,0,0],"gold":275,"neow_bonus":"BOSS_RELIC","is_daily":false,"chose_seed":false,"campfire_upgraded":1,"win_rate":0.0,"timestamp":1611844594,"path_taken":["R","M","M","M","?","M","T","M","E"],"items_purchased_type":[],"build_version":"2020-12-22","purchased_purges":0,"victory":false,"max_hp_per_floor":[90,90,90,90,90,90,90,90,90,90,90],"card_choices":[{"not_picked":["champ:ShieldSigil","champ:FalseCounter"],"picked":"champ:EndlessRage","floor":2},{"not_picked":["champ:Circumvent","champ:Backstep"],"picked":"champ:BerserkerStyle","floor":3},{"not_picked":["champ:EnragedBash","champ:FocusedBerserking"],"picked":"champ:FanOfKnives","floor":4},{"not_picked":["champ:PreciseThrust","champ:RisingSlash"],"picked":"champ:Encircle","floor":5},{"not_picked":["champ:BerserkersShout","champ:PerfectedStrike"],"picked":"champ:Backstep","floor":6},{"not_picked":["champ:DefensiveShout","champ:TornadoPunch","champ:PerfectedStrike"],"picked":"champ:AdrenalArmor","floor":8}],"player_experience":864879,"relics_obtained":[{"floor":7,"key":"Question Card"}],"event_choices":[],"is_beta":false,"boss_relics":[],"items_purged_floors":[],"is_endless":false,"potions_floor_spawned":[2,5],"killed_by":"Gremlin Nob","ascension_level":3}}