{"host":"CK","time":1611801175,"event":{"mods":["2.2 Compatiblity","BaseMod","Bestiary","Block Reminder","Colored Powertips","DeckTracker","Displayed Cursed Tome","Minty Spire (QoL Compilation)","Permanent Neow","Slay-I","Unknown Chances"],"gold_per_floor":[115,131,142,162,162,193,193,218,218,218,54,54,66,66,66,137,137,154,79,98,118,8,8,33,48,126,126,152,152,166,166,166,166,166],"floor_reached":33,"language":"ENG","playtime":2630,"items_purged":["Defend_G"],"score":640,"play_id":"f294c45a-2cd4-403e-8c4b-08f2699533e1","local_time":"20210127183255","is_ascension_mode":true,"campfire_choices":[{"data":"Dagger Spray","floor":7.0,"key":"SMITH"},{"data":"Neutralize","floor":10.0,"key":"SMITH"},{"data":"Dash","floor":15.0,"key":"SMITH"},{"data":"Dash","floor":23.0,"key":"SMITH"},{"floor":27.0,"key":"REST"},{"data":"Skewer","floor":29.0,"key":"SMITH"},{"data":"Terror","floor":32.0,"key":"SMITH"}],"circlet_count":0,"master_deck":["AscendersBane","Strike_G","Strike_G","Strike_G+1","Defend_G","Defend_G","Defend_G","Survivor","Neutralize+1","Slice","Footwork+1","Dash+1","Terror+1","Dagger Spray+1","Deflect","Blur","Die Die Die","Blade Dance+1","Dash+1","Quick Slash","Cloak And Dagger","Skewer+1","Necronomicurse"],"relics":["Ring of the Snake","Pantograph","Blue Candle","Shuriken","Lantern","Velvet Choker","Ginger","Meat on the Bone","White Beast Statue","Necronomicon"],"acts_visited":["Exordium","TheCity"],"potions_floor_usage":[33],"damage_taken":[{"damage":0.0,"enemies":"2 Louse","floor":1.0,"turns":4.0},{"damage":1.0,"enemies":"Cultist","floor":2.0,"turns":4.0},{"damage":0.0,"enemies":"Small Slimes","floor":3.0,"turns":4.0},{"damage":0.0,"enemies":"Looter","floor":4.0,"turns":3.0},{"damage":0.0,"enemies":"Lagavulin","floor":6.0,"turns":10.0},{"damage":29.0,"enemies":"Gremlin Nob","floor":8.0,"turns":4.0},{"damage":11.0,"enemies":"Exordium Thugs","floor":13.0,"turns":4.0},{"damage":5.0,"enemies":"The Guardian","floor":16.0,"turns":12.0},{"damage":5.0,"enemies":"Shell Parasite","floor":18.0,"turns":6.0},{"damage":8.0,"enemies":"2 Thieves","floor":20.0,"turns":4.0},{"damage":7.0,"enemies":"Snake Plant","floor":21.0,"turns":4.0},{"damage":29.0,"enemies":"Book of Stabbing","floor":24.0,"turns":6.0},{"damage":0.0,"enemies":"Cultist and Chosen","floor":25.0,"turns":4.0},{"damage":2.0,"enemies":"Slavers","floor":28.0,"turns":5.0},{"damage":2.0,"enemies":"Shelled Parasite and Fungi","floor":30.0,"turns":3.0},{"damage":47,"enemies":"Automaton","floor":33,"turns":8}],"seed_played":"-7411764931084931629","potions_obtained":[{"floor":1.0,"key":"Fruit Juice"},{"floor":4.0,"key":"Regen Potion"},{"floor":8.0,"key":"Swift Potion"},{"floor":13.0,"key":"LiquidMemories"},{"floor":18.0,"key":"LiquidBronze"},{"floor":20.0,"key":"GamblersBrew"},{"floor":28.0,"key":"Fire Potion"},{"floor":30.0,"key":"Swift Potion"}],"is_trial":false,"path_per_floor":["M","M","M","M","?","E","R","E","T","R","$","?","M","?","R","B",null,"M","$","M","M","?","R","E","M","T","R","E","R","M","?","R","B"],"character_chosen":"THE_SILENT","items_purchased":["Lantern"],"campfire_rested":1,"item_purchase_floors":[11],"current_hp_per_floor":[59,58,58,58,58,58,58,34,34,34,34,34,23,23,23,58,63,58,58,50,43,43,43,14,14,14,33,43,43,41,20,20,0,0],"gold":166,"neow_bonus":"REMOVE_TWO","is_daily":false,"chose_seed":false,"campfire_upgraded":6,"win_rate":0.0,"timestamp":1611801175,"path_taken":["M","M","M","M","?","E","R","E","T","R","?","?","M","?","R","BOSS","M","$","M","M","?","R","E","M","T","R","E","R","?","?","R","BOSS"],"items_purchased_type":["Relic"],"build_version":"2020-12-18","purchased_purges":1,"victory":false,"max_hp_per_floor":[60,60,60,60,60,60,60,65,65,65,65,65,65,65,65,65,65,65,65,65,65,65,65,65,65,65,65,65,65,65,65,65,65,65],"card_choices":[{"not_picked":["Heel Hook","PiercingWail"],"picked":"Slice","floor":1.0},{"not_picked":["Flying Knee","Sucker Punch"],"picked":"Footwork","floor":2.0},{"not_picked":["Quick Slash","Leg Sweep"],"picked":"Dash","floor":3.0},{"not_picked":["Dodge and Roll","Caltrops"],"picked":"Terror","floor":4.0},{"not_picked":["Well Laid Plans","Eviscerate"],"picked":"Dagger Spray","floor":6.0},{"not_picked":["Night Terror","Underhanded Strike"],"picked":"Deflect","floor":8.0},{"not_picked":["Noxious Fumes","Blade Dance"],"picked":"Blur","floor":13.0},{"not_picked":["Unload","Glass Knife"],"picked":"Die Die Die","floor":16.0},{"not_picked":["Caltrops","Sucker Punch"],"picked":"Blade Dance+1","floor":18.0},{"not_picked":["Blade Dance","Heel Hook+1"],"picked":"Dash","floor":20.0},{"not_picked":["Blade Dance","Sucker Punch"],"picked":"Quick Slash","floor":21.0},{"not_picked":["After Image","Finisher"],"picked":"Cloak And Dagger","floor":24.0},{"not_picked":["Predator","Poisoned Stab","Slice"],"picked":"SKIP","floor":25.0},{"not_picked":["Crippling Poison","All Out Attack"],"picked":"Skewer","floor":28.0},{"not_picked":["Deadly Poison","Flechettes","Calculated Gamble"],"picked":"SKIP","floor":30.0}],"player_experience":1211282,"relics_obtained":[{"floor":6.0,"key":"Pantograph"},{"floor":8.0,"key":"Blue Candle"},{"floor":9.0,"key":"Shuriken"},{"floor":24.0,"key":"Ginger"},{"floor":26.0,"key":"Meat on the Bone"},{"floor":28.0,"key":"White Beast Statue"}],"event_choices":[{"damage_healed":0.0,"max_hp_gain":0.0,"max_hp_loss":0.0,"gold_gain":0.0,"event_name":"Upgrade Shrine","player_choice":"Upgraded","floor":5.0,"gold_loss":0.0,"damage_taken":0.0,"cards_upgraded":["Footwork"]},{"damage_healed":0.0,"max_hp_gain":0.0,"max_hp_loss":0.0,"gold_gain":0.0,"event_name":"Liars Game","player_choice":"Ignored","floor":12.0,"gold_loss":0.0,"damage_taken":0.0},{"damage_healed":0.0,"max_hp_gain":0.0,"max_hp_loss":0.0,"gold_gain":0.0,"event_name":"Match and Keep!","player_choice":"0 cards matched","floor":14.0,"gold_loss":0.0,"damage_taken":0.0,"cards_obtained":[]},{"cards_removed":["Strike_G"],"damage_healed":0.0,"max_hp_gain":0.0,"max_hp_loss":0.0,"gold_gain":0.0,"event_name":"Designer","player_choice":"Upgrade and Remove","floor":22.0,"gold_loss":110.0,"damage_taken":0.0,"cards_upgraded":["Strike_G"]},{"damage_healed":0.0,"max_hp_gain":0.0,"max_hp_loss":0.0,"gold_gain":0.0,"event_name":"Cursed Tome","player_choice":"Obtained Book","floor":31.0,"gold_loss":0.0,"damage_taken":21.0}],"is_beta":true,"boss_relics":[{"not_picked":["Snecko Eye","Tiny House"],"picked":"Velvet Choker"}],"items_purged_floors":[19],"is_endless":false,"potions_floor_spawned":[1,4,8,13,18,20,28,30],"killed_by":"Automaton","ascension_level":20}}