{"host":"2uzrezb18q7r18aw","time":1611795577,"event":{"mods":["Act Like it!","BaseMod","Gensokyo","Lobotomy","Minty Spire (QoL Compilation)","StSLib"],"gold_per_floor":[216,316,316,331,349,375,375,410,433,433,268,268,287,287,287,387,387,400,400,400,400],"floor_reached":20,"language":"KOR","playtime":956,"items_purged":[],"score":205,"play_id":"afd60e25-3028-4470-bced-e76f0e611a3a","local_time":"20210128095937","is_ascension_mode":false,"campfire_choices":[],"circlet_count":0,"master_deck":["SpecialBullet","SpecialBullet","SpecialBullet","SpecialBullet","SpecialBullet","SpecialBullet","SpecialBullet","SpecialBullet","CentralCode","DisciplinaryCode","ControlCode","OldLady","Lamp+6","Yin","QueenOfHatred","InformationCode","Freischutz","Clumsy","Gensokyo:Shovel","Gensokyo:BlemishedSteel","Gensokyo:TarnishedGold","Pain","VoidDream","MeatLantern","Shame"],"relics":["CogitoBucket","RabbitCall","Yang_Lob","Potion Belt","Toy Ornithopter","Vajra","Gensokyo:NagashiBinaDoll","Theresia","Gensokyo:LunaticRedEyes","Runic Dome"],"acts_visited":["Exordium","Gensokyo:Gensokyo"],"potions_floor_usage":[6],"damage_taken":[{"damage":7,"enemies":"Gensokyo:Gryphon","floor":1,"turns":3},{"damage":3,"enemies":"Gensokyo:2_Kodama","floor":4,"turns":2},{"damage":0,"enemies":"Gensokyo:3_Fairies","floor":5,"turns":2},{"damage":18,"enemies":"Gensokyo:Aya","floor":6,"turns":4},{"damage":0,"enemies":"Gensokyo:Mamizou","floor":8,"turns":7},{"damage":22,"enemies":"Gensokyo:LivingMonolith","floor":13,"turns":4},{"damage":10,"enemies":"Gensokyo:Yukari","floor":16,"turns":8},{"damage":25,"enemies":"Gensokyo:Chomper","floor":18,"turns":4},{"damage":51,"enemies":"Gensokyo:CosmicMonolith","floor":20,"turns":1}],"seed_played":"2735383835874401826","potions_obtained":[{"floor":1,"key":"SneckoOil"},{"floor":13,"key":"Explosive Potion"}],"is_trial":false,"path_per_floor":["M","?","?","M","M","E","R","E","T","?","COS","R","M","?","R","B",null,"M","?","M"],"character_chosen":"Angela","items_purchased":[],"campfire_rested":0,"item_purchase_floors":[],"current_hp_per_floor":[63,63,63,60,60,42,42,54,54,54,54,54,35,35,35,43,70,48,48,0,0],"gold":400,"neow_bonus":"HUNDRED_GOLD","is_daily":false,"chose_seed":false,"campfire_upgraded":0,"win_rate":0.0,"timestamp":1611795577,"path_taken":["M","?","?","M","M","E","R","E","T","?","COS","R","?","?","R","BOSS","M","?","?"],"items_purchased_type":[],"build_version":"2020-12-22","purchased_purges":0,"victory":false,"max_hp_per_floor":[70,70,70,70,70,70,70,70,70,70,70,70,70,70,70,70,70,70,70,70,70],"card_choices":[{"not_picked":["Scorched","Mercenary"],"picked":"OldLady","floor":1},{"not_picked":["SomewhereSpear","TodaysExpression"],"picked":"SKIP","floor":1},{"not_picked":["RedEyes"],"picked":"Lamp","floor":3},{"not_picked":["ShyLook","Wellcheers"],"picked":"Yin","floor":4},{"not_picked":["Beak","Loneliness"],"picked":"SKIP","floor":4},{"not_picked":["MagicBullet","Loneliness"],"picked":"SKIP","floor":5},{"not_picked":["Murderer","PunishingBird"],"picked":"QueenOfHatred","floor":6},{"not_picked":["CUTE","Harmony"],"picked":"SKIP","floor":6},{"not_picked":["CrumblingArmor","Porccubus"],"picked":"Freischutz","floor":8},{"not_picked":["CherryBlossom","RapturousDream"],"picked":"SKIP","floor":8},{"not_picked":["Loneliness","ScreamingWedge"],"picked":"SKIP","floor":13},{"not_picked":["OSAHOGD","LittleHelper"],"picked":"VoidDream","floor":16},{"not_picked":["FairyFestival","FieryBird"],"picked":"MeatLantern","floor":18},{"not_picked":["Regret_ego","Pleasure"],"picked":"SKIP","floor":18}],"player_experience":602138,"relics_obtained":[{"floor":6,"key":"Potion Belt"},{"floor":8,"key":"Toy Ornithopter"},{"floor":9,"key":"Vajra"}],"event_choices":[],"is_beta":false,"boss_relics":[{"not_picked":["Tiny House","Busted Crown"],"picked":"Runic Dome"}],"items_purged_floors":[],"is_endless":false,"potions_floor_spawned":[1,13],"killed_by":"Gensokyo:CosmicMonolith","ascension_level":0}}