{"host":"l99crexq2sc8megk","time":1611846482,"event":{"mods":["BaseMod","Hermit","Minty Spire (QoL Compilation)","Quick Restart","StSLib","The Cursed"],"gold_per_floor":[116,136,61,3,16,16,16,16,40,40,67,67,67,97,97,168,168,178,59,59,109,126,152,22,22,99,118,143,162,182,182,182,255,255,266,282,292,292,317,317,342,342,388,407,131,164,164,30,30,30,30],"floor_reached":50,"language":"ZHS","playtime":1586,"items_purged":["Strike_R","Strike_R","Strike_R","Defend_R"],"score":943,"play_id":"82192a09-06ce-45eb-9387-c31ca4370b04","local_time":"20210128230802","is_ascension_mode":true,"campfire_choices":[{"data":"Flex","floor":6.0,"key":"SMITH"},{"data":"Fiend Fire","floor":8.0,"key":"SMITH"},{"data":"Shrug It Off","floor":10.0,"key":"SMITH"},{"data":"Sword Boomerang","floor":12.0,"key":"SMITH"},{"data":"Shockwave","floor":15.0,"key":"SMITH"},{"floor":25.0,"key":"REST"},{"data":"True Grit","floor":32.0,"key":"SMITH"},{"data":"Battle Trance","floor":40.0,"key":"SMITH"},{"floor":42.0,"key":"REST"},{"data":"Juggernaut","floor":49.0,"key":"SMITH"}],"circlet_count":0,"master_deck":["AscendersBane","Strike_R","Strike_R","Defend_R","Defend_R","Pommel Strike","Cleave","Flex+1","Shrug It Off+1","Fiend Fire+1","Shockwave+1","Juggernaut+1","Inflame","Iron Wave+1","Battle Trance+1","True Grit+1","Rage+1","Flex+1","Double Tap+1","Flex+1","Second Wind+1","Power Through+1","Inflame","Spot Weakness+1"],"relics":["Burning Blood","NeowsBlessing","Juzu Bracelet","Oddly Smooth Stone","Akabeko","Mark of Pain","Du-Vu Doll","Toxic Egg 2","Red Mask","MutagenicStrength","Sozu","Unceasing Top","Calipers","Orichalcum","Membership Card","Smiling Mask","Toolbox"],"acts_visited":["Exordium","TheCity","TheBeyond"],"potions_floor_usage":[],"damage_taken":[{"damage":0.0,"enemies":"Cultist","floor":1.0,"turns":1.0},{"damage":0.0,"enemies":"Jaw Worm","floor":2.0,"turns":1.0},{"damage":0.0,"enemies":"Small Slimes","floor":5.0,"turns":1.0},{"damage":35.0,"enemies":"3 Sentries","floor":11.0,"turns":8.0},{"damage":26.0,"enemies":"Gremlin Nob","floor":14.0,"turns":4.0},{"damage":44.0,"enemies":"The Guardian","floor":16.0,"turns":12.0},{"damage":20.0,"enemies":"3 Byrds","floor":18.0,"turns":4.0},{"damage":13.0,"enemies":"2 Thieves","floor":22.0,"turns":3.0},{"damage":51.0,"enemies":"Gremlin Leader","floor":23.0,"turns":5.0},{"damage":0.0,"enemies":"Snake Plant","floor":27.0,"turns":3.0},{"damage":0.0,"enemies":"Masked Bandits","floor":28.0,"turns":1.0},{"damage":15.0,"enemies":"Centurion and Healer","floor":29.0,"turns":6.0},{"damage":4.0,"enemies":"Shelled Parasite and Fungi","floor":30.0,"turns":2.0},{"damage":26.0,"enemies":"Collector","floor":33.0,"turns":7.0},{"damage":0.0,"enemies":"3 Shapes","floor":35.0,"turns":1.0},{"damage":10.0,"enemies":"3 Darklings","floor":36.0,"turns":4.0},{"damage":22.0,"enemies":"Sphere and 2 Shapes","floor":37.0,"turns":4.0},{"damage":1.0,"enemies":"Mind Bloom Boss Battle","floor":39.0,"turns":4.0},{"damage":19.0,"enemies":"Reptomancer","floor":41.0,"turns":5.0},{"damage":4.0,"enemies":"Jaw Worm Horde","floor":44.0,"turns":3.0},{"damage":3.0,"enemies":"Giant Head","floor":46.0,"turns":6.0},{"damage":76,"enemies":"Awakened One","floor":50,"turns":6}],"seed_played":"-3113958690883562549","potions_obtained":[{"floor":1.0,"key":"DistilledChaos"},{"floor":2.0,"key":"SteroidPotion"},{"floor":11.0,"key":"BloodPotion"},{"floor":18.0,"key":"Regen Potion"},{"floor":28.0,"key":"EntropicBrew"},{"floor":29.0,"key":"SteroidPotion"}],"is_trial":false,"path_per_floor":["M","M","?","$","M","R","?","R","T","R","E","R","?","E","R","B",null,"M","$","?","?","M","E","$","R","T","M","?","M","M","?","R","B",null,"M","M","M","?","?","R","E","R","T","M","$","E","?","$","R","B"],"character_chosen":"IRONCLAD","items_purchased":["Flex","Inflame","True Grit","Membership Card","Inflame","Toolbox"],"campfire_rested":2,"item_purchase_floors":[4,19,24,45,45,48],"current_hp_per_floor":[74,75,75,75,75,75,75,75,75,75,61,61,75,55,55,17,61,47,47,47,47,40,9,9,31,31,37,43,34,36,36,36,16,60,66,62,46,46,51,51,38,60,60,62,62,65,65,65,65,0,0],"gold":30,"neow_bonus":"THREE_ENEMY_KILL","is_daily":false,"chose_seed":false,"campfire_upgraded":8,"win_rate":0.0,"timestamp":1611846482,"path_taken":["M","?","?","?","M","R","?","R","T","R","E","R","?","E","R","BOSS","M","$","?","?","M","E","$","R","T","M","?","M","M","?","R","BOSS","M","M","M","?","?","R","E","R","T","M","$","E","?","?","R","BOSS"],"items_purchased_type":["Card","Card","Card","Relic","Card","Relic"],"build_version":"2020-12-22","purchased_purges":4,"victory":false,"max_hp_per_floor":[75,75,75,75,75,75,75,75,75,75,75,75,75,75,75,75,75,75,75,75,75,75,75,75,75,75,75,75,75,75,75,75,75,75,75,75,75,75,75,75,75,75,75,75,75,75,75,75,75,75,75],"card_choices":[{"not_picked":["Disarm","Sentinel"],"picked":"Pommel Strike","floor":1.0},{"not_picked":["Burning Pact","Iron Wave"],"picked":"Cleave","floor":2.0},{"not_picked":["Pommel Strike","Armaments"],"picked":"Shrug It Off","floor":5.0},{"not_picked":["Wild Strike","Flex"],"picked":"Sword Boomerang","floor":11.0},{"not_picked":["Uppercut","Burning Pact"],"picked":"Shockwave","floor":14.0},{"not_picked":["Corruption","Feed"],"picked":"Juggernaut","floor":16.0},{"not_picked":["Heavy Blade","Armaments","Fire Breathing"],"picked":"SKIP","floor":18.0},{"not_picked":["Searing Blow","Feel No Pain","Iron Wave+1"],"picked":"SKIP","floor":22.0},{"not_picked":["Searing Blow","Feel No Pain"],"picked":"Iron Wave+1","floor":22.0},{"not_picked":["Cleave","Sword Boomerang"],"picked":"Battle Trance","floor":23.0},{"not_picked":["Twin Strike+1","Uppercut","Searing Blow"],"picked":"SKIP","floor":27.0},{"not_picked":["Pummel","Clothesline"],"picked":"Rage+1","floor":28.0},{"not_picked":["Evolve+1","Dual Wield+1","Twin Strike"],"picked":"SKIP","floor":29.0},{"not_picked":["Cleave+1","Perfected Strike"],"picked":"Flex+1","floor":30.0},{"not_picked":["Fiend Fire","Exhume+1"],"picked":"Double Tap+1","floor":33.0},{"not_picked":["Headbutt+1","Shockwave+1"],"picked":"Flex+1","floor":35.0},{"not_picked":["Dark Embrace","Pummel","Clash"],"picked":"SKIP","floor":36.0},{"not_picked":["Infernal Blade+1","Fire Breathing"],"picked":"Second Wind+1","floor":37.0},{"not_picked":["Second Wind+1","Iron Wave","Cleave"],"picked":"SKIP","floor":41.0},{"not_picked":["Warcry+1","Cleave+1"],"picked":"Power Through+1","floor":44.0},{"not_picked":["Shockwave+1","Whirlwind+1"],"picked":"Spot Weakness+1","floor":46.0}],"player_experience":368253,"relics_obtained":[{"floor":9.0,"key":"Juzu Bracelet"},{"floor":11.0,"key":"Oddly Smooth Stone"},{"floor":14.0,"key":"Akabeko"},{"floor":23.0,"key":"Du-Vu Doll"},{"floor":26.0,"key":"Toxic Egg 2"},{"floor":28.0,"key":"Red Mask"},{"floor":39.0,"key":"Unceasing Top"},{"floor":41.0,"key":"Calipers"},{"floor":43.0,"key":"Orichalcum"},{"floor":46.0,"key":"Smiling Mask"}],"event_choices":[{"cards_removed":["Defend_R"],"damage_healed":0.0,"max_hp_gain":0.0,"max_hp_loss":0.0,"gold_gain":0.0,"event_name":"The Cleric","player_choice":"Card Removal","floor":3.0,"gold_loss":75.0,"damage_taken":0.0},{"damage_healed":0.0,"max_hp_gain":0.0,"max_hp_loss":0.0,"gold_gain":0.0,"cards_transformed":["Bash"],"event_name":"Living Wall","player_choice":"Change","floor":7.0,"gold_loss":0.0,"damage_taken":0.0,"cards_obtained":["Fiend Fire"]},{"damage_healed":14.0,"max_hp_gain":0.0,"max_hp_loss":0.0,"gold_gain":0.0,"event_name":"Wheel of Change","player_choice":"Full Heal","floor":13.0,"gold_loss":0.0,"damage_taken":0.0},{"damage_healed":0.0,"max_hp_gain":0.0,"max_hp_loss":0.0,"gold_gain":0.0,"event_name":"Ghosts","player_choice":"Ignored","floor":20.0,"gold_loss":0.0,"damage_taken":0.0},{"damage_healed":0.0,"max_hp_gain":0.0,"max_hp_loss":0.0,"gold_gain":50.0,"event_name":"Nest","player_choice":"Stole From Cult","floor":21.0,"gold_loss":0.0,"damage_taken":0.0},{"damage_healed":0.0,"max_hp_gain":0.0,"max_hp_loss":0.0,"gold_gain":0.0,"event_name":"Masked Bandits","player_choice":"Fought Bandits","floor":28.0,"gold_loss":0.0,"damage_taken":0.0},{"damage_healed":0.0,"max_hp_gain":0.0,"max_hp_loss":0.0,"gold_gain":0.0,"event_name":"Drug Dealer","player_choice":"Inject Mutagens","floor":31.0,"gold_loss":0.0,"damage_taken":0.0,"relics_obtained":["MutagenicStrength"]},{"damage_healed":0.0,"max_hp_gain":0.0,"max_hp_loss":0.0,"gold_gain":0.0,"event_name":"SecretPortal","player_choice":"Ignored","floor":38.0,"gold_loss":0.0,"damage_taken":0.0},{"damage_healed":0.0,"max_hp_gain":0.0,"max_hp_loss":0.0,"gold_gain":0.0,"event_name":"MindBloom","player_choice":"Fight","floor":39.0,"gold_loss":0.0,"damage_taken":0.0},{"cards_removed":["Sword Boomerang"],"damage_healed":0.0,"max_hp_gain":0.0,"max_hp_loss":0.0,"gold_gain":0.0,"event_name":"Falling","player_choice":"Removed Attack","floor":47.0,"gold_loss":0.0,"damage_taken":0.0}],"is_beta":false,"boss_relics":[{"not_picked":["Fusion Hammer","Cursed Key"],"picked":"Mark of Pain"},{"not_picked":["Runic Cube","Coffee Dripper"],"picked":"Sozu"}],"items_purged_floors":[19,24,45,48],"is_endless":false,"potions_floor_spawned":[1,2,5,11,18,28,29,30,35,36,44,46],"killed_by":"Awakened One","ascension_level":16}}