{"host":"kev6uqotw4tlyx8l","time":1611840814,"event":{"mods":["Act Like it!","Aspiration","BaseMod","Colored Powertips","Dota2Spire","Downfall","Hallownest","Infinite Spire","Marisa????????","Minty Spire (QoL Compilation)","Quick Restart","Remilia??????","Replay The Spire","StSLib","The Cursed","The Jungle","The Marked","The Mystic","The Servant 0.9.4","Yakumo Yukari mod"],"gold_per_floor":[119,119,119,135,149,183,183,183,234,259,271,283,315,345,357,500,512,549,561,573,601,632,644,690,743,755,767,779,791,827,224,224,349,349,370,370,24,48,63,63,63,63],"floor_reached":41,"language":"ENG","playtime":1321,"items_purged":[],"score":461,"play_id":"64cdaded-b553-4311-8d1f-9da8cbd05940","local_time":"20210128203334","is_ascension_mode":false,"campfire_choices":[{"data":"Inflame","floor":8,"key":"SMITH"},{"floor":15,"key":"REST"},{"data":"ReplayTheSpireMod:Muscle Training","floor":23,"key":"SMITH"},{"floor":29,"key":"REST"},{"floor":32,"key":"REST"},{"data":"ReplayTheSpireMod:Limb From Limb","floor":40,"key":"SMITH"}],"circlet_count":0,"master_deck":["Defend_R","Defend_R","Defend_R","Bash","Limit Break+1","Inflame+1","Disarm","Flex","Blood for Blood","Pommel Strike","Replay:Undeath\u0027s Touch","ReplayTheSpireMod:Muscle Training+1","Reaper","ReplayTheSpireMod:LeadingStrike","infinitespire:Starlight","Anger+1","Anger","ReplayTheSpireMod:Limb From Limb+1","Headbutt","Bite","Bite","Bite","Bite","Bite","Carnage","Shrug It Off","Hemokinesis","Iron Wave","Rupture","Pummel","Inflame","Iron Wave","Pummel","Limit Break","Shrug It Off+1","Good Instincts","Sword Boomerang+1","ReplayTheSpireMod:Limb From Limb","Cleave"],"relics":["Burning Blood","Golden Idol","Dota2Spire:EchoSabre","MawBank","Dota2Spire:RefresherOrb","StoneCalendar","Mummified Hand","Red Mask","Dota2Spire:EtherealBlade","Nilry\u0027s Codex","Pet Ghost","Dota2Spire:ArcaneBoots","Orrery","Empty Cage","Strawberry","Dota2Spire:Vanguard"],"acts_visited":["Exordium","TheCity","TheBeyond"],"potions_floor_usage":[13,16,16,24,25,33],"damage_taken":[{"damage":5,"enemies":"2 Louse","floor":1,"turns":4},{"damage":6,"enemies":"Cultist","floor":4,"turns":3},{"damage":6,"enemies":"Small Slimes","floor":5,"turns":4},{"damage":44,"enemies":"3 Sentries","floor":6,"turns":10},{"damage":13,"enemies":"2 Fungi Beasts","floor":10,"turns":4},{"damage":11,"enemies":"Large Slime","floor":13,"turns":5},{"damage":13,"enemies":"3 Louse","floor":14,"turns":4},{"damage":17,"enemies":"Fading Forest","floor":16,"turns":11},{"damage":20,"enemies":"Shell Parasite","floor":18,"turns":4},{"damage":11,"enemies":"Chosen","floor":21,"turns":4},{"damage":28,"enemies":"Sentry and Sphere","floor":22,"turns":4},{"damage":57,"enemies":"Gremlin Leader","floor":24,"turns":5},{"damage":24,"enemies":"Masked Bandits","floor":25,"turns":5},{"damage":17,"enemies":"Cultist and Chosen","floor":30,"turns":5},{"damage":40,"enemies":"Automaton","floor":33,"turns":6},{"damage":42,"enemies":"3 Shapes","floor":35,"turns":5},{"damage":26,"enemies":"3 Darklings","floor":38,"turns":4},{"damage":23,"enemies":"Transient","floor":39,"turns":5},{"damage":61,"enemies":"Nightmare","floor":41,"turns":5}],"seed_played":"1615217340573734248","potions_obtained":[{"floor":1,"key":"Venom Potion"},{"floor":6,"key":"SteroidPotion"},{"floor":13,"key":"Strength Potion"},{"floor":18,"key":"Toxic Potion"},{"floor":24,"key":"HeartOfIron"},{"floor":25,"key":"AttackPotion"}],"is_trial":false,"path_per_floor":["M","?","?","M","M","E","?","R","T","M","$","?","M","M","R","B",null,"M","?","AVR","M","M","R","E","?","T","?","?","R","M","$","R","B",null,"M","?","$","M","M","R","NM"],"character_chosen":"IRONCLAD","items_purchased":["Pet Ghost","Dota2Spire:ArcaneBoots","Shrug It Off","Hemokinesis","Iron Wave","Orrery","Strawberry","Dota2Spire:Vanguard","Sword Boomerang+1"],"campfire_rested":3,"item_purchase_floors":[31,31,31,31,31,31,37,37,37],"current_hp_per_floor":[80,80,80,80,80,42,42,42,42,35,35,35,30,23,47,58,80,66,66,66,79,68,68,32,38,38,38,22,38,47,47,56,38,56,53,53,60,54,57,57,0,0],"gold":63,"neow_bonus":"ONE_RANDOM_RARE_CARD","is_daily":false,"chose_seed":false,"campfire_upgraded":3,"win_rate":0.0,"timestamp":1611840814,"path_taken":["M","?","?","M","M","E","?","R","T","?","?","?","M","M","R","BOSS","M","?","AVR","M","M","R","E","?","T","?","?","R","M","$","R","BOSS","M","?","?","M","M","R","NM"],"items_purchased_type":["Relic","Relic","Card","Card","Card","Relic","Relic","Relic","Card"],"build_version":"2020-12-22","purchased_purges":0,"victory":false,"max_hp_per_floor":[80,80,80,80,80,80,80,80,80,80,80,80,80,80,80,80,80,80,80,80,80,80,80,80,80,80,56,56,56,56,56,56,56,56,56,56,63,63,63,63,63,63],"card_choices":[{"not_picked":["Wild Strike","Anger"],"picked":"Inflame","floor":1},{"not_picked":["Fire Breathing","Clash"],"picked":"Disarm","floor":4},{"not_picked":["Wild Strike","Searing Blow"],"picked":"Flex","floor":5},{"not_picked":["Flame Barrier","ReplayTheSpireMod:Strike From Hell"],"picked":"Blood for Blood","floor":6},{"not_picked":["Perfected Strike","ReplayTheSpireMod:Stacked"],"picked":"Pommel Strike","floor":10},{"not_picked":["Body Slam","Inflame"],"picked":"Replay:Undeath\u0027s Touch","floor":13},{"not_picked":["Immolate","True Grit"],"picked":"ReplayTheSpireMod:Muscle Training","floor":14},{"not_picked":["Juggernaut","Demonic Infusion"],"picked":"Reaper","floor":16},{"not_picked":["ReplayTheSpireMod:Stacked","Rage"],"picked":"ReplayTheSpireMod:LeadingStrike","floor":18},{"not_picked":["Flame Barrier+1","Perfected Strike"],"picked":"Anger+1","floor":21},{"not_picked":["Infernal Blade","Hemogenesis"],"picked":"Anger","floor":22},{"not_picked":["Juggernaut","Twin Strike+1"],"picked":"ReplayTheSpireMod:Limb From Limb","floor":24},{"not_picked":["Burning Pact","Flex"],"picked":"Headbutt","floor":25},{"not_picked":["Pommel Strike","Flex"],"picked":"Carnage","floor":30},{"not_picked":["Brutality","Double Tap"],"picked":"Rupture","floor":31},{"not_picked":["Searing Blow","Havoc"],"picked":"Pummel","floor":31},{"not_picked":["Uppercut+1","Warcry"],"picked":"Inflame","floor":31},{"not_picked":["Thunderclap","Clash"],"picked":"Iron Wave","floor":31},{"not_picked":["Thunderclap","Replay:Undeath\u0027s Touch"],"picked":"Pummel","floor":31},{"not_picked":["Barricade","Berserk"],"picked":"Limit Break","floor":33},{"not_picked":["Sword Boomerang","Run Through"],"picked":"Shrug It Off+1","floor":35},{"not_picked":["Replay:Parry","Midas Touch"],"picked":"Good Instincts","floor":36},{"not_picked":["Cleave+1","Thunderclap+1"],"picked":"ReplayTheSpireMod:Limb From Limb","floor":38},{"not_picked":["Iron Wave+1","Sword Boomerang"],"picked":"Cleave","floor":39}],"player_experience":110263,"relics_obtained":[{"floor":6,"key":"Dota2Spire:EchoSabre"},{"floor":9,"key":"MawBank"},{"floor":24,"key":"Mummified Hand"},{"floor":25,"key":"Red Mask"},{"floor":26,"key":"Dota2Spire:EtherealBlade"},{"floor":28,"key":"Nilry\u0027s Codex"}],"event_choices":[{"damage_healed":0,"gold_gain":0,"player_choice":"Take Wound","damage_taken":0,"relics_obtained":["Golden Idol"],"max_hp_gain":0,"max_hp_loss":0,"event_name":"Golden Idol","floor":3,"gold_loss":0,"cards_obtained":["Injury"]},{"damage_healed":0,"gold_gain":0,"player_choice":"Forge","damage_taken":0,"max_hp_gain":0,"max_hp_loss":0,"event_name":"Accursed Blacksmith","floor":7,"gold_loss":0,"cards_upgraded":["Limit Break"]},{"damage_healed":0,"gold_gain":0,"player_choice":"Ignored","damage_taken":0,"max_hp_gain":0,"max_hp_loss":0,"event_name":"Shining Light","floor":12,"gold_loss":0},{"damage_healed":0,"gold_gain":0,"player_choice":"Fought Bandits","damage_taken":0,"max_hp_gain":0,"max_hp_loss":0,"event_name":"Masked Bandits","floor":25,"gold_loss":0},{"damage_healed":0,"gold_gain":0,"player_choice":"Became a vampire","damage_taken":0,"max_hp_gain":0,"max_hp_loss":24,"event_name":"Vampires","floor":27,"gold_loss":0,"cards_obtained":["Bite","Bite","Bite","Bite","Bite"]},{"damage_healed":0,"gold_gain":0,"player_choice":"Obtained Book","damage_taken":16,"max_hp_gain":0,"max_hp_loss":0,"event_name":"Cursed Tome","floor":28,"gold_loss":0},{"damage_healed":0,"gold_gain":0,"player_choice":"Memory 1","damage_taken":0,"max_hp_gain":0,"max_hp_loss":0,"event_name":"SensoryStone","floor":36,"gold_loss":0}],"is_beta":false,"boss_relics":[{"not_picked":["Sozu","aspiration:SecretTechniqueScroll"],"picked":"Dota2Spire:RefresherOrb"},{"not_picked":["ReplayTheSpireMod:DimensionalGlitch","Cursed Key"],"picked":"Empty Cage"}],"items_purged_floors":[],"is_endless":false,"potions_floor_spawned":[1,6,13,18,24,25],"killed_by":"Nightmare","ascension_level":0}}