{"host":"y7357sx8ps3jkgoj","time":1611817249,"event":{"mods":["BaseMod","Friendly Minions","Minty Spire (QoL Compilation)","Permanent Neow","Relic Stats","Shop Mod","StSLib","The Alterego","Uncapped","Unceasing Turn Reminder"],"gold_per_floor":[119,139,139,149,149,149,176,176,253,1,1,1,1],"floor_reached":12,"language":"ENG","playtime":584,"items_purged":[],"score":87,"play_id":"8e45e2b6-c5c6-4daa-b091-d86501cb9eeb","local_time":"20210128010049","is_ascension_mode":true,"campfire_choices":[{"data":"alterego_mod:Table","floor":6,"key":"SMITH"},{"data":"alterego_mod:Rake","floor":8,"key":"SMITH"},{"data":"1","floor":11,"key":"LIFT"}],"circlet_count":0,"master_deck":["alterego_mod:Strike","alterego_mod:Strike","alterego_mod:Strike","alterego_mod:Strike","alterego_mod:Defend","alterego_mod:Defend","alterego_mod:Defend","alterego_mod:Defend","alterego_mod:Impale","alterego_mod:BigMeatyClaws","alterego_mod:BrynhildrsRune","alterego_mod:Rake+1","alterego_mod:TrashNCrash","alterego_mod:PerceptionDisorder","alterego_mod:Table+1"],"relics":["alterego_mod:MasochisticConstitution","Toy Ornithopter","The Courier","Darkstone Periapt","Girya"],"acts_visited":["Exordium"],"potions_floor_usage":[],"damage_taken":[{"damage":10,"enemies":"Cultist","floor":1,"turns":6},{"damage":8,"enemies":"Small Slimes","floor":2,"turns":5},{"damage":15,"enemies":"Jaw Worm","floor":4,"turns":7},{"damage":24,"enemies":"Lagavulin","floor":7,"turns":7},{"damage":47,"enemies":"3 Sentries","floor":12,"turns":6}],"seed_played":"-431519152116984191","potions_obtained":[{"floor":1,"key":"FearPotion"},{"floor":7,"key":"SpeedPotion"}],"is_trial":false,"path_per_floor":["M","M","?","M","?","R","E","R","T","$","R","E"],"character_chosen":"The_Alterego","items_purchased":["Girya"],"campfire_rested":0,"item_purchase_floors":[10],"current_hp_per_floor":[68,72,65,58,58,58,42,42,42,42,42,0,0],"gold":1,"neow_bonus":"ONE_RANDOM_RARE_CARD","is_daily":false,"chose_seed":false,"campfire_upgraded":2,"win_rate":0.0,"timestamp":1611817249,"path_taken":["M","?","?","M","?","R","E","R","T","?","R","E"],"items_purchased_type":["Relic"],"build_version":"2020-12-22","purchased_purges":0,"victory":false,"max_hp_per_floor":[71,72,72,73,73,73,74,74,74,74,74,74,74],"relic_stats":{"Darkstone Periapt":0,"counters":[5,31],"obtain_stats":[{"Darkstone Periapt":9,"Girya":10,"alterego_mod:MasochisticConstitution":0,"The Courier":7,"Toy Ornithopter":3},{"Darkstone Periapt":4,"Girya":4,"alterego_mod:MasochisticConstitution":0,"The Courier":4,"Toy Ornithopter":2},{"Darkstone Periapt":25,"Girya":25,"alterego_mod:MasochisticConstitution":0,"The Courier":25,"Toy Ornithopter":11}],"Toy Ornithopter":0},"card_choices":[{"not_picked":["alterego_mod:SakuraFive","alterego_mod:Complex"],"picked":"alterego_mod:TrashNCrash","floor":1},{"not_picked":["alterego_mod:Jiggle","alterego_mod:BiFurious"],"picked":"alterego_mod:PerceptionDisorder","floor":2},{"not_picked":["alterego_mod:Bounce","alterego_mod:Rip"],"picked":"alterego_mod:Table","floor":4},{"not_picked":["alterego_mod:Maid","alterego_mod:Cooking","alterego_mod:Santa"],"picked":"SKIP","floor":7}],"player_experience":315572,"relics_obtained":[{"floor":7,"key":"The Courier"},{"floor":9,"key":"Darkstone Periapt"}],"event_choices":[{"damage_healed":0,"gold_gain":0,"player_choice":"Success","damage_taken":7,"relics_obtained":["Toy Ornithopter"],"max_hp_gain":0,"max_hp_loss":0,"event_name":"Scrap Ooze","floor":3,"gold_loss":0},{"damage_healed":0,"gold_gain":0,"player_choice":"Ignored","damage_taken":0,"max_hp_gain":0,"max_hp_loss":0,"event_name":"Liars Game","floor":5,"gold_loss":0}],"is_beta":false,"boss_relics":[],"items_purged_floors":[],"is_endless":false,"potions_floor_spawned":[1,7],"killed_by":"3 Sentries","ascension_level":3}}