{"host":"pgm1p3lvdjflie30","time":1611832191,"event":{"mods":["100% Spire Juice","ATMod(阿瑾Mod)","AchievementEnabler","Aspiration","Astrologer","Bard","BaseMod","Chen","Colored Map","Colored Powertips","Conspire","Dark Map","Decade(王小明)","Dota2Spire","Downfall","Energized Spire","Gremlin Mod","HololiveMod","KinomotoSakuraMod(木之本?)","LagranYue(拉格朗·月)","Mari Mod (Legacy)","Mari\u0027s V1 Patch","Minty Spire (QoL Compilation)","MostiFishMod","Nova Terra(?娃·泰拉)","Quarter Circle Forward PUNCH!","Reimu（博???）","Replay The Spire","SOS（斯巴?之子）","StSLib","TestMod","The Administrix","The Blackbeard","The Bug Knight","The Construct","The Cursed","The Dragon Tamer","The Gatherer","The Hierophant","The IronCluck","The Jungle","The Mystic","The Poker Player","The Runesmith","The Saiyan","The Senshi","The Showman","TheHeartMod","TheWitcher","Waifu the Spire","Warlord Emblem","Yakumo Yukari mod","Yuri Mod","Yuyuko","【功能Mod】混沌之?修复?丁","【?物卡牌】REMEMod","?留之物","篝火指南"],"gold_per_floor":[109,109,121,134,324,344,379,396,467,477,511,69,69,79,79,184,184,203,47,47,47,65,65,95,95,95,95,129,147,147,160,160,265,265,283,283,283],"floor_reached":36,"language":"ZHS","playtime":1667,"items_purged":[],"score":589,"play_id":"8c9c004a-286a-4bad-9129-20ee4b01f5aa","local_time":"20210128190951","is_ascension_mode":false,"campfire_choices":[{"floor":13,"key":"RECALL"},{"data":"Guardian:HyperBeam_Guardian","floor":15,"key":"SMITH"},{"data":"construct:ClockworkEgg","floor":23,"key":"SMITH"},{"data":"construct:ClockworkEgg+2","floor":27,"key":"SMITH"},{"floor":32,"key":"DIG"}],"circlet_count":0,"master_deck":["construct:Strike_Gold","construct:Strike_Gold","construct:Strike_Gold","construct:Strike_Gold","construct:Strike_Gold","construct:Defend_Gold","construct:Defend_Gold","construct:Defend_Gold","construct:Defend_Gold","construct:AttackMode","construct:DefenseMode","Guardian:HyperBeam_Guardian+1","construct:ShiftStrike","Iron Wave","construct:SuppressiveFire","construct:Boost","construct:BatteryAcid","construct:BatteryCore","construct:QuickAttack","construct:SweepLaser","construct:Electrocute","construct:Accumulate","construct:GatlingGun","construct:CripplingShot+1","construct:ShieldGenerator","construct:Missile","construct:Hazardproof","construct:ScrapCannon+1","construct:HammerDown","construct:Multistage","construct:Impenetrable+1"],"relics":["construct:Cogwheel","AT_ATBox","DaveBox","testmod-TestBox","REME_ComplimentaryCards","LagranYue:RandomDrawCardRelic","FeatherPendant","testmod-Fortitude","NeowsBlessing","SynthV:TestCard","PlaceholderMod:SoulofChaos","testmod-Hope","REME_HandOfSuture","theSenshi:SailorFukuRelic","Lee\u0027s Waffle","Dota2Spire:DrumOfEndurance","GreenFoldingFan","Pet Ghost","Dota2Spire:BattleFury","AT_SunfireAegis","Juzu Bracelet","testmod-Antiphasic","ShadowXiaoBlade","Molten Egg 2","Toxic Egg 2","Frozen Egg 2","construct:ClockworkPhoenix"],"acts_visited":["Exordium","TheCity","TheBeyond"],"potions_floor_usage":[11,16,24,33,33,36,36],"damage_taken":[{"damage":15,"enemies":"Small Slimes","floor":1,"turns":11},{"damage":0,"enemies":"conspire:RoseBush","floor":3,"turns":1},{"damage":0,"enemies":"Jaw Worm","floor":4,"turns":1},{"damage":0,"enemies":"Exordium Wildlife","floor":6,"turns":1},{"damage":0,"enemies":"3 Sentries","floor":7,"turns":1},{"damage":0,"enemies":"Lots of Slimes","floor":8,"turns":1},{"damage":0,"enemies":"Exordium Thugs","floor":10,"turns":4},{"damage":0,"enemies":"Lagavulin","floor":11,"turns":2},{"damage":14,"enemies":"conspire:2 RoseBushes","floor":14,"turns":2},{"damage":0,"enemies":"Slime Boss","floor":16,"turns":3},{"damage":16,"enemies":"2 Thieves","floor":18,"turns":2},{"damage":15,"enemies":"conspire:HollyBat","floor":22,"turns":4},{"damage":5,"enemies":"HollowMod:Nosk","floor":24,"turns":2},{"damage":39,"enemies":"Book of Stabbing","floor":28,"turns":3},{"damage":2,"enemies":"Snake Plant","floor":29,"turns":1},{"damage":2,"enemies":"Cultist and Chosen","floor":31,"turns":1},{"damage":28,"enemies":"Champ","floor":33,"turns":5},{"damage":14,"enemies":"Orb Walker","floor":35,"turns":2},{"damage":90,"enemies":"Orb Walker","floor":36,"turns":5}],"seed_played":"-7881194630421961004","potions_obtained":[{"floor":3,"key":"Dexterity Potion"},{"floor":4,"key":"PlaceholderMod:PlaceholderPotion"},{"floor":8,"key":"Milkshake"},{"floor":11,"key":"Adrenaline Potion"},{"floor":22,"key":"SteroidPotion"},{"floor":24,"key":"SpeedPotion"},{"floor":31,"key":"Venom Potion"},{"floor":33,"key":"DistilledChaos"}],"is_trial":false,"path_per_floor":["M","?","M","M","?","M","E","M","T","M","E","$","R","M","R","B",null,"M","$","?","$","M","R","E","?","T","R","E","M","?","M","R_BF","B",null,"M","?"],"character_chosen":"THE_CONSTRUCT_MOD","items_purchased":["theSenshi:SailorFukuRelic","Lee\u0027s Waffle","Dota2Spire:DrumOfEndurance","Pet Ghost"],"campfire_rested":0,"item_purchase_floors":[12,12,12,19],"current_hp_per_floor":[70,70,70,70,70,70,70,70,70,70,70,95,95,84,84,84,98,92,92,95,98,93,93,98,101,101,101,72,80,83,91,91,73,110,106,0,0],"gold":283,"neow_bonus":"THREE_ENEMY_KILL","is_daily":false,"chose_seed":false,"campfire_upgraded":3,"win_rate":0.0,"timestamp":1611832191,"path_taken":["M","?","M","?","?","?","E","M","T","M","E","?","R","?","R","BOSS","M","$","?","?","M","R","E","?","T","R","E","M","?","M","R_BF","BOSS","M","?"],"items_purchased_type":["Relic","Relic","Relic","Relic"],"build_version":"2020-12-22","purchased_purges":0,"victory":false,"max_hp_per_floor":[85,85,85,85,85,85,85,85,85,85,85,95,95,98,98,98,98,98,98,101,104,104,104,104,107,107,107,107,107,110,110,110,110,110,110,113,113],"card_choices":[{"not_picked":["construct:VentSteam","construct:ScrapCannon"],"picked":"construct:ShiftStrike","floor":1},{"not_picked":["construct:FocusedBeam","construct:Dampening","construct:Chainstrike","construct:ShiftStrike"],"picked":"construct:SuppressiveFire","floor":3},{"not_picked":["construct:Accumulate","construct:FierceBash","construct:SaveState","construct:ModeShift"],"picked":"construct:Boost","floor":4},{"not_picked":["construct:Disrupt","construct:ModeShift","construct:Overcharge","construct:ShiftGuard"],"picked":"construct:BatteryAcid","floor":5},{"not_picked":["construct:Missile","construct:Accumulate","construct:ShiftGuard","construct:HeavyBolt"],"picked":"construct:BatteryCore","floor":6},{"not_picked":["construct:HeavyBolt","construct:ClusterMines","construct:Zapper","construct:Antimatter"],"picked":"construct:QuickAttack","floor":7},{"not_picked":["construct:Synchronize","construct:Reinforce","construct:Accumulate","construct:VentSteam"],"picked":"construct:SweepLaser","floor":8},{"not_picked":["construct:Accumulate","construct:Boost","construct:GuardCore","construct:Backfire"],"picked":"construct:ClockworkEgg","floor":10},{"not_picked":["construct:SpinDrive","construct:Overcharge","construct:FierceBash","construct:Backup"],"picked":"construct:Electrocute","floor":11},{"not_picked":["construct:ShiftStrike","construct:Backfire","construct:SuppressiveFire","construct:SaveState"],"picked":"construct:Accumulate","floor":14},{"not_picked":["construct:Bunker","construct:LongRangeLance","construct:ClockworkEgg","construct:MassProduction"],"picked":"construct:GatlingGun","floor":16},{"not_picked":["construct:ShiftStrike+1","construct:Boost","construct:VentSteam","construct:ElectricArmor"],"picked":"construct:CripplingShot+1","floor":18},{"not_picked":["construct:Versatility","construct:Reinforce+1","construct:Accumulate+1","construct:Analyze+1"],"picked":"construct:ShieldGenerator","floor":22},{"not_picked":["construct:Isolate+1","construct:ClockworkEgg","construct:Boost","construct:Accumulate+1"],"picked":"construct:Missile","floor":24},{"not_picked":["construct:HardReboot","construct:Failsafe","construct:SyphonStrike","construct:Tumble"],"picked":"construct:Hazardproof","floor":28},{"not_picked":["construct:SuppressiveFire","construct:VentSteam","construct:Backfire+1","construct:CripplingShot"],"picked":"construct:ScrapCannon+1","floor":29},{"not_picked":["construct:ShiftStrike","construct:Anticipate+1","construct:Forcefield+1","construct:ClusterMines"],"picked":"construct:HammerDown","floor":31},{"not_picked":["construct:BatteryCore","construct:MassProduction","construct:SpinDrive","construct:GoldenBullet"],"picked":"construct:Multistage","floor":33},{"not_picked":["construct:SuppressiveFire+1","construct:Analyze+1","construct:Isolate+1","construct:SyphonStrike+1"],"picked":"construct:Impenetrable+1","floor":35}],"player_experience":288008,"relics_obtained":[{"floor":1,"key":"SynthV:TestCard"},{"floor":7,"key":"PlaceholderMod:SoulofChaos"},{"floor":9,"key":"testmod-Hope"},{"floor":11,"key":"REME_HandOfSuture"},{"floor":24,"key":"Dota2Spire:BattleFury"},{"floor":26,"key":"AT_SunfireAegis"},{"floor":28,"key":"Juzu Bracelet"},{"floor":32,"key":"testmod-Antiphasic"}],"event_choices":[{"cards_removed":["AT_RightCognition"],"damage_healed":0,"gold_gain":0,"player_choice":"Took Card","damage_taken":0,"max_hp_gain":0,"max_hp_loss":0,"event_name":"NoteForYourself","floor":2,"gold_loss":0,"cards_obtained":["Iron Wave"]},{"cards_removed":["construct:Defend_Gold"],"damage_healed":0,"gold_gain":0,"player_choice":"Purged","damage_taken":0,"max_hp_gain":0,"max_hp_loss":0,"event_name":"Purifier","floor":20,"gold_loss":0},{"damage_healed":0,"gold_gain":0,"player_choice":"Upgraded","damage_taken":0,"max_hp_gain":0,"max_hp_loss":0,"event_name":"Upgrade Shrine","floor":25,"gold_loss":0,"cards_upgraded":["construct:ClockworkEgg"]},{"damage_healed":0,"gold_gain":0,"player_choice":"Leave","damage_taken":0,"max_hp_gain":0,"max_hp_loss":0,"event_name":"conspire:Investor","floor":30,"gold_loss":0}],"is_beta":false,"boss_relics":[{"not_picked":["Runesmith:UraniumAnvil","conspire:RunicOctahedron"],"picked":"GreenFoldingFan"},{"not_picked":["ChiXiaoBlade","Sozu"],"picked":"ShadowXiaoBlade"}],"items_purged_floors":[],"is_endless":false,"potions_floor_spawned":[3,4,8,11,22,24,31,33],"killed_by":"Orb Walker","ascension_level":0}}