{"host":"lq2h7q9ca6uwu60x","time":1611817540,"event":{"mods":["Act Like it!","BaseMod","Gensokyo","Koishi","Marisa£®ÏF”Í°°ƒß¿Ì…≥£©","Minty Spire (QoL Compilation)","StSLib","Youmu£®ªÍ∆«—˝√Œ£©"],"gold_per_floor":[115,115,115,195,214,214,240,240,265,265,275,304,315,348,348,446,446,459,479,429,679,690,720,720,748,771,802,270,281,35,35,35,135,135,146,157,157,97,97,126,126,159,159,159,189,205,205,222,222,222,222,222,44,70,70],"floor_reached":56,"language":"ZHS","playtime":2964,"items_purged":["Koishi:MindNumbingTerror+1","Writhe"],"score":1840,"play_id":"5da94a3e-88e0-4d85-b900-1f80ff396a13","local_time":"20210128150540","is_ascension_mode":true,"campfire_choices":[{"data":"Gensokyo:CrescentMoonSlash","floor":6.0,"key":"SMITH"},{"floor":8.0,"key":"RECALL"},{"data":"Enlightenment","floor":15.0,"key":"SMITH"},{"data":"Koishi:DanmakuParanoia","floor":24.0,"key":"SMITH"},{"data":"Koishi:Provoke","floor":32.0,"key":"SMITH"},{"data":"Gensokyo:UnhurriedMind","floor":44.0,"key":"SMITH"},{"data":"Koishi:ConfinedInnocent","floor":49.0,"key":"SMITH"}],"circlet_count":0,"master_deck":["Koishi:Provoke+1","Enlightenment+1","Gensokyo:CrescentMoonSlash+1","Koishi:DreadfulBlow+1","Koishi:UnseenTerror+1","Koishi:DanmakuParanoia+1","Koishi:BloodcurdlingScream+1","Koishi:GrowingPain+1","Koishi:TraumaticStroke+1","Koishi:SilentAndRestless+1","Flash of Steel+1","Gensokyo:UnhurriedMind+1","Gensokyo:CustomPotion","Koishi:ConfinedInnocent+1","Blur+1","Koishi:Untouchable"],"relics":["Koishi:ImaginaryFriend","Molten Egg 2","Lantern","Meat on the Bone","Pantograph","Astrolabe","Strawberry","Bronze Scales","Bag of Preparation","Ancient Tea Set","Nunchaku","Oddly Smooth Stone","PrismaticShard","Juzu Bracelet","Coffee Dripper","Art of War","Mango","Thread and Needle","Ginger","Blood Vial"],"acts_visited":["Exordium","Gensokyo:Gensokyo","Gensokyo:Gensokyoer","TheEnding"],"potions_floor_usage":[55,55],"damage_taken":[{"damage":3.0,"enemies":"Gensokyo:Gryphon","floor":1.0,"turns":6.0},{"damage":0.0,"enemies":"Gensokyo:3_Fairies","floor":5.0,"turns":3.0},{"damage":14.0,"enemies":"Gensokyo:Aya","floor":7.0,"turns":7.0},{"damage":0.0,"enemies":"Gensokyo:2_Kodama","floor":11.0,"turns":1.0},{"damage":0.0,"enemies":"Gensokyo:Cirno","floor":12.0,"turns":5.0},{"damage":0.0,"enemies":"Gensokyo:2_Rabbits","floor":13.0,"turns":2.0},{"damage":3.0,"enemies":"Gensokyo:Aya","floor":14.0,"turns":5.0},{"damage":16.0,"enemies":"Gensokyo:Yukari","floor":16.0,"turns":9.0},{"damage":4.0,"enemies":"Gensokyo:2_Gloops","floor":18.0,"turns":4.0},{"damage":0.0,"enemies":"Gensokyo:Chomper","floor":19.0,"turns":4.0},{"damage":3.0,"enemies":"Gensokyo:3_Gloops","floor":22.0,"turns":4.0},{"damage":22.0,"enemies":"Gensokyo:Koishi","floor":23.0,"turns":5.0},{"damage":9.0,"enemies":"Gensokyo:Tenshi","floor":25.0,"turns":5.0},{"damage":17.0,"enemies":"Gensokyo:Reisen","floor":27.0,"turns":4.0},{"damage":0.0,"enemies":"Gensokyo:Wraith","floor":29.0,"turns":3.0},{"damage":41.0,"enemies":"Gensokyo:Kaguya","floor":33.0,"turns":8.0},{"damage":0.0,"enemies":"Gensokyo:3_Bats","floor":35.0,"turns":2.0},{"damage":3.0,"enemies":"Gensokyo:AncientGuardian","floor":36.0,"turns":3.0},{"damage":0.0,"enemies":"Gensokyo:Kasen","floor":40.0,"turns":5.0},{"damage":4.0,"enemies":"Gensokyo:Doremy","floor":42.0,"turns":5.0},{"damage":3.0,"enemies":"Gensokyo:Marisa","floor":45.0,"turns":4.0},{"damage":3.0,"enemies":"Gensokyo:Rafflesia","floor":46.0,"turns":4.0},{"damage":0.0,"enemies":"Gensokyo:4_Bats","floor":48.0,"turns":1.0},{"damage":25,"enemies":"Gensokyo:Shinki","floor":50,"turns":11},{"damage":0,"enemies":"Shield and Spear","floor":54,"turns":5},{"damage":0,"enemies":"The Heart","floor":55,"turns":9}],"seed_played":"8694050286726994833","potions_obtained":[{"floor":7.0,"key":"ColorlessPotion"},{"floor":12.0,"key":"BlessingOfTheForge"},{"floor":13.0,"key":"EssenceOfSteel"},{"floor":19.0,"key":"LiquidBronze"},{"floor":23.0,"key":"Energy Potion"},{"floor":27.0,"key":"GamblersBrew"},{"floor":36.0,"key":"Swift Potion"},{"floor":45.0,"key":"Block Potion"},{"floor":48.0,"key":"Explosive Potion"},{"floor":54,"key":"AttackPotion"}],"is_trial":false,"path_per_floor":["M","?","?","?","M","R","E","R","T","?","M","E","M","E","R","B",null,"M","M","?","?","M","E","R","E","T","E","$","M","$","?","R","B",null,"M","M","?","?","?","E","?","E","T","R","E","M","?","M","R","B",null,"R","$","E","B",null],"character_chosen":"KOISHI","items_purchased":["Nunchaku","Oddly Smooth Stone","PrismaticShard","Juzu Bracelet","Flash of Steel+1","Koishi:Untouchable"],"campfire_rested":0,"item_purchase_floors":[28,28,28,30,30,53],"current_hp_per_floor":[59,35,26,26,27,27,17,17,17,17,17,25,39,42,42,60,60,57,58,65,63,63,52,52,50,50,37,37,38,38,38,38,39,70,70,67,67,67,67,70,70,84,84,84,84,84,51,51,51,70,84,84,84,84,84],"gold":70,"neow_bonus":"RANDOM_COLORLESS","is_daily":false,"chose_seed":false,"campfire_upgraded":6,"win_rate":0.0,"timestamp":1611817540,"path_taken":["M","?","?","?","M","R","E","R","T","?","M","E","M","E","R","BOSS","M","M","?","?","?","E","R","E","T","E","$","M","?","?","R","BOSS","M","M","?","?","?","E","?","E","T","R","E","M","?","M","R","BOSS","R","$","E","BOSS"],"items_purchased_type":["Relic","Relic","Relic","Relic","Card","Card"],"build_version":"2020-12-22","purchased_purges":2,"victory":true,"max_hp_per_floor":[60,60,60,60,60,60,60,60,60,60,60,60,60,60,60,60,60,60,60,67,63,63,70,70,70,70,70,70,70,70,70,70,70,70,70,70,70,70,70,70,70,84,84,84,84,84,84,84,84,84,84,84,84,84,84],"card_choices":[{"not_picked":["Blind","Mind Blast"],"picked":"Enlightenment","floor":0.0},{"not_picked":["Koishi:SubterraneanRose","Koishi:EmbryosDream","Koishi:Jaunt"],"picked":"SKIP","floor":1.0},{"not_picked":["Koishi:UnconsciousUprising","Koishi:BramblyRoseGarden","Koishi:StingingMind"],"picked":"SKIP","floor":5.0},{"not_picked":["Koishi:Prune+1","Koishi:ReleaseOfTheId"],"picked":"Koishi:DreadfulBlow+1","floor":7.0},{"not_picked":["Koishi:IdleWhim","Koishi:RoseHell"],"picked":"Koishi:UnseenTerror+1","floor":10.0},{"not_picked":["Koishi:PhantomBarrier","Koishi:Bloodlust"],"picked":"Koishi:MindNumbingTerror+1","floor":10.0},{"not_picked":["Koishi:FreudianInstinct","Koishi:PhantomBarrier","Koishi:SubconsciousSweep+1"],"picked":"SKIP","floor":11.0},{"not_picked":["Koishi:ReflexRadar","Koishi:UnseenTerror+1"],"picked":"Koishi:DanmakuParanoia","floor":12.0},{"not_picked":["Koishi:PhantomBarrier","Koishi:DNAsFlaw"],"picked":"Koishi:BloodcurdlingScream+1","floor":13.0},{"not_picked":["Koishi:PhantomBarrier","Koishi:EmbryosDream","Koishi:UnconsciousUrges"],"picked":"SKIP","floor":14.0},{"not_picked":["Koishi:FadingMemory","Koishi:Ego"],"picked":"Koishi:GrowingPain+1","floor":16.0},{"not_picked":["Koishi:BloodcurdlingScream+1","Koishi:RorschachInDanmaku","Koishi:EmbersOfLove"],"picked":"SKIP","floor":18.0},{"not_picked":["Koishi:BloodcurdlingScream+1","Koishi:RorschachInDanmaku","Koishi:EmbersOfLove"],"picked":"SKIP","floor":18.0},{"not_picked":["Koishi:RacingHeart+1","Koishi:DNAsFlaw","Koishi:GeneticsOfTheUnconscious"],"picked":"SKIP","floor":19.0},{"not_picked":["Koishi:RacingHeart+1","Koishi:DNAsFlaw","Koishi:GeneticsOfTheUnconscious"],"picked":"SKIP","floor":19.0},{"not_picked":["Koishi:UnconsciousUrges","Koishi:StingingMind+1","Koishi:UnansweredLove+1"],"picked":"SKIP","floor":22.0},{"not_picked":["Koishi:PhilosophyOfTheDespised","Koishi:HeartAttack+1","Koishi:Vanish"],"picked":"SKIP","floor":23.0},{"not_picked":["Koishi:PhantomBarrier","Koishi:LastRemote+1","Koishi:HeartAttack+1"],"picked":"SKIP","floor":25.0},{"not_picked":["Koishi:Vanish+1","Koishi:SubterraneanRose","Koishi:DreadfulBlow+1"],"picked":"SKIP","floor":27.0},{"not_picked":["HiganSword","Force Field","Cleave+1"],"picked":"SKIP","floor":29.0},{"not_picked":["ManaRampage","Storm of Steel"],"picked":"Gensokyo:UnhurriedMind","floor":33.0},{"not_picked":["Koishi:Prune+1","Quick Slash+1","Sweeping Beam+1"],"picked":"SKIP","floor":35.0},{"not_picked":["FlyingSleeves+1","BattleHymn+1","Hemokinesis+1"],"picked":"SKIP","floor":36.0},{"not_picked":["HellGodSword+1","Conserve Battery","Thunder Strike+1"],"picked":"SKIP","floor":40.0},{"not_picked":["Deflect+1","Feel No Pain","FlyingSleeves+1"],"picked":"SKIP","floor":42.0},{"not_picked":["Leap","Cleave+1","Koishi:SubconsciousSweep+1"],"picked":"SKIP","floor":45.0},{"not_picked":["Conserve Battery","Koishi:DNAsFlaw+1","Koishi:BloodcurdlingScream+1"],"picked":"SKIP","floor":46.0},{"not_picked":["DeepEcoloBomb+1","MilkyWay"],"picked":"Blur+1","floor":48.0},{"not_picked":["Phantasmal Killer","ChargeUpSpray+1","Riddle With Holes+1"],"picked":"SKIP","floor":54}],"player_experience":941340,"relics_obtained":[{"floor":7.0,"key":"Molten Egg 2"},{"floor":9.0,"key":"Lantern"},{"floor":12.0,"key":"Meat on the Bone"},{"floor":14.0,"key":"Pantograph"},{"floor":23.0,"key":"Strawberry"},{"floor":25.0,"key":"Bronze Scales"},{"floor":26.0,"key":"Bag of Preparation"},{"floor":27.0,"key":"Ancient Tea Set"},{"floor":40.0,"key":"Art of War"},{"floor":42.0,"key":"Mango"},{"floor":45.0,"key":"Thread and Needle"},{"floor":54,"key":"Blood Vial"}],"event_choices":[],"is_beta":false,"boss_relics":[{"not_picked":["Tiny House","Cursed Key"],"picked":"Astrolabe"},{"not_picked":["Black Star","Sozu"],"picked":"Coffee Dripper"}],"items_purged_floors":[28,53],"is_endless":false,"potions_floor_spawned":[7,12,13,19,23,27,36,45,48,54],"ascension_level":4}}