{"host":"8fuipfsvjht9cgcs","time":1611800034,"event":{"mods":["AchievementEnabler","BaseMod","Colored Map","Colored Powertips","DeckTracker","Friendly Minions","Kiyohime£¨?ýï£©","Marisa£¨Ùöéë¡¡Øª×âÞÞ£©","Minty Spire (QoL Compilation)","Prisma Mod","StSLib","SuperFastMode","The Cursed","The Gatherer"],"gold_per_floor":[116,116,216,227,81,81,81,92,92,92,92,123,123,134,134,134,134],"floor_reached":16,"language":"KOR","playtime":506,"items_purged":["Strike_R"],"score":157,"play_id":"11d56eea-6481-48be-80d9-0acbc6872192","local_time":"20210128151354","is_ascension_mode":true,"campfire_choices":[{"data":"Armaments","floor":7.0,"key":"SMITH"},{"data":"Double Tap","floor":10.0,"key":"SMITH"},{"data":"Discovery","floor":13,"key":"SMITH"},{"data":"Pommel Strike","floor":15,"key":"SMITH"}],"circlet_count":0,"master_deck":["AscendersBane","Strike_R","Strike_R+1","Strike_R+1","Strike_R","Defend_R","Defend_R","Defend_R+1","Defend_R","Bash","Double Tap+1","Heavy Blade","Hemokinesis","Shrug It Off","Armaments+1","Warcry","Discovery+1","Limit Break+1","Ghostly Armor","Pommel Strike+1"],"relics":["Burning Blood","Meat on the Bone","Blue Candle","War Paint"],"acts_visited":["Exordium"],"potions_floor_usage":[12,16],"damage_taken":[{"damage":17.0,"enemies":"2 Louse","floor":1.0,"turns":5.0},{"damage":10.0,"enemies":"Small Slimes","floor":4.0,"turns":2.0},{"damage":5.0,"enemies":"Cultist","floor":8.0,"turns":3.0},{"damage":20,"enemies":"Gremlin Nob","floor":12,"turns":3},{"damage":9,"enemies":"Large Slime","floor":14,"turns":8},{"damage":41,"enemies":"Slime Boss","floor":16,"turns":11}],"seed_played":"4499756673088813788","potions_obtained":[{"floor":4.0,"key":"AttackPotion"},{"floor":14,"key":"GamblersBrew"}],"is_trial":false,"path_per_floor":["M","?","?","M","$","?","R","M","T","R","?","E","R","M","R","B"],"character_chosen":"IRONCLAD","items_purchased":["Shrug It Off","Armaments"],"campfire_rested":0,"item_purchase_floors":[5,5],"current_hp_per_floor":[61,45,45,41,41,16,16,29,29,29,29,27,27,36,36,0,0],"gold":134,"neow_bonus":"ONE_RANDOM_RARE_CARD","is_daily":false,"chose_seed":false,"campfire_upgraded":4,"win_rate":0.0,"timestamp":1611800034,"path_taken":["M","?","?","?","$","?","R","M","T","R","?","E","R","?","R","BOSS"],"items_purchased_type":["Card","Card"],"build_version":"2020-12-22","purchased_purges":1,"victory":false,"max_hp_per_floor":[80,80,80,80,80,80,80,80,80,80,80,80,80,80,80,80,80],"card_choices":[{"not_picked":["Clash","Infernal Blade"],"picked":"Heavy Blade","floor":1.0},{"not_picked":["Anger","Searing Blow"],"picked":"Hemokinesis","floor":4.0},{"not_picked":["Wild Strike","Evolve"],"picked":"Warcry","floor":8.0},{"not_picked":["Infernal Blade","Blood for Blood"],"picked":"Ghostly Armor","floor":12},{"not_picked":["Infernal Blade","Perfected Strike"],"picked":"Pommel Strike","floor":14}],"player_experience":457148,"relics_obtained":[{"floor":9.0,"key":"Blue Candle"},{"floor":12,"key":"War Paint"}],"event_choices":[{"damage_healed":0.0,"max_hp_gain":0.0,"max_hp_loss":0.0,"gold_gain":0.0,"event_name":"Shining Light","player_choice":"Entered Light","floor":2.0,"gold_loss":0.0,"damage_taken":16.0,"cards_upgraded":["Strike_R","Strike_R"]},{"damage_healed":0.0,"max_hp_gain":0.0,"max_hp_loss":0.0,"gold_gain":100.0,"event_name":"Golden Shrine","player_choice":"Pray","floor":3.0,"gold_loss":0.0,"damage_taken":0.0},{"damage_healed":0.0,"max_hp_gain":0.0,"max_hp_loss":0.0,"gold_gain":0.0,"event_name":"Scrap Ooze","player_choice":"Success","floor":6.0,"gold_loss":0.0,"damage_taken":25.0,"relics_obtained":["Meat on the Bone"]},{"damage_healed":0.0,"max_hp_gain":0.0,"max_hp_loss":0.0,"gold_gain":0.0,"event_name":"Match and Keep!","player_choice":"2 cards matched","floor":11.0,"gold_loss":0.0,"damage_taken":0.0,"cards_obtained":["Discovery","Limit Break"]}],"is_beta":false,"boss_relics":[],"items_purged_floors":[5],"is_endless":false,"potions_floor_spawned":[4,14],"killed_by":"Slime Boss","ascension_level":12}}