{"host":"dlqyscxstsnu98l1","time":1611796761,"event":{"mods":["AchievementEnabler","BaseMod","Bestiary","Colored Map","Colored Powertips","Conspire","Downfall","GifTheSpireLib","Highlight Path","Minty Spire (QoL Compilation)","Random Character Button","Replay The Spire","SacredBarkPlus","StSLib","everything is the same but u backflip on backflip"],"gold_per_floor":[112,187,60,60,80,80,112,112,138,169,94,111,141,155,155,255,255,275,290,307,57,72,72,72,72],"floor_reached":24,"language":"ENG","playtime":1377,"items_purged":["Strike_R","Strike_R"],"score":265,"play_id":"6e49f57b-4ce2-4b88-bae9-f6afe9a88f09","local_time":"20210127191921","is_ascension_mode":true,"campfire_choices":[{"data":"Body Slam","floor":6,"key":"SMITH"},{"data":"Shrug It Off","floor":8,"key":"SMITH"},{"data":"Entrench","floor":15,"key":"SMITH"},{"floor":23,"key":"REST"}],"circlet_count":0,"master_deck":["Defend_R","Defend_R","Defend_R","Defend_R","Bash","Body Slam+1","Shrug It Off+1","Burning Pact","Body Slam","Entrench+1","Exhume","Disarm+1","Intimidate+1","Searing Blow+1","Fire Breathing","Entrench+1","ReplayReversal","Entrench"],"relics":["Burning Blood","NeowsBlessing","Charon\u0027s Ashes","PreservedInsect","Anchor","Paper Frog","Garlic","Astrolabe","Membership Card"],"acts_visited":["Exordium","TheCity"],"potions_floor_usage":[10,16,20],"damage_taken":[{"damage":0,"enemies":"Small Slimes","floor":1,"turns":1},{"damage":0,"enemies":"Jaw Worm","floor":5,"turns":1},{"damage":0,"enemies":"Replay:BlueRogue","floor":7,"turns":1},{"damage":25,"enemies":"Gremlin Nob","floor":10,"turns":4},{"damage":0,"enemies":"Cultist","floor":12,"turns":2},{"damage":18,"enemies":"3 Sentries","floor":13,"turns":7},{"damage":0,"enemies":"3 Louse","floor":14,"turns":2},{"damage":60,"enemies":"Hexaghost","floor":16,"turns":15},{"damage":0,"enemies":"Chosen","floor":18,"turns":6},{"damage":68,"enemies":"Spheric Guardian","floor":19,"turns":13},{"damage":4,"enemies":"Centurion and Healer","floor":20,"turns":7},{"damage":0,"enemies":"Snake Plant","floor":22,"turns":6},{"damage":61,"enemies":"3 Cultists","floor":24,"turns":7}],"seed_played":"7487554631146777583","potions_obtained":[{"floor":7,"key":"Toxic Potion"},{"floor":13,"key":"LiquidMemories"},{"floor":16,"key":"CultistPotion"},{"floor":18,"key":"GamblersBrew"},{"floor":19,"key":"Flashbang"}],"is_trial":false,"path_per_floor":["M","?","?","$","M","R","E","R","T","E","$","M","E","M","R","B",null,"M","M","M","$","M","R","M"],"character_chosen":"IRONCLAD","items_purchased":["Membership Card","ReplayReversal","Entrench"],"campfire_rested":1,"item_purchase_floors":[21,21,21],"current_hp_per_floor":[80,69,69,69,75,75,80,80,80,61,61,67,55,61,61,7,80,80,18,20,20,26,50,0,0],"gold":72,"neow_bonus":"THREE_ENEMY_KILL","is_daily":false,"chose_seed":false,"campfire_upgraded":3,"win_rate":0.0,"timestamp":1611796761,"path_taken":["M","?","?","$","M","R","E","R","T","E","$","M","E","M","R","BOSS","M","M","?","$","M","R","M"],"items_purchased_type":["Relic","Card","Card"],"build_version":"2020-12-22","purchased_purges":2,"victory":false,"max_hp_per_floor":[80,80,80,80,80,80,80,80,80,80,80,80,80,80,80,80,80,80,80,80,80,80,80,80,80],"card_choices":[{"not_picked":["True Grit","Shockwave"],"picked":"Body Slam","floor":1},{"not_picked":["Clothesline","Wild Strike"],"picked":"Shrug It Off","floor":5},{"not_picked":["Run Through","Armaments"],"picked":"Burning Pact","floor":7},{"not_picked":["Armaments","Whirlwind"],"picked":"Body Slam","floor":10},{"not_picked":["Iron Wave","True Grit","Fiend Fire"],"picked":"SKIP","floor":12},{"not_picked":["Armaments","Dropkick","ReplayTheSpireMod:Limb From Limb"],"picked":"SKIP","floor":13},{"not_picked":["Warcry","Sword Boomerang"],"picked":"Entrench","floor":14},{"not_picked":["Feed","Double Tap"],"picked":"Exhume","floor":16},{"not_picked":["Pommel Strike","Havoc"],"picked":"Fire Breathing","floor":18},{"not_picked":["Replay:Undeath\u0027s Touch+1","ReplayTheSpireMod:Limb From Limb","Sword Boomerang+1"],"picked":"SKIP","floor":19},{"not_picked":["Warcry","True Grit+1"],"picked":"Entrench+1","floor":20},{"not_picked":["ReplayTheSpireMod:Muscle Training","Warcry","Reckless Charge+1"],"picked":"SKIP","floor":22}],"player_experience":127675,"relics_obtained":[{"floor":7,"key":"PreservedInsect"},{"floor":9,"key":"Anchor"},{"floor":10,"key":"Paper Frog"},{"floor":13,"key":"Garlic"}],"event_choices":[{"damage_healed":0,"gold_gain":75,"player_choice":"Gather Gold","damage_taken":11,"max_hp_gain":0,"max_hp_loss":0,"event_name":"World of Goop","floor":2,"gold_loss":0},{"damage_healed":0,"gold_gain":0,"player_choice":"Paid Gold","damage_taken":0,"relics_obtained":["Charon\u0027s Ashes"],"max_hp_gain":0,"max_hp_loss":0,"event_name":"WeMeetAgain","floor":3,"gold_loss":127}],"is_beta":false,"boss_relics":[{"not_picked":["ReplayTheSpireMod:DimensionalGlitch","Replay:Wanted Poster"],"picked":"Astrolabe"}],"items_purged_floors":[11,21],"is_endless":false,"potions_floor_spawned":[7,13,16,18,19],"killed_by":"3 Cultists","ascension_level":2}}