{"host":"x6165drukuu8ns9f","time":1611793778,"event":{"mods":["100% Spire Juice","2.2 Compatiblity","Act Like it!","Aspiration","BaseMod","CapriCore","Colored Map","Colored Powertips","Conspire","Duelist Mod","GifTheSpireLib","Hubris","Minty Spire (QoL Compilation)","Pale of the Ancients","Spicy Shops","Spire Birthday Party","StSLib","SuperFastMode","The Blue Laboratory","The Valiant","[GremlinLeader]The Maniac","??????REMEMod"],"gold_per_floor":[85,115,169,217,53,149,149,200,227,314,314,419,503,21,21,312,312,345,399,185,221,272,371,455,183,260,317,365,426,456,456,456,771,930,987,690,732,765,615,615],"floor_reached":39,"language":"ENG","playtime":4434,"items_purged":["Retaliate"],"score":557,"play_id":"8deb7788-617e-4726-a217-898952d95a83","local_time":"20210128012938","daily_mods":["Vintage","Flight","Midas"],"is_ascension_mode":false,"campfire_choices":[{"floor":7,"key":"REST"},{"floor":11,"key":"REST"},{"floor":15,"key":"REST"},{"floor":32,"key":"REST"}],"circlet_count":0,"master_deck":["Strike_Valiant","Strike_Valiant","Strike_Valiant","Strike_Valiant","Strike_Valiant","Defend_Valiant","Defend_Valiant+1","Defend_Valiant","Defend_Valiant","BlindingLight","MinorHealing","MinorHealing+1","theDuelist:GhostOgre","FuriousSmite","ArcaneHealing","ToweringCharge","EmpoweringForce+1","Flash of Steel","Go for the Eyes","REME_BattleFury","CombatStance","UnyieldingZeal","Hello World","PiercingStab","Core Surge","Darkness"],"relics":["Cross Pendant","REME_ComplimentaryCards","Blood Vial","Toy Ornithopter","Orb Of Light","Lizard Tail","CeramicFish","REME_PuzzleBoxRelic","hubris:OldNail","Ice Cream","Thread and Needle","conspire:BottledYoYo","Boot","Pantograph","aspiration:DefectSkillbook","War Paint","Smiling Mask","hubris:Potato","hubris:Spice","Bottled Flame","Tiny Chest","Anchor","Winged Necklace","Kunai","aspiration:StickyExplosives_weak","Tiny House","Prayer Beads","Sling","Oddly Smooth Stone"],"acts_visited":["Exordium","TheCity","TheBeyond"],"potions_floor_usage":[6,12,23],"damage_taken":[{"damage":1,"enemies":"Cultist","floor":1,"turns":4},{"damage":2,"enemies":"conspire:RoseBush","floor":2,"turns":2},{"damage":10,"enemies":"Small Slimes","floor":3,"turns":2},{"damage":5,"enemies":"2 Fungi Beasts","floor":4,"turns":3},{"damage":56,"enemies":"Lagavulin","floor":6,"turns":6},{"damage":6,"enemies":"Exordium Wildlife","floor":8,"turns":3},{"damage":61,"enemies":"3 Sentries","floor":10,"turns":10},{"damage":14,"enemies":"Gremlin Nob","floor":12,"turns":4},{"damage":47,"enemies":"Lagavulin","floor":13,"turns":6},{"damage":84,"enemies":"The Guardian","floor":16,"turns":8},{"damage":4,"enemies":"Chosen","floor":18,"turns":4},{"damage":9,"enemies":"Shell Parasite","floor":19,"turns":4},{"damage":12,"enemies":"Cultist and Chosen","floor":21,"turns":5},{"damage":7,"enemies":"Snecko","floor":22,"turns":4},{"damage":31,"enemies":"theDuelist:KaibaA2","floor":23,"turns":4},{"damage":63,"enemies":"REME_1_Revenger","floor":24,"turns":5},{"damage":8,"enemies":"conspire:HollyBat","floor":27,"turns":6},{"damage":3,"enemies":"Centurion and Healer","floor":28,"turns":4},{"damage":2,"enemies":"Cultist and Chosen","floor":29,"turns":5},{"damage":1,"enemies":"conspire:HollyBat","floor":30,"turns":5},{"damage":16,"enemies":"conspire:MysteriousRune","floor":33,"turns":8},{"damage":0,"enemies":"Orb Walker","floor":35,"turns":3},{"damage":0,"enemies":"3 Shapes","floor":37,"turns":3},{"damage":1,"enemies":"Writhing Mass","floor":38,"turns":4}],"seed_played":"-1054416585883368816","potions_obtained":[{"floor":3,"key":"blueLaboratory:HeartbeatPotion"},{"floor":4,"key":"Block Potion"},{"floor":8,"key":"Fire Potion"},{"floor":16,"key":"blueLaboratory:ArtificerPotion"},{"floor":18,"key":"blueLaboratory:HorrorPotion"},{"floor":21,"key":"Fruit Juice"},{"floor":24,"key":"blueLaboratory:BubblePotion"}],"is_trial":true,"path_per_floor":["M","M","M","M","$","E","R","M","T","E","R","E","E","$","R","B",null,"M","M","$","M","M","E","E","$","T","M","M","M","M","?","R","B",null,"M","$","M","M","$"],"character_chosen":"TheValiant","items_purchased":["CeramicFish","FuriousSmite","Boot","Flash of Steel","Pantograph","Go for the Eyes","REME_BattleFury","Hello World","PiercingStab","Anchor","hubris:Spice","Sling","Oddly Smooth Stone"],"campfire_rested":4,"item_purchase_floors":[5,5,14,14,14,20,20,25,25,25,36,36,39],"current_hp_per_floor":[99,98,90,87,87,44,74,78,78,45,75,88,63,63,93,31,100,97,100,100,88,99,88,49,49,57,75,74,74,99,99,113,103,118,118,110,102,102,102,102],"gold":615,"neow_bonus":"","is_daily":false,"chose_seed":false,"campfire_upgraded":0,"win_rate":0.0,"timestamp":1611793778,"path_taken":["M","M","M","M","$","E","R","M","T","E","R","E","E","$","R","BOSS","M","M","$","M","M","E","E","$","T","?","M","M","M","?","R","BOSS","M","$","M","M","$"],"items_purchased_type":["Relic","Card","Relic","Card","Relic","Card","Card","Card","Card","Relic","Relic","Relic","Relic"],"build_version":"2020-12-22","purchased_purges":1,"victory":false,"max_hp_per_floor":[100,100,100,100,100,100,100,100,100,100,100,100,100,100,100,100,100,100,100,100,100,108,113,113,113,121,121,121,113,113,113,113,113,118,118,110,102,102,102,102],"card_choices":[{"not_picked":["QuickSiphon","AtAllCosts"],"picked":"ArcaneHealing","floor":6},{"not_picked":["Quickstep","FlashOfAnger"],"picked":"ToweringCharge","floor":10},{"not_picked":["InsightfulPrayer","TearPsyche"],"picked":"EmpoweringForce","floor":12},{"not_picked":["TakeAim","MightBracer"],"picked":"Retaliate","floor":13},{"not_picked":["SeekAnswers","Redo+1","FTL","PushOnward+1"],"picked":"CombatStance","floor":23},{"not_picked":["Rebound+1","RecklessSmite","Auto Shields"],"picked":"UnyieldingZeal","floor":24},{"not_picked":["HolyStorm","Echo Form","DeadlyPlay"],"picked":"Core Surge","floor":33},{"not_picked":["QuickSiphon","Compile Driver","Genetic Algorithm+1"],"picked":"Darkness","floor":34}],"player_experience":95820,"relics_obtained":[{"floor":1,"key":"Blood Vial"},{"floor":2,"key":"Toy Ornithopter"},{"floor":3,"key":"Orb Of Light"},{"floor":4,"key":"Lizard Tail"},{"floor":6,"key":"REME_PuzzleBoxRelic"},{"floor":9,"key":"hubris:OldNail"},{"floor":10,"key":"Ice Cream"},{"floor":12,"key":"Thread and Needle"},{"floor":13,"key":"conspire:BottledYoYo"},{"floor":18,"key":"War Paint"},{"floor":19,"key":"Smiling Mask"},{"floor":21,"key":"hubris:Potato"},{"floor":22,"key":"hubris:Spice"},{"floor":23,"key":"Bottled Flame"},{"floor":24,"key":"Tiny Chest"},{"floor":26,"key":"hubris:Spice"},{"floor":27,"key":"Winged Necklace"},{"floor":28,"key":"Kunai"},{"floor":29,"key":"hubris:Spice"},{"floor":30,"key":"aspiration:StickyExplosives_weak"},{"floor":35,"key":"Prayer Beads"},{"floor":37,"key":"hubris:Spice"}],"event_choices":[{"damage_healed":0,"gold_gain":0,"player_choice":"Ignored","damage_taken":0,"max_hp_gain":0,"max_hp_loss":0,"event_name":"Vampires","floor":31,"gold_loss":0}],"is_beta":false,"boss_relics":[{"not_picked":["hubris:GrandSneckoEye","Empty Cage"],"picked":"aspiration:DefectSkillbook"},{"not_picked":["hubris:Backtick","hubris:Spice"],"picked":"Tiny House"}],"items_purged_floors":[25],"is_endless":false,"potions_floor_spawned":[3,4,8,16,18,21,24,29,33,38],"ascension_level":0}}