{"host":"1vfpjvae9xcvmh7u","time":1611817906,"event":{"mods":["BaseMod","Downfall","Hermit","Hubris","Minty Spire (QoL Compilation)","Robot Space Explorer","StSLib","The Cursed","The Forsaken","The Necromancer","The Servant 0.9.4"],"gold_per_floor":[0,12,12,30,30,30,30,59,79,79,79,108,121,136,148,251,251,251,264,174,174,174,189,215,245,257,77,77,108,127,127,146,247,247,147,162,181,181,181,81,133,133,145,160,170,182,182,194,205,205],"floor_reached":51,"language":"ENG","playtime":5392,"items_purged":["champ:Strike","champ:Defend"],"score":826,"play_id":"fef4ea3c-ec53-47f2-965f-f280f1c91c31","local_time":"20210127231146","is_ascension_mode":true,"campfire_choices":[{"data":"champ:Taunt","floor":1,"key":"SMITH"},{"data":"champ:CheapShot","floor":11,"key":"SMITH"},{"data":"champ:TripleStrike","floor":18,"key":"SMITH"},{"data":"champ:StrikeOfGenius","floor":28,"key":"SMITH"},{"floor":35,"key":"RECALL"},{"data":"champ:ShieldWall","floor":40,"key":"SMITH"},{"data":"champ:StanceDance","floor":42,"key":"SMITH"},{"data":"expansioncontent:QuickStudy","floor":47,"key":"SMITH"}],"circlet_count":0,"master_deck":["champ:Strike","champ:Strike","champ:Defend","champ:Defend","champ:Execute+1","champ:Taunt+1","champ:StanceDance","champ:RageSigil","champ:StanceDance+1","champ:CheapShot+1","champ:StanceDance+1","champ:GutPunch+1","champ:HoldFirm","champ:TripleStrike+1","champ:FancyFootwork","champ:FocusedBerserking","champ:StanceDance+1","champ:Duel+1","champ:FocusedBerserking","champ:StrikeOfGenius+1","expansioncontent:QuickStudy+1","champ:ArenaPreparation","champ:SteelEdge","champ:ShieldWall+1","champ:RapidStrikes+1","champ:StanceDance+1","champ:HeartStrike+1","champ:FocusedBerserking+1","champ:IronFortress"],"relics":["champ:ChampionCrown","theForsaken:HumbleEgg","PreservedInsect","HornCleat","Runic Pyramid","Pen Nib","Regal Pillow","hubris:DisguiseKit","Medical Kit","Akabeko","hubris:Towel","hubris:VirtuousBlindfold","downfall:HeartBlessingGreen","hubris:Icosahedron","downfall:HeartBlessingRed","Nunchaku"],"acts_visited":["Exordium","TheCity","TheBeyond"],"potions_floor_usage":[12,14,16,23,27,43,46,50,50],"damage_taken":[{"damage":10,"enemies":"2 Louse","floor":2,"turns":3},{"damage":20,"enemies":"Small Slimes","floor":4,"turns":3},{"damage":0,"enemies":"Cultist","floor":6,"turns":1},{"damage":28,"enemies":"3 Sentries","floor":8,"turns":8},{"damage":11,"enemies":"Exordium Thugs","floor":9,"turns":4},{"damage":30,"enemies":"Lagavulin","floor":12,"turns":4},{"damage":1,"enemies":"3 Louse","floor":13,"turns":2},{"damage":5,"enemies":"Red Slaver","floor":14,"turns":2},{"damage":15,"enemies":"Large Slime","floor":15,"turns":3},{"damage":82,"enemies":"DF_ARCHETYPE_STREAMLINE","floor":16,"turns":7},{"damage":10,"enemies":"3 Byrds","floor":19,"turns":3},{"damage":65,"enemies":"downfall:FleeingMerchant","floor":20,"turns":5},{"damage":25,"enemies":"Cultist and Chosen","floor":23,"turns":3},{"damage":45,"enemies":"Gremlin Leader","floor":25,"turns":4},{"damage":40,"enemies":"Snecko","floor":26,"turns":3},{"damage":35,"enemies":"downfall:FleeingMerchant","floor":27,"turns":3},{"damage":25,"enemies":"Book of Stabbing","floor":29,"turns":3},{"damage":40,"enemies":"Snake Plant","floor":30,"turns":3},{"damage":35,"enemies":"Centurion and Healer","floor":32,"turns":3},{"damage":100,"enemies":"SI_MIRROR_ARCHETYPE","floor":33,"turns":5},{"damage":30,"enemies":"Orb Walker","floor":36,"turns":2},{"damage":50,"enemies":"3 Shapes","floor":37,"turns":3},{"damage":35,"enemies":"Spire Growth","floor":43,"turns":3},{"damage":90,"enemies":"Transient","floor":44,"turns":5},{"damage":72,"enemies":"Writhing Mass","floor":45,"turns":3},{"damage":10,"enemies":"Jaw Worm Horde","floor":46,"turns":2},{"damage":65,"enemies":"Transient","floor":48,"turns":5},{"damage":37,"enemies":"Sphere and 2 Shapes","floor":49,"turns":4},{"damage":140,"enemies":"IC_BLOCK_ARCHETYPE","floor":50,"turns":9}],"seed_played":"-5578476637560064610","potions_obtained":[{"floor":2,"key":"Guardian:BlockOnCardUsePotion"},{"floor":4,"key":"champ:OpenerPotion"},{"floor":10,"key":"Energy Potion"},{"floor":10,"key":"champ:UltimateStancePotion"},{"floor":12,"key":"ColorlessPotion"},{"floor":14,"key":"Regen Potion"},{"floor":23,"key":"hexamod:SoulburnPotion"},{"floor":30,"key":"hexamod:SoulburnPotion"},{"floor":32,"key":"Slimebound:ThreeZeroPotion"},{"floor":43,"key":"AttackPotion"},{"floor":45,"key":"Dexterity Potion"}],"is_trial":false,"path_per_floor":["R","M","?","M","?","M","T","E","M","?","R","E","M","M","M","B",null,"R","M","$","?","?","M","T","E","M","$","R","E","M","?","M","B",null,"R","M","M","?","?","R","T","R","M","M","M","M","R","M","M","B",null],"character_chosen":"THE_CHAMP","items_purchased":["Medical Kit","champ:StrikeOfGenius","expansioncontent:QuickStudy"],"campfire_rested":0,"item_purchase_floors":[27,27,27],"current_hp_per_floor":[90,90,90,90,90,90,90,82,81,81,81,81,80,80,80,68,90,90,90,90,90,82,82,82,82,82,82,82,82,82,82,82,72,90,90,90,90,90,90,90,90,90,90,90,78,83,83,83,81,24],"gold":205,"neow_bonus":"REMOVE_TWO","is_daily":false,"chose_seed":false,"campfire_upgraded":7,"win_rate":0.0,"timestamp":1611817906,"path_taken":["R","M","?","M","?","M","T","E","M","?","R","E","?","M","M","BOSS","R","M","$","?","?","M","T","E","?","$","R","E","M","?","M","BOSS","R","M","M","?","?","R","T","R","M","M","M","M","R","M","M","BOSS"],"items_purchased_type":["Relic","Card","Card"],"build_version":"2020-12-22","purchased_purges":2,"victory":true,"max_hp_per_floor":[90,90,90,90,90,90,90,90,90,90,90,90,90,90,90,90,90,90,90,90,90,90,90,90,90,90,90,90,90,90,90,90,90,90,90,90,90,90,90,90,90,90,90,90,90,90,90,90,90,90],"card_choices":[{"not_picked":["champ:Circumvent","champ:BringItOn"],"picked":"champ:StanceDance","floor":2},{"not_picked":["champ:FlashCut","champ:DefensiveStyle"],"picked":"champ:StanceDance","floor":4},{"not_picked":["champ:FlashCut","champ:TornadoPunch","champ:AdrenalArmor"],"picked":"SKIP","floor":6},{"not_picked":["champ:FancyFootwork","champ:SwordSigil"],"picked":"champ:CheapShot","floor":8},{"not_picked":["champ:Haymaker+1","champ:BerserkersShout+1"],"picked":"champ:StanceDance+1","floor":9},{"not_picked":["champ:Shatter+1","champ:CrookedStrike"],"picked":"champ:GutPunch+1","floor":12},{"not_picked":["champ:GutPunch+1","champ:FanOfKnives+1","champ:PerfectedStrike+1"],"picked":"SKIP","floor":13},{"not_picked":["champ:CrownThrow+1","champ:BladeFlurry+1"],"picked":"champ:HoldFirm","floor":14},{"not_picked":["champ:BerserkersShout+1","champ:EnGarde+1","champ:DefensiveShout+1"],"picked":"SKIP","floor":15},{"not_picked":["champ:LastStand","champ:EnchantCrown"],"picked":"champ:TripleStrike","floor":16},{"not_picked":["champ:FaceSlap","champ:GutPunch+1"],"picked":"champ:FancyFootwork","floor":19},{"not_picked":["champ:PerfectedStrike+1","champ:CrownThrow+1","champ:ShieldSigil+1"],"picked":"SKIP","floor":20},{"not_picked":["champ:DefensiveShout+1","champ:Circumvent+1"],"picked":"champ:FocusedBerserking","floor":23},{"not_picked":["champ:GutPunch+1","champ:EnragedBash"],"picked":"champ:StanceDance+1","floor":25},{"not_picked":["champ:PerfectedStrike+1","champ:Backstep+1","Entrench"],"picked":"champ:Duel+1","floor":26},{"not_picked":["champ:BladeFlurry+1","champ:TornadoPunch+1","Perfected Strike"],"picked":"champ:FocusedBerserking","floor":27},{"not_picked":["champ:SteelEdge","champ:DefensiveShout+1","Perfected Strike"],"picked":"champ:ArenaPreparation","floor":29},{"not_picked":["champ:DefensiveShout+1","champ:ShieldSigil+1","champ:Circumvent+1","Havoc"],"picked":"SKIP","floor":30},{"not_picked":["champ:ViciousMockery","champ:EnGarde+1","champ:Haymaker+1","Perfected Strike"],"picked":"SKIP","floor":32},{"not_picked":["champ:GladiatorForm","champ:EnchantCrown","Immolate"],"picked":"champ:SteelEdge","floor":33},{"not_picked":["champ:FlashCut+1","champ:Parry","champ:AdrenalArmor+1","Power Through"],"picked":"SKIP","floor":36},{"not_picked":["champ:Shatter+1","champ:PreciseThrust+1","Pummel"],"picked":"champ:ShieldWall","floor":37},{"not_picked":["champ:FlashCut+1","champ:IronFortress","Clothesline"],"picked":"champ:RapidStrikes+1","floor":43},{"not_picked":["champ:CrookedStrike+1","champ:Encircle","champ:Backstep+1","Ghostly Armor"],"picked":"SKIP","floor":44},{"not_picked":["champ:EnragedBash","champ:FocusedDefense+1","Searing Blow"],"picked":"champ:StanceDance+1","floor":45},{"not_picked":["champ:PreciseThrust+1","champ:AdrenalArmor+1","Thunderclap"],"picked":"champ:HeartStrike+1","floor":46},{"not_picked":["champ:DeathBlow+1","champ:RapidStrikes+1","Clothesline"],"picked":"champ:FocusedBerserking+1","floor":48},{"not_picked":["champ:Backstep+1","champ:Duel","Searing Blow"],"picked":"champ:IronFortress","floor":49}],"player_experience":1817994,"relics_obtained":[{"floor":7,"key":"theForsaken:HumbleEgg"},{"floor":8,"key":"PreservedInsect"},{"floor":12,"key":"HornCleat"},{"floor":24,"key":"Regal Pillow"},{"floor":25,"key":"hubris:DisguiseKit"},{"floor":29,"key":"Akabeko"},{"floor":41,"key":"Nunchaku"}],"event_choices":[{"damage_healed":0,"gold_gain":0,"player_choice":"Got Potions","damage_taken":0,"max_hp_gain":0,"max_hp_loss":0,"event_name":"Lab","floor":10,"gold_loss":0}],"is_beta":false,"boss_relics":[{"not_picked":["Tiny House","hubris:HollowSoul"],"picked":"Runic Pyramid"},{"not_picked":["Runic Dome","champ:ChampionCrownUpgraded"],"picked":"hubris:VirtuousBlindfold"}],"items_purged_floors":[20,27],"is_endless":false,"potions_floor_spawned":[2,4,12,14,23,30,32,36,43,45],"ascension_level":2}}