{"host":"p7wlqws89nwjeoph","time":1611846683,"event":{"mods":["BaseMod","Bestiary","Colored Powertips","Downfall","Minty Spire (QoL Compilation)","Quick Restart","StSLib"],"gold_per_floor":[99,117,217,217,229,329,329,329,329,343,360,8,8,36,49,49,49,49],"floor_reached":16,"language":"RUS","playtime":1424,"items_purged":[],"score":100,"play_id":"6c6f83ce-0865-44cf-8c31-bfdfdd3c6940","local_time":"20210128181123","is_ascension_mode":false,"campfire_choices":[{"data":"Guardian:TwinSlam","floor":1,"key":"SMITH"},{"floor":13,"key":"REST"}],"circlet_count":0,"master_deck":["Guardian:Strike_Guardian","Guardian:Strike_Guardian","Guardian:Defend_Guardian","Guardian:Defend_Guardian","Guardian:Defend_Guardian","Guardian:CurlUp","Guardian:TwinSlam+1","Guardian:Gem_Purple","Guardian:PolyBeam+1","Guardian:PiercingHide","Guardian:Gem_Cyan","Guardian:ChargeCore","Guardian:WalkerClaw","Guardian:GuardianWhirl","Guardian:Incinerate","Guardian:SentryBeam","Guardian:BronzeArmor"],"relics":["Guardian:ModeShifter","bronze:DecasWashers","Ancient Tea Set","Question Card","HandDrill","Anchor","Peace Pipe"],"acts_visited":["Exordium"],"potions_floor_usage":[11,14,16],"damage_taken":[{"damage":7,"enemies":"Small Slimes","floor":2,"turns":3},{"damage":9,"enemies":"Jaw Worm","floor":5,"turns":4},{"damage":41,"enemies":"downfall:Heads","floor":6,"turns":9},{"damage":6,"enemies":"Cultist","floor":10,"turns":5},{"damage":0,"enemies":"2 Fungi Beasts","floor":11,"turns":3},{"damage":5,"enemies":"downfall:FleeingMerchant","floor":12,"turns":4},{"damage":8,"enemies":"3 Sentries","floor":14,"turns":7},{"damage":4,"enemies":"Exordium Wildlife","floor":15,"turns":4},{"damage":23,"enemies":"DF_ARCHETYPE_STREAMLINE","floor":16,"turns":9}],"seed_played":"-2880331696514006864","potions_obtained":[{"floor":6,"key":"Slimebound:ThreeZeroPotion"},{"floor":14,"key":"Fruit Juice"},{"floor":15,"key":"Block Potion"}],"is_trial":false,"path_per_floor":["R","M","?","?","M","?","T","T","?","M","M","$","R","E","M","B"],"character_chosen":"GUARDIAN","items_purchased":["HandDrill","Anchor","Guardian:Incinerate"],"campfire_rested":1,"item_purchase_floors":[12,12,12],"current_hp_per_floor":[88,81,81,81,72,31,31,31,13,7,7,2,28,25,21,0,0,0],"gold":49,"neow_bonus":"TEN_PERCENT_HP_BONUS","is_daily":false,"chose_seed":false,"campfire_upgraded":1,"win_rate":0.0,"timestamp":1611846683,"path_taken":["R","M","?","?","?","?","T","?","?","M","M","?","R","E","M","BOSS"],"items_purchased_type":["Relic","Relic","Card"],"build_version":"2020-12-22","purchased_purges":0,"victory":false,"max_hp_per_floor":[88,88,88,88,88,88,88,88,88,88,88,88,88,93,93,93,93,93],"card_choices":[{"not_picked":["Guardian:Reroute","Guardian:PrismaticBeam"],"picked":"Guardian:Gem_Purple","floor":2},{"not_picked":["Guardian:TimeCapacitor","Guardian:Recover"],"picked":"Guardian:PolyBeam","floor":5},{"not_picked":["Guardian:StasisField","Guardian:ArmoredProtocol"],"picked":"Guardian:Gem_Cyan","floor":6},{"not_picked":["Guardian:Planning","Guardian:TemporalStrike","Guardian:FloatingOrbs"],"picked":"Guardian:ChargeCore","floor":10},{"not_picked":["Guardian:MultiBeam","Guardian:Recover","Guardian:Preprogram"],"picked":"Guardian:WalkerClaw","floor":11},{"not_picked":["Guardian:Recover","Guardian:TemporalShield","Guardian:Gem_Cyan"],"picked":"Guardian:GuardianWhirl","floor":12},{"not_picked":["Guardian:Incinerate","Guardian:TemporalStrike","Guardian:Gem_Green"],"picked":"Guardian:SentryBeam","floor":14},{"not_picked":["Guardian:RollAttack","Guardian:PolyBeam","Guardian:BronzeOrb"],"picked":"Guardian:BronzeArmor","floor":15}],"player_experience":296902,"relics_obtained":[{"floor":7,"key":"bronze:DecasWashers"},{"floor":8,"key":"Ancient Tea Set"},{"floor":14,"key":"Peace Pipe"}],"event_choices":[{"cards_removed":["Guardian:Strike_Guardian"],"damage_healed":0,"gold_gain":0,"player_choice":"Offered Basic","damage_taken":0,"max_hp_gain":0,"max_hp_loss":0,"event_name":"Bonfire Elementals","floor":4,"gold_loss":0},{"damage_healed":0,"gold_gain":0,"player_choice":"Success","damage_taken":18,"relics_obtained":["Question Card"],"max_hp_gain":0,"max_hp_loss":0,"event_name":"Scrap Ooze","floor":9,"gold_loss":0}],"is_beta":false,"boss_relics":[],"items_purged_floors":[],"is_endless":false,"potions_floor_spawned":[6,14,15],"killed_by":"DF_ARCHETYPE_STREAMLINE","ascension_level":0}}