{"host":"58njlu7hme3ojrlz","time":1611801814,"event":{"mods":["AchievementEnabler","Act Like it!","Arknights The Spire","BaseMod","Block Reminder","Colored Map","Colored Powertips","DeckTracker","Downfall","Gensokyo","Hallownest","Highlight Path","Infinite Spire","Marisa????????","Minty Spire (QoL Compilation)","Relic Sorter","Replay The Spire","StSLib","The Alterego","The Bug Knight","The Servant 0.9.4","The Wild Card"],"gold_per_floor":[110,110,130,145,157,184,184,196,196,211,211,211,227,272,272,272,272],"floor_reached":16,"language":"ENG","playtime":1931,"items_purged":[],"score":104,"play_id":"f616c82f-51d8-45b8-bd5c-c925557727d6","local_time":"20210128094334","is_ascension_mode":false,"campfire_choices":[{"data":"HollowMod:ShapeofUnn","floor":7,"key":"SMITH"},{"floor":12,"key":"REST"},{"floor":15,"key":"REST"}],"circlet_count":0,"master_deck":["HollowMod:NailStrikeStart","HollowMod:NailStrikeStart","HollowMod:NailStrikeStart","HollowMod:NailStrikeStart","HollowMod:QuickDashStart","HollowMod:QuickDashStart","HollowMod:QuickDashStart","HollowMod:QuickDashStart","HollowMod:FocusHealStart","HollowMod:PogoStrike","HollowMod:CoiledNail","HollowMod:MonarchWings","HollowMod:SoulEater","HollowMod:DashSlash","HollowMod:ShapeofUnn+1","HollowMod:Grubsong","HollowMod:DoubleDash","HollowMod:HowlingWraiths"],"relics":["HollowMod:VesselMask","NeowsBlessing","Hallownest:DreamNailRelic","Darkstone Periapt","InkBottle","Tiny Chest"],"acts_visited":["Hallownest:Greenpath"],"potions_floor_usage":[16],"damage_taken":[{"damage":0,"enemies":"Hallownest:2_MossCreeps","floor":1,"turns":1},{"damage":0,"enemies":"Hallownest:monsterHuskGuard","floor":3,"turns":1},{"damage":0,"enemies":"Hallownest:2_Baldur","floor":4,"turns":1},{"damage":19,"enemies":"Hallownest:monsterFoolEater","floor":5,"turns":6},{"damage":24,"enemies":"Hallownest:eliteMossKnight","floor":6,"turns":15},{"damage":16,"enemies":"Hallownest:Guard_and_Warrior","floor":8,"turns":11},{"damage":40,"enemies":"Hallownest:1_Ooma_and_2_Uuma","floor":10,"turns":14},{"damage":3,"enemies":"Hallownest:MossCreep_and_Mosskin","floor":13,"turns":9},{"damage":85,"enemies":"Hallownest:BossHornet","floor":16,"turns":23}],"seed_played":"-8209163809376541834","potions_obtained":[{"floor":4,"key":"Dexterity Potion"},{"floor":5,"key":"Elixir"},{"floor":8,"key":"Toxic Potion"},{"floor":10,"key":"CultistPotion"}],"is_trial":false,"path_per_floor":["M","?","M","M","M","E","R","M","T","M","?","R","M","T","R","B"],"character_chosen":"THE_BUGKNIGHT","items_purchased":[],"campfire_rested":2,"item_purchase_floors":[],"current_hp_per_floor":[75,75,75,75,61,49,49,45,45,17,17,39,46,46,68,0,0],"gold":272,"neow_bonus":"THREE_ENEMY_KILL","is_daily":false,"chose_seed":false,"campfire_upgraded":1,"win_rate":0.0,"timestamp":1611801814,"path_taken":["M","?","M","?","M","E","R","M","T","?","?","R","M","?","R","BOSS"],"items_purchased_type":[],"build_version":"2020-12-22","purchased_purges":0,"victory":false,"max_hp_per_floor":[75,75,75,75,75,75,75,75,75,75,75,75,75,75,75,75,75],"card_choices":[{"not_picked":["HollowMod:DungDefenderAura","HollowMod:ChannelNail"],"picked":"HollowMod:CoiledNail","floor":1},{"not_picked":["HollowMod:LifebloodCocoon","HollowMod:DescendingDark"],"picked":"HollowMod:MonarchWings","floor":3},{"not_picked":["HollowMod:TaintedHusks","HollowMod:SiblingsSouls"],"picked":"HollowMod:SoulEater","floor":4},{"not_picked":["HollowMod:BlackTendrils","HollowMod:VengefulVoid"],"picked":"HollowMod:DashSlash","floor":5},{"not_picked":["HollowMod:CrystalDash","HollowMod:ShadowDash"],"picked":"HollowMod:ShapeofUnn","floor":6},{"not_picked":["HollowMod:InfectionAssault","HollowMod:SoulEater"],"picked":"HollowMod:Grubsong","floor":8},{"not_picked":["HollowMod:SiblingsSouls","HollowMod:ShadowDash"],"picked":"HollowMod:DoubleDash","floor":10},{"not_picked":["HollowMod:ZotesMagnificence","HollowMod:NewJinnsSoul"],"picked":"HollowMod:HowlingWraiths","floor":13}],"player_experience":128469,"relics_obtained":[{"floor":6,"key":"Darkstone Periapt"},{"floor":9,"key":"InkBottle"},{"floor":14,"key":"Tiny Chest"}],"event_choices":[],"is_beta":false,"boss_relics":[],"items_purged_floors":[],"is_endless":false,"potions_floor_spawned":[4,5,8,10],"killed_by":"Hallownest:BossHornet","ascension_level":0}}