{"host":"6jrd8fn9k88n08be","time":1611865545,"event":{"mods":["BaseMod","Minty Spire (QoL Compilation)","StSLib"],"gold_per_floor":[163,163,173,183,183,183,208,208,208,233,12,12,12,22,22,120,120,132,152,1,17,28,28,43,69,137,137,137],"floor_reached":27,"language":"ENG","playtime":1356,"items_purged":["Strike_P"],"score":308,"play_id":"bcddf436-3b2a-4b04-87be-2507843291af","local_time":"20210128152545","is_ascension_mode":true,"campfire_choices":[{"data":"Eruption","floor":6.0,"key":"SMITH"},{"data":"Vigilance","floor":8.0,"key":"SMITH"},{"data":"WheelKick","floor":13,"key":"SMITH"},{"data":"Adaptation","floor":15,"key":"SMITH"},{"floor":23,"key":"REST"}],"circlet_count":0,"master_deck":["Strike_P","Strike_P","Strike_P+1","Defend_P","Defend_P","Defend_P","Defend_P","Eruption+1","Vigilance+1","FollowUp","Adaptation+1","ThirdEye","Swivel","EmptyMind","WheelKick+1","BootSequence","Bullet Time","TalkToTheHand","Choke","FearNoEvil","Cloak And Dagger","Heavy Blade"],"relics":["Tiny House","Dead Branch","Bag of Marbles","Singing Bowl","Boot","PrismaticShard","VioletLotus","Sling","Frozen Egg 2","Molten Egg 2"],"acts_visited":["Exordium","TheCity"],"potions_floor_usage":[10,16,21,22],"damage_taken":[{"damage":4.0,"enemies":"Jaw Worm","floor":1.0,"turns":2.0},{"damage":5.0,"enemies":"2 Louse","floor":3.0,"turns":2.0},{"damage":3.0,"enemies":"Cultist","floor":4.0,"turns":4.0},{"damage":0.0,"enemies":"Gremlin Nob","floor":7.0,"turns":2.0},{"damage":20,"enemies":"3 Sentries","floor":10,"turns":7},{"damage":0,"enemies":"3 Louse","floor":14,"turns":4},{"damage":20,"enemies":"Slime Boss","floor":16,"turns":9},{"damage":7,"enemies":"2 Thieves","floor":18,"turns":2},{"damage":0,"enemies":"Chosen","floor":19,"turns":3},{"damage":14,"enemies":"Centurion and Healer","floor":21,"turns":7},{"damage":23,"enemies":"Sentry and Sphere","floor":22,"turns":5},{"damage":0,"enemies":"Snecko","floor":24,"turns":3},{"damage":29,"enemies":"Book of Stabbing","floor":25,"turns":5},{"damage":42,"enemies":"Slavers","floor":27,"turns":3}],"seed_played":"-2956272404672573574","potions_obtained":[{"floor":0.0,"key":"BottledMiracle"},{"floor":4.0,"key":"BlessingOfTheForge"},{"floor":10,"key":"Weak Potion"},{"floor":18,"key":"SkillPotion"},{"floor":21,"key":"EssenceOfSteel"}],"is_trial":false,"path_per_floor":["M","?","M","M","?","R","E","R","T","E","$","$","R","M","R","B",null,"M","M","$","M","M","R","M","E","T","E"],"character_chosen":"WATCHER","items_purchased":["PrismaticShard","Sling"],"campfire_rested":1,"item_purchase_floors":[11,20],"current_hp_per_floor":[73,78,73,70,58,58,58,58,58,38,38,38,38,38,38,18,82,75,75,75,61,38,62,64,35,35,0,0],"gold":137,"neow_bonus":"BOSS_RELIC","is_daily":false,"chose_seed":false,"campfire_upgraded":4,"win_rate":0.0,"timestamp":1611865545,"path_taken":["M","?","M","M","?","R","E","R","T","E","?","$","R","M","R","BOSS","M","M","$","M","M","R","M","E","T","E"],"items_purchased_type":["Relic","Relic"],"build_version":"2020-12-22","purchased_purges":1,"victory":false,"max_hp_per_floor":[77,82,82,82,82,82,82,82,82,82,82,82,82,82,82,82,82,82,82,82,82,82,82,84,84,84,84,84],"card_choices":[{"not_picked":["EmptyBody","ClearTheMind"],"picked":"FollowUp","floor":0.0},{"not_picked":["Sanctity","Crescendo"],"picked":"Adaptation","floor":1.0},{"not_picked":["Adaptation","SignatureMove"],"picked":"ThirdEye","floor":3.0},{"not_picked":["ThirdEye","WreathOfFlame"],"picked":"Swivel","floor":4.0},{"not_picked":["Consecrate","EmptyFist"],"picked":"EmptyMind","floor":7.0},{"not_picked":["WreathOfFlame","FlurryOfBlows"],"picked":"WheelKick","floor":10},{"not_picked":["Conclude","Warcry"],"picked":"BootSequence","floor":14},{"not_picked":["Establishment","Metamorphosis"],"picked":"Bullet Time","floor":16},{"not_picked":["Outmaneuver","Halt+1"],"picked":"TalkToTheHand","floor":18},{"not_picked":["Genetic Algorithm+1","Nirvana"],"picked":"Choke","floor":19},{"not_picked":["Conserve Battery","CrushJoints"],"picked":"FearNoEvil","floor":21},{"not_picked":["Dark Embrace","Combust+1"],"picked":"Cloak And Dagger","floor":22},{"not_picked":["Wild Strike","Coolheaded","Uppercut"],"picked":"Singing Bowl","floor":24},{"not_picked":["Consecrate","Consume"],"picked":"Heavy Blade","floor":25}],"player_experience":130956,"relics_obtained":[{"floor":7.0,"key":"Bag of Marbles"},{"floor":9.0,"key":"Singing Bowl"},{"floor":10,"key":"Boot"},{"floor":25,"key":"Frozen Egg 2"},{"floor":26,"key":"Molten Egg 2"}],"event_choices":[{"damage_healed":0.0,"max_hp_gain":5.0,"max_hp_loss":0.0,"gold_gain":0.0,"event_name":"Big Fish","player_choice":"Donut","floor":2.0,"gold_loss":0.0,"damage_taken":0.0},{"damage_healed":0.0,"max_hp_gain":0.0,"max_hp_loss":0.0,"gold_gain":0.0,"event_name":"Scrap Ooze","player_choice":"Success","floor":5.0,"gold_loss":0.0,"damage_taken":12.0,"relics_obtained":["Dead Branch"]}],"is_beta":false,"boss_relics":[{"not_picked":["Fusion Hammer","Cursed Key"],"picked":"VioletLotus"}],"items_purged_floors":[11],"is_endless":false,"potions_floor_spawned":[4,10,18,21],"killed_by":"Slavers","ascension_level":3}}