{"host":"ut3qe46kys7sl3ey","time":1611792509,"event":{"mods":["2.2 Compatiblity","AchievementEnabler","Bard","BaseMod","Bestiary","Better Altar","Better Match","Better Note","Better Sensory Stone","Better Skull","Better Third Choice","BetterRewards","Block Reminder","Colored Map","Colored Powertips","Curses Come First","DeckTracker","Downfall","Energized Spire","Friendly Minions","Highlight Path","Hubris","Infinite Spire","Minty Spire (QoL Compilation)","Permanent Neow","Quick Restart","Random Character Button","Relic Sorter","Relic Stats","Reliquary","Replay The Spire","StSLib","The Blue Laboratory","The Bug Knight","The Construct","The Cursed","The Jungle","The Mystic","The Spell Scribe","Unceasing Turn Reminder","Unknown Chances","Wandering Minibosses"],"gold_per_floor":[116,128,128,146,166,193,193,221,244,255,255,274,286,306,306,403,403,418,432,707,727,745,775,794,794,794,822,822,822,842,842,842,942,942,955,975,975,995,995,995,995,355,379,165,181,131,150,169,169,169,169],"floor_reached":50,"language":"ENG","playtime":5896,"items_purged":["Regret","Languid","HollowMod:NailStrikeStart","HollowMod:NailStrikeStart","HollowMod:NailStrikeStart"],"score":500,"play_id":"de437c0b-d8bd-4427-8fff-89df30bd113f","local_time":"20210128020829","is_ascension_mode":false,"campfire_choices":[{"floor":25,"key":"REST"},{"floor":32,"key":"REST"},{"floor":40,"key":"REST"}],"circlet_count":0,"master_deck":["HollowMod:NailStrikeStart","HollowMod:QuickDashStart","HollowMod:QuickDashStart","HollowMod:QuickDashStart","HollowMod:FocusHealStart+1","HollowMod:PogoStrike","HollowMod:VengefulSpirit","HollowMod:HowlingWraiths","Apotheosis+1","HollowMod:SoulStrike","HollowMod:SoulStrike","HollowMod:SoulStrike","HollowMod:CycloneSlash","HollowMod:DoubleDash","HollowMod:QuirrelsAssistance+1","HollowMod:GoodIntentions","HollowMod:GreatSlash+1","HollowMod:Hiveblood","HollowMod:SharpenedNail","HollowMod:DoubleDash","HollowMod:CycloneSlash","HollowMod:PureVessel","HollowMod:HowlingWraiths","HollowMod:ChannelNail+1","HollowMod:DoubleDash+1","HollowMod:SoulVessel","HollowMod:AwokenDreamNail","HollowMod:DashSlash+1","HollowMod:CycloneSlash+1","HollowMod:MawleksShell","hubris:NaturalOne"],"relics":["HollowMod:VesselMask","hubris:Stopwatch","hubris:Icosahedron","reliquary:ExpiredCoupon","hubris:Towel","Replay:Wax Seal","Smiling Mask","construct:ClawGrip","reliquary:BallBearing","Ginger","infinitespire:Satchel","Ring of Peace","War Paint","Sling","construct:FoamFinger","Simple Rune"],"acts_visited":["Exordium","TheCity","TheBeyond"],"potions_floor_usage":[12,16,16,27,33,33,50,50,50],"damage_taken":[{"damage":1.0,"enemies":"Jaw Worm","floor":1.0,"turns":3.0},{"damage":0.0,"enemies":"Small Slimes","floor":2.0,"turns":2.0},{"damage":0,"enemies":"infinitespire:Voidling","floor":4,"turns":4},{"damage":8,"enemies":"Red Slaver","floor":5,"turns":3},{"damage":23,"enemies":"HollowMod:MossKnight","floor":6,"turns":7},{"damage":29,"enemies":"Gremlin Nob","floor":8,"turns":4},{"damage":1,"enemies":"2 Fungi Beasts","floor":10,"turns":3},{"damage":9,"enemies":"Large Slime","floor":12,"turns":6},{"damage":1,"enemies":"Red Slaver","floor":13,"turns":4},{"damage":2,"enemies":"3 Louse","floor":14,"turns":2},{"damage":10,"enemies":"HollowMod:FalseKnight","floor":16,"turns":10},{"damage":22,"enemies":"Shell Parasite","floor":18,"turns":6},{"damage":29,"enemies":"Chosen","floor":19,"turns":6},{"damage":42,"enemies":"Centurion and Healer","floor":21,"turns":5},{"damage":25,"enemies":"Cultist and Chosen","floor":22,"turns":8},{"damage":31,"enemies":"Replay:Snechameleon","floor":23,"turns":8},{"damage":23,"enemies":"3 Cultists","floor":24,"turns":3},{"damage":50,"enemies":"Nightmare","floor":27,"turns":7},{"damage":25,"enemies":"Shelled Parasite and Fungi","floor":30,"turns":5},{"damage":72,"enemies":"Automaton","floor":33,"turns":13},{"damage":19,"enemies":"3 Shapes","floor":35,"turns":6},{"damage":2,"enemies":"Orb Walker","floor":36,"turns":5},{"damage":32,"enemies":"Maw","floor":38,"turns":9},{"damage":0,"enemies":"Writhing Mass","floor":45,"turns":1},{"damage":0,"enemies":"HollowMod:SlobberingHusk","floor":47,"turns":1},{"damage":11,"enemies":"3 Darklings","floor":48,"turns":3},{"damage":93,"enemies":"Time Eater","floor":50,"turns":11}],"seed_played":"-6971415438492493869","potions_obtained":[{"floor":2,"key":"blueLaboratory:BubblePotion"},{"floor":4,"key":"blueLaboratory:HorrorPotion"},{"floor":8,"key":"blueLaboratory:RememoryPotion"},{"floor":12,"key":"champ:CounterPotion"},{"floor":16,"key":"blueLaboratory:AbyssPotion"},{"floor":18,"key":"blueLaboratory:BottledHope"},{"floor":23,"key":"blueLaboratory:HorrorPotion"},{"floor":27,"key":"blueLaboratory:FrostheartPotion"},{"floor":35,"key":"construct:ShiftPotion"},{"floor":38,"key":"blueLaboratory:BottleOfRum"},{"floor":47,"key":"EssenceOfSteel"}],"is_trial":false,"path_per_floor":["M","M","?","M","M","E","?","E","T","M","?","M","M","M","R_BF","B",null,"M","M","?","M","M","E","M","R","T","NM","AVR","?","M","?","R","B",null,"M","M","AVR","M","?","R","?","$","T","$","M","$","M","M","R_BF","B"],"character_chosen":"THE_BUGKNIGHT","items_purchased":["HollowMod:SoulVessel","Sling","blueLaboratory:FruitPunch","construct:FoamFinger","Guardian:BlockOnCardUsePotion","HollowMod:AwokenDreamNail"],"campfire_rested":3,"item_purchase_floors":[42,42,42,42,42,44],"current_hp_per_floor":[75,75,75,75,67,54,54,25,25,30,30,31,40,38,60,56,75,74,73,73,63,66,62,54,75,75,47,47,47,28,28,50,12,75,66,70,70,58,58,75,75,75,75,75,75,75,75,70,70,0,0],"gold":169,"neow_bonus":"UPGRADE_CARD","is_daily":false,"chose_seed":false,"campfire_upgraded":0,"win_rate":0.0,"timestamp":1611792509,"path_taken":["M","M","?","M","M","E","?","E","T","M","?","M","M","M","R_BF","BOSS","M","M","?","?","M","E","M","R","T","NM","AVR","?","M","?","R","BOSS","M","M","AVR","M","?","R","?","$","T","$","?","?","M","M","R_BF","BOSS"],"items_purchased_type":["Card","Relic","Potion","Relic","Potion","Card"],"build_version":"2020-12-22","purchased_purges":5,"victory":false,"max_hp_per_floor":[75,75,75,75,75,75,75,75,75,75,75,75,75,75,75,75,75,75,75,75,75,75,75,75,75,75,75,75,75,75,75,75,75,75,75,75,75,75,75,75,75,75,75,75,75,75,75,75,75,75,75],"relic_stats":{"counters":[27,145],"Ginger":[32],"War Paint":["HollowMod:QuickDashStart","HollowMod:QuickDashStart"],"Smiling Mask":150,"obtain_stats":[{"construct:ClawGrip":17,"construct:FoamFinger":42,"HollowMod:VesselMask":0,"Ginger":27,"hubris:Towel":7,"War Paint":37,"Smiling Mask":9,"Sling":42,"reliquary:ExpiredCoupon":6,"hubris:Icosahedron":39,"Ring of Peace":31,"hubris:Stopwatch":34,"infinitespire:Satchel":28,"Simple Rune":43,"reliquary:BallBearing":26,"Replay:Wax Seal":8},{"construct:ClawGrip":11,"construct:FoamFinger":23,"HollowMod:VesselMask":0,"Ginger":18,"hubris:Towel":5,"War Paint":22,"Smiling Mask":6,"Sling":23,"reliquary:ExpiredCoupon":5,"hubris:Icosahedron":23,"Ring of Peace":19,"hubris:Stopwatch":20,"infinitespire:Satchel":18,"Simple Rune":23,"reliquary:BallBearing":17,"Replay:Wax Seal":6},{"construct:ClawGrip":48,"construct:FoamFinger":129,"HollowMod:VesselMask":0,"Ginger":91,"hubris:Towel":19,"War Paint":120,"Smiling Mask":23,"Sling":129,"reliquary:ExpiredCoupon":19,"hubris:Icosahedron":129,"Ring of Peace":96,"hubris:Stopwatch":109,"infinitespire:Satchel":91,"Simple Rune":129,"reliquary:BallBearing":84,"Replay:Wax Seal":23}]},"card_choices":[{"not_picked":["HollowMod:SoulVessel","HollowMod:SiblingsSouls"],"picked":"HollowMod:VengefulSpirit","floor":1.0},{"not_picked":["HollowMod:CornifersMapStart","HollowMod:InfectedCysts"],"picked":"HollowMod:HowlingWraiths","floor":2},{"not_picked":["HollowMod:SoulSplash","HollowMod:BaldurShell"],"picked":"HollowMod:SoulStrike","floor":4},{"not_picked":["HollowMod:NewJinnsSoul","HollowMod:MawleksShell"],"picked":"HollowMod:SoulStrike","floor":5},{"not_picked":["HollowMod:InfectedCysts","HollowMod:CornifersMapStart"],"picked":"HollowMod:SoulStrike","floor":6},{"not_picked":["HollowMod:FallenFury","HollowMod:Hiveblood"],"picked":"HollowMod:CycloneSlash","floor":8},{"not_picked":["HollowMod:AbyssShriek","HollowMod:TaintedHusks"],"picked":"HollowMod:DoubleDash","floor":10},{"not_picked":["HollowMod:RecoilStrike+1","HollowMod:BrokenVessel+1"],"picked":"HollowMod:QuirrelsAssistance+1","floor":11},{"not_picked":["HollowMod:InfectedAttack","HollowMod:CoiledNail"],"picked":"HollowMod:GoodIntentions","floor":12},{"not_picked":["HollowMod:TaintedHusks","HollowMod:GoodIntentions"],"picked":"HollowMod:GreatSlash","floor":13},{"not_picked":["HollowMod:VengefulVoid","HollowMod:WraithStrike","HollowMod:NewGlowingWomb"],"picked":"SKIP","floor":14},{"not_picked":["HollowMod:VoidDash","HollowMod:HornetsHelp"],"picked":"HollowMod:Hiveblood","floor":16},{"not_picked":["HollowMod:SharpenedShadows+1","HollowMod:InfectedCysts"],"picked":"HollowMod:SharpenedNail","floor":18},{"not_picked":["HollowMod:LifebloodCocoon","HollowMod:SharpenedNail"],"picked":"HollowMod:DoubleDash","floor":19},{"not_picked":["HollowMod:DescendingDark","HollowMod:BlackTendrils"],"picked":"HollowMod:CycloneSlash","floor":21},{"not_picked":["HollowMod:NewJinnsSoul","HollowMod:WraithStrike+1"],"picked":"HollowMod:PureVessel","floor":22},{"not_picked":["HollowMod:NewGlowingWomb+1","HollowMod:VengefulVoid","HollowMod:HeavyBlow"],"picked":"SKIP","floor":23},{"not_picked":["HollowMod:WraithStrike","HollowMod:theNailsmith","HollowMod:GreatSlash"],"picked":"SKIP","floor":24},{"not_picked":["HollowMod:NewJinnsSoul","HollowMod:VengefulSpirit"],"picked":"HollowMod:HowlingWraiths","floor":27},{"not_picked":["HollowMod:InfectionAssault","HollowMod:NewJinnsSoul","HollowMod:SoulSplash+1"],"picked":"SKIP","floor":30},{"not_picked":["HollowMod:NewGlowingWomb","HollowMod:MothsMistake+1"],"picked":"HollowMod:ChannelNail+1","floor":35},{"not_picked":["HollowMod:SiblingsSouls","HollowMod:ShadowDash"],"picked":"HollowMod:DoubleDash","floor":36},{"not_picked":["HollowMod:ChannelNail+1","HollowMod:SiblingsSouls+1","HollowMod:QuirrelsAssistance"],"picked":"SKIP","floor":38},{"not_picked":["HollowMod:DescendingDark+1","HollowMod:GrimmsGift"],"picked":"HollowMod:DashSlash+1","floor":45},{"not_picked":["HollowMod:QuirrelsAssistance","HollowMod:MawleksShell+1","HollowMod:InfectedAttack+1"],"picked":"SKIP","floor":47},{"not_picked":["HollowMod:VengefulSpirit","HollowMod:InfectionAssault"],"picked":"HollowMod:CycloneSlash+1","floor":48}],"player_experience":178996,"relics_obtained":[{"floor":6,"key":"reliquary:ExpiredCoupon"},{"floor":8,"key":"Replay:Wax Seal"},{"floor":9,"key":"Smiling Mask"},{"floor":26,"key":"reliquary:BallBearing"},{"floor":27,"key":"Ginger"},{"floor":31,"key":"Ring of Peace"},{"floor":43,"key":"Simple Rune"}],"event_choices":[{"damage_healed":75,"gold_gain":0,"player_choice":"Embrace","damage_taken":0,"max_hp_gain":0,"max_hp_loss":75,"event_name":"betterThird:BetterShining","floor":3,"gold_loss":0},{"damage_healed":0,"gold_gain":0,"player_choice":"2","damage_taken":0,"max_hp_gain":0,"max_hp_loss":0,"event_name":"betterMatch:BetterMatch","floor":11,"gold_loss":0,"cards_obtained":["betterMatch:UncommonCard"]},{"damage_healed":0,"gold_gain":275,"player_choice":"Desecrate","damage_taken":0,"max_hp_gain":0,"max_hp_loss":0,"event_name":"Golden Shrine","floor":20,"gold_loss":0,"cards_obtained":["Regret"]},{"cards_removed":["Apotheosis"],"damage_healed":0,"gold_gain":0,"player_choice":"Give","damage_taken":0,"max_hp_gain":0,"max_hp_loss":0,"event_name":"betterNote:BetterNote","floor":29,"gold_loss":0,"cards_obtained":["None"]},{"damage_healed":0,"gold_gain":0,"player_choice":"Upgraded","damage_taken":0,"max_hp_gain":0,"max_hp_loss":0,"event_name":"Upgrade Shrine","floor":41,"gold_loss":0,"cards_upgraded":["HollowMod:DoubleDash"]}],"is_beta":false,"boss_relics":[{"not_picked":["Honey Jar","Painkiller Herb"],"picked":"construct:ClawGrip"},{"not_picked":["reliquary:RedPaperclip","Kintsugi"],"picked":"hubris:Stopwatch"}],"items_purged_floors":[28,37,42,44,46],"is_endless":true,"potions_floor_spawned":[2,4,8,12,14,16,18,23,27,35,38,47,48],"killed_by":"Time Eater","ascension_level":0}}