{"host":"kydqlojjt9mno5rv","time":1611867091,"event":{"mods":["AchievementEnabler","BaseMod","Colored Powertips","Curses Come First","DeckTracker","Minty Spire (QoL Compilation)","Quick Restart","Replay The Spire","Shop Mod","Spicy Shops","StSLib","SuperFastMode","Synergy Search","Weighted Paths"],"gold_per_floor":[116,116,130,130,1,1,36,36,36,47,64,83,100,115,115,115,115],"floor_reached":16,"language":"ENG","playtime":619,"items_purged":[],"score":142,"play_id":"c347ab8e-9bad-4521-ad54-57718f704582","local_time":"20210128155131","is_ascension_mode":true,"campfire_choices":[{"floor":6,"key":"REST"},{"data":"Replay:Sssssssssshield","floor":8,"key":"SMITH"},{"floor":15,"key":"REST"}],"circlet_count":0,"master_deck":["Strike_R","Strike_R","Strike_R","Strike_R","Strike_R","Defend_R","Defend_R","Defend_R","Defend_R","Bash","Entrench","Entrench","Disarm","Replay:Sssssssssshield+1","Flex+1","Body Slam","Body Slam","Body Slam","Pummel","Headbutt","Burning Pact"],"relics":["Burning Blood","NeowsBlessing","Lizard Tail","ReplayFunnel","Bottled Lightning","Replay:Bottled Eggs"],"acts_visited":["Exordium"],"potions_floor_usage":[],"damage_taken":[{"damage":0,"enemies":"2 Louse","floor":1,"turns":1},{"damage":0,"enemies":"Jaw Worm","floor":3,"turns":1},{"damage":0,"enemies":"Gremlin Nob","floor":7,"turns":1},{"damage":4,"enemies":"Cultist","floor":10,"turns":5},{"damage":16,"enemies":"Large Slime","floor":11,"turns":9},{"damage":34,"enemies":"Exordium Thugs","floor":12,"turns":7},{"damage":2,"enemies":"2 Fungi Beasts","floor":13,"turns":5},{"damage":33,"enemies":"Large Slime","floor":14,"turns":6},{"damage":34,"enemies":"The Guardian","floor":16,"turns":13}],"seed_played":"1903276294899502798","potions_obtained":[{"floor":3,"key":"Elixir"},{"floor":11,"key":"Energy Potion"},{"floor":12,"key":"Adrenaline Potion"}],"is_trial":false,"path_per_floor":["M","?","M","T","$","R","E","R","T","M","M","M","M","M","R","B"],"character_chosen":"IRONCLAD","items_purchased":["Replay:Sssssssssshield","Flex"],"campfire_rested":2,"item_purchase_floors":[5,5],"current_hp_per_floor":[80,38,44,44,44,68,74,74,74,76,66,38,42,15,39,5,5],"gold":115,"neow_bonus":"THREE_ENEMY_KILL","is_daily":false,"chose_seed":false,"campfire_upgraded":1,"win_rate":0.0,"timestamp":1611867091,"path_taken":["M","?","M","?","?","R","E","R","T","M","M","?","M","M","R","BOSS"],"items_purchased_type":["Card","Card"],"build_version":"2020-12-22","purchased_purges":0,"victory":false,"max_hp_per_floor":[80,80,80,80,80,80,80,80,80,80,80,80,80,80,80,80,80],"card_choices":[{"not_picked":["Warcry","Thunderclap"],"picked":"Entrench","floor":1},{"not_picked":["Warcry","Thunderclap"],"picked":"Entrench","floor":1},{"not_picked":["Abandon","Cleave"],"picked":"Disarm","floor":3},{"not_picked":["Pummel","ReplayTheSpireMod:LeadingStrike"],"picked":"Body Slam","floor":7},{"not_picked":["Headbutt","Pommel Strike"],"picked":"Body Slam","floor":10},{"not_picked":["Battle Trance","Wild Strike"],"picked":"Body Slam","floor":11},{"not_picked":["Clothesline","Feel No Pain"],"picked":"Pummel","floor":12},{"not_picked":["Wild Strike","Dropkick"],"picked":"Headbutt","floor":13},{"not_picked":["Blood for Blood","Searing Blow"],"picked":"Burning Pact","floor":14}],"player_experience":151681,"relics_obtained":[{"floor":4,"key":"ReplayFunnel"},{"floor":7,"key":"Bottled Lightning"},{"floor":9,"key":"Replay:Bottled Eggs"}],"event_choices":[{"damage_healed":0,"gold_gain":0,"player_choice":"Success","damage_taken":42,"relics_obtained":["Lizard Tail"],"max_hp_gain":0,"max_hp_loss":0,"event_name":"Scrap Ooze","floor":2,"gold_loss":0}],"is_beta":false,"boss_relics":[],"items_purged_floors":[],"is_endless":false,"potions_floor_spawned":[3,11,12,13],"killed_by":"The Guardian","ascension_level":2}}