{"host":"04hh9gplt9wkfmr1","time":1611849293,"event":{"mods":["AchievementEnabler","BaseMod","Colored Map","KOR Keyword Fix","Minty Spire (QoL Compilation)","Rare Cards Sparkle","SuperFastMode"],"gold_per_floor":[117,131,131,146,158,186,186,215,215,215,215,290,324,335,335,430,430,450,463,474,174,184,184,184],"floor_reached":23,"language":"KOR","playtime":613,"items_purged":[],"score":298,"play_id":"fc0fac35-2458-4e58-95dd-827632cf2542","local_time":"20210129005453","is_ascension_mode":true,"campfire_choices":[{"floor":7.0,"key":"REST"},{"data":"Genetic Algorithm","floor":11.0,"key":"SMITH"},{"data":"Dualcast","floor":15.0,"key":"SMITH"}],"circlet_count":0,"master_deck":["Strike_B+1","Strike_B","Strike_B","Strike_B","Defend_B","Defend_B","Defend_B","Defend_B","Zap","Dualcast+1","Rainbow+1","Ball Lightning","Genetic Algorithm+1","Stack","Hologram+1","Parasite","Rainbow+1","Echo Form+1","Rebound+1","Defragment+1","Heatsinks+1","Consume+1","Blind+1","Stack+1"],"relics":["Cracked Core","Frozen Egg 2","Toxic Egg 2","Meat on the Bone","Ornamental Fan","Sozu","Tiny Chest"],"acts_visited":["Exordium","TheCity"],"potions_floor_usage":[],"damage_taken":[{"damage":5.0,"enemies":"Jaw Worm","floor":1.0,"turns":3.0},{"damage":7.0,"enemies":"Small Slimes","floor":2.0,"turns":3.0},{"damage":0.0,"enemies":"Cultist","floor":4.0,"turns":3.0},{"damage":3.0,"enemies":"Gremlin Gang","floor":5.0,"turns":3.0},{"damage":25.0,"enemies":"Lagavulin","floor":6.0,"turns":5.0},{"damage":21.0,"enemies":"Gremlin Nob","floor":8.0,"turns":4.0},{"damage":11.0,"enemies":"3 Sentries","floor":13.0,"turns":8.0},{"damage":2.0,"enemies":"Looter","floor":14.0,"turns":3.0},{"damage":25.0,"enemies":"The Guardian","floor":16.0,"turns":10.0},{"damage":8.0,"enemies":"Chosen","floor":18.0,"turns":4.0},{"damage":12.0,"enemies":"Spheric Guardian","floor":19.0,"turns":4.0},{"damage":27.0,"enemies":"Centurion and Healer","floor":20.0,"turns":5.0},{"damage":19,"enemies":"Snake Plant","floor":22,"turns":5},{"damage":27,"enemies":"Slavers","floor":23,"turns":1}],"seed_played":"3866541178971267000","potions_obtained":[{"floor":1.0,"key":"Energy Potion"},{"floor":6.0,"key":"Block Potion"},{"floor":13.0,"key":"PowerPotion"}],"is_trial":false,"path_per_floor":["M","M","?","M","M","E","R","E","T","?","R","?","E","M","R","B",null,"M","M","M","$","M","E"],"character_chosen":"DEFECT","items_purchased":["Consume+1","Tiny Chest","Blind+1"],"campfire_rested":1,"item_purchase_floors":[21,21,21],"current_hp_per_floor":[63,56,41,41,38,13,35,14,14,32,32,21,22,32,32,19,61,53,41,26,26,19,0,0],"gold":184,"neow_bonus":"ONE_RANDOM_RARE_CARD","is_daily":false,"chose_seed":false,"campfire_upgraded":2,"win_rate":0.0,"timestamp":1611849293,"path_taken":["M","M","?","M","M","E","R","E","T","?","R","?","E","M","R","BOSS","M","M","M","$","M","E"],"items_purchased_type":["Card","Relic","Card"],"build_version":"2020-12-22","purchased_purges":0,"victory":false,"max_hp_per_floor":[75,75,75,75,75,75,75,75,75,75,75,75,75,75,75,75,75,75,75,75,75,75,75,75],"card_choices":[{"not_picked":["Rebound","Storm","Streamline"],"picked":"SKIP","floor":1.0},{"not_picked":["Gash","Coolheaded","Hyperbeam"],"picked":"SKIP","floor":2.0},{"not_picked":["Go for the Eyes","Turbo"],"picked":"Ball Lightning","floor":4.0},{"not_picked":["Darkness","Blizzard"],"picked":"Genetic Algorithm","floor":5.0},{"not_picked":["Streamline","Conserve Battery"],"picked":"Stack","floor":6.0},{"not_picked":["Go for the Eyes","Barrage"],"picked":"Hologram+1","floor":8.0},{"not_picked":["White Noise+1","Go for the Eyes"],"picked":"Rainbow+1","floor":13.0},{"not_picked":["Steam Power+1","Turbo+1","Go for the Eyes"],"picked":"SKIP","floor":14.0},{"not_picked":["Fission+1","Hyperbeam"],"picked":"Echo Form+1","floor":16.0},{"not_picked":["Beam Cell","Sweeping Beam+1"],"picked":"Rebound+1","floor":18.0},{"not_picked":["Fusion+1","Glacier+1"],"picked":"Defragment+1","floor":19.0},{"not_picked":["Gash","Hyperbeam"],"picked":"Heatsinks+1","floor":20.0},{"not_picked":["Sweeping Beam","Beam Cell"],"picked":"Stack+1","floor":22}],"player_experience":97036,"relics_obtained":[{"floor":6.0,"key":"Frozen Egg 2"},{"floor":8.0,"key":"Toxic Egg 2"},{"floor":9.0,"key":"Meat on the Bone"},{"floor":13.0,"key":"Ornamental Fan"}],"event_choices":[{"damage_healed":0.0,"max_hp_gain":0.0,"max_hp_loss":0.0,"gold_gain":0.0,"event_name":"Shining Light","player_choice":"Entered Light","floor":3.0,"gold_loss":0.0,"damage_taken":15.0,"cards_upgraded":["Strike_B","Rainbow"]},{"damage_healed":18.0,"max_hp_gain":0.0,"max_hp_loss":0.0,"gold_gain":0.0,"event_name":"Mushrooms","player_choice":"Healed and dodged fight","floor":10.0,"gold_loss":0.0,"damage_taken":0.0,"cards_obtained":["Parasite"]},{"damage_healed":0.0,"max_hp_gain":0.0,"max_hp_loss":0.0,"gold_gain":75.0,"event_name":"World of Goop","player_choice":"Gather Gold","floor":12.0,"gold_loss":0.0,"damage_taken":11.0}],"is_beta":false,"boss_relics":[{"not_picked":["Black Star","Velvet Choker"],"picked":"Sozu"}],"items_purged_floors":[],"is_endless":false,"potions_floor_spawned":[1,6,13,18,20],"killed_by":"Slavers","ascension_level":8}}