{"host":"o1scrl1hgy598kuq","time":1611810636,"event":{"mods":["BaseMod","Colored Map","Colored Powertips","Minty Spire (QoL Compilation)","Remilia??????","Replay The Spire","Shop Mod","StSLib","The Jungle","The Marked","The Servant 0.9.4"],"gold_per_floor":[109,127,145,156,8,42,62,76,100,115,115,6,6,23,23,23,23],"floor_reached":16,"language":"ENG","playtime":779,"items_purged":["Rearm"],"score":127,"play_id":"b6021c9e-c240-4191-a551-fc12df4319eb","local_time":"20210127231036","is_ascension_mode":true,"campfire_choices":[{"floor":11,"key":"REST"},{"data":"Luminosity","floor":15,"key":"SMITH"}],"circlet_count":0,"master_deck":["Strike_S","Strike_S","Strike_S","Strike_S","Defend_S","Defend_S","KidneyShot","Exchange","StarChef","TimeWarp","Barrier","Defy","Luminosity+1","Luminosity","Luminosity"],"relics":["Uniform","MerchantsRug","ReplayTheSpireMod:Shallot"],"acts_visited":["Exordium"],"potions_floor_usage":[6,6,8,10,14],"damage_taken":[{"damage":2,"enemies":"Cultist","floor":1,"turns":4},{"damage":13,"enemies":"Small Slimes","floor":2,"turns":5},{"damage":4,"enemies":"2 Louse","floor":3,"turns":3},{"damage":6,"enemies":"Exordium Wildlife","floor":4,"turns":4},{"damage":12,"enemies":"Gremlin Nob","floor":6,"turns":3},{"damage":0,"enemies":"2 Fungi Beasts","floor":7,"turns":4},{"damage":19,"enemies":"Exordium Thugs","floor":8,"turns":8},{"damage":0,"enemies":"Exordium Wildlife","floor":10,"turns":3},{"damage":7,"enemies":"2 Fungi Beasts","floor":14,"turns":4},{"damage":33,"enemies":"Slime Boss","floor":16,"turns":10}],"seed_played":"8392002046937134885","potions_obtained":[{"floor":1,"key":"Strength Potion"},{"floor":3,"key":"ColorlessPotion"},{"floor":6,"key":"AttackPotion"},{"floor":8,"key":"Explosive Potion"},{"floor":10,"key":"Strength Potion"}],"is_trial":false,"path_per_floor":["M","M","M","M","$","E","M","M","T","M","R","$","?","M","R","B"],"character_chosen":"THE_SERVANT","items_purchased":["MerchantsRug","Luminosity"],"campfire_rested":1,"item_purchase_floors":[5,12],"current_hp_per_floor":[63,50,46,40,40,28,28,9,9,9,43,43,36,29,29,0,0],"gold":23,"neow_bonus":"REMOVE_CARD","is_daily":false,"chose_seed":false,"campfire_upgraded":1,"win_rate":0.0,"timestamp":1611810636,"path_taken":["M","M","M","M","$","E","M","?","T","?","R","?","?","M","R","BOSS"],"items_purchased_type":["Relic","Card"],"build_version":"2020-12-22","purchased_purges":1,"victory":false,"max_hp_per_floor":[65,65,65,65,65,65,65,65,65,65,65,65,65,65,65,65,65],"card_choices":[{"not_picked":["Shuttle","WasteNot"],"picked":"StarChef","floor":1},{"not_picked":["Replace","Revamp"],"picked":"Rearm","floor":2},{"not_picked":["ShatteredReality","Replace"],"picked":"TimeWarp","floor":3},{"not_picked":["Unruled","Replace"],"picked":"Barrier","floor":4},{"not_picked":["Desolation","Ricochet","DoubleEdge"],"picked":"SKIP","floor":6},{"not_picked":["DualDimension","Starlight"],"picked":"Defy","floor":7},{"not_picked":["DoubleEdge","Rearm"],"picked":"Luminosity","floor":8},{"not_picked":["Spin","Ricochet"],"picked":"Luminosity","floor":10},{"not_picked":["Defy","Unruled","Rearm"],"picked":"SKIP","floor":14}],"player_experience":230270,"relics_obtained":[{"floor":6,"key":"ReplayTheSpireMod:Shallot"},{"floor":9,"key":"Regal Pillow"}],"event_choices":[{"cards_removed":["Defend_S"],"damage_healed":0,"gold_gain":0,"player_choice":"Card Removal","damage_taken":7,"max_hp_gain":0,"max_hp_loss":0,"event_name":"Golden Wing","floor":13,"gold_loss":0}],"is_beta":false,"boss_relics":[],"items_purged_floors":[12],"is_endless":false,"potions_floor_spawned":[1,3,6,8,10],"killed_by":"Slime Boss","ascension_level":4}}