{"host":"v711dtdb46xe9u7l","time":1611838075,"event":{"mods":["BaseMod","Bestiary","Highlight Path","Minty Spire (QoL Compilation)","Quick Restart","StSLib"],"gold_per_floor":[112,124,199,209,209,242,260,260,260,288,301,301,31,64,64,164,164,181,181,280,292,292,318,180,180,229,229,239,251,282,21,21,119,119,134,154,54,74,86,115,127,127,200,200,215,241,30,45,45,45,45,45,45,45,45],"floor_reached":54,"language":"ENG","playtime":3799,"items_purged":["Strike_R"],"score":1161,"play_id":"a6bff4f8-fce2-4be4-b41c-cdbdff1721e2","local_time":"20210128124755","is_ascension_mode":true,"campfire_choices":[{"data":"Bash","floor":8,"key":"SMITH"},{"data":"Flex","floor":12,"key":"SMITH"},{"data":"Shockwave","floor":15,"key":"SMITH"},{"data":"Twin Strike","floor":25,"key":"SMITH"},{"data":"Pummel","floor":27,"key":"SMITH"},{"data":"Flame Barrier","floor":32,"key":"SMITH"},{"floor":42,"key":"RECALL"},{"floor":49,"key":"REST"},{"floor":52,"key":"REST"}],"circlet_count":0,"master_deck":["AscendersBane","Strike_R","Strike_R","Strike_R","Strike_R","Defend_R","Defend_R","Defend_R","Defend_R","Bash+1","Clothesline+1","Cleave+1","Shockwave+1","Pummel+1","Seeing Red","Disarm","Flex+1","Heavy Blade+1","Brutality","True Grit","Wild Strike+1","Twin Strike+1","Disarm","Whirlwind","Flame Barrier+1","Impervious","Barricade","Flex","Corruption","Dark Embrace","Feel No Pain","Shrug It Off","Burning Pact","Flame Barrier","Juggernaut","Decay","Warcry+1","Feel No Pain","True Grit","Dual Wield","True Grit+1"],"relics":["Burning Blood","NeowsBlessing","Kunai","Meat on the Bone","Centennial Puzzle","Art of War","StrikeDummy","Snecko Eye","Anchor","Whetstone","Potion Belt","Fusion Hammer","CaptainsWheel","Singing Bowl","Molten Egg 2"],"acts_visited":["Exordium","TheCity","TheBeyond","TheEnding"],"potions_floor_usage":[10,16,21,23,30,33,40,50,54],"damage_taken":[{"damage":0,"enemies":"Cultist","floor":1,"turns":1},{"damage":0,"enemies":"Small Slimes","floor":2,"turns":1},{"damage":0,"enemies":"Jaw Worm","floor":4,"turns":1},{"damage":39,"enemies":"Gremlin Nob","floor":6,"turns":5},{"damage":7,"enemies":"3 Louse","floor":7,"turns":2},{"damage":24,"enemies":"3 Sentries","floor":10,"turns":6},{"damage":7,"enemies":"Blue Slaver","floor":11,"turns":5},{"damage":19,"enemies":"Lagavulin","floor":14,"turns":6},{"damage":8,"enemies":"Hexaghost","floor":16,"turns":8},{"damage":3,"enemies":"Chosen","floor":18,"turns":3},{"damage":16,"enemies":"3 Byrds","floor":21,"turns":5},{"damage":11,"enemies":"Slavers","floor":23,"turns":2},{"damage":17,"enemies":"Centurion and Healer","floor":28,"turns":5},{"damage":10,"enemies":"Snecko","floor":29,"turns":4},{"damage":20,"enemies":"Book of Stabbing","floor":30,"turns":5},{"damage":86,"enemies":"Champ","floor":33,"turns":16},{"damage":15,"enemies":"3 Darklings","floor":35,"turns":5},{"damage":2,"enemies":"3 Shapes","floor":36,"turns":4},{"damage":0,"enemies":"Transient","floor":38,"turns":5},{"damage":4,"enemies":"Writhing Mass","floor":39,"turns":5},{"damage":54,"enemies":"Reptomancer","floor":40,"turns":5},{"damage":19,"enemies":"Jaw Worm Horde","floor":41,"turns":4},{"damage":1,"enemies":"3 Darklings","floor":45,"turns":5},{"damage":1,"enemies":"Giant Head","floor":46,"turns":5},{"damage":9,"enemies":"Sphere and 2 Shapes","floor":48,"turns":6},{"damage":18,"enemies":"Time Eater","floor":50,"turns":15},{"damage":116,"enemies":"Shield and Spear","floor":54,"turns":8}],"seed_played":"6697863028032779902","potions_obtained":[{"floor":4,"key":"FairyPotion"},{"floor":7,"key":"PowerPotion"},{"floor":10,"key":"CultistPotion"},{"floor":18,"key":"Energy Potion"},{"floor":23,"key":"EssenceOfSteel"},{"floor":29,"key":"SkillPotion"},{"floor":38,"key":"ElixirPotion"},{"floor":40,"key":"Fruit Juice"},{"floor":41,"key":"BlessingOfTheForge"}],"is_trial":false,"path_per_floor":["M","M","?","M","?","E","M","R","T","E","M","R","$","E","R","B",null,"M","?","?","M","T","E","$","R","T","R","M","M","E","$","R","B",null,"M","M","$","M","M","E","M","R","T","?","M","E","$","M","R","B",null,"R","$","E"],"character_chosen":"IRONCLAD","items_purchased":["Art of War","SkillPotion","Twin Strike","Disarm","Energy Potion","Impervious","Barricade","Flex","Feel No Pain","Shrug It Off","BloodPotion","Feel No Pain","True Grit","Dual Wield"],"campfire_rested":2,"item_purchase_floors":[13,13,24,24,24,31,31,31,37,37,47,47,47,47],"current_hp_per_floor":[78,80,69,75,75,42,41,41,41,35,46,46,46,45,45,55,74,77,62,62,52,52,59,59,59,59,59,60,56,54,54,54,40,74,65,69,69,75,77,46,45,45,45,45,62,69,69,66,92,80,89,92,92,0,0],"gold":45,"neow_bonus":"THREE_ENEMY_KILL","is_daily":false,"chose_seed":false,"campfire_upgraded":6,"win_rate":0.0,"timestamp":1611838075,"path_taken":["M","M","?","M","?","E","?","R","T","E","M","R","$","E","R","BOSS","M","?","?","M","?","E","?","R","T","R","?","M","E","$","R","BOSS","M","M","$","M","M","E","M","R","T","?","?","E","$","M","R","BOSS","R","$","E"],"items_purchased_type":["Relic","Potion","Card","Card","Potion","Card","Card","Card","Card","Card","Potion","Card","Card","Card"],"build_version":"2020-12-22","purchased_purges":1,"victory":false,"max_hp_per_floor":[80,80,80,80,80,80,80,80,80,80,80,80,80,80,80,80,80,80,85,85,85,85,85,85,85,85,85,85,85,85,85,85,85,85,85,85,85,85,85,90,90,90,90,90,90,92,92,92,92,92,92,92,92,92,92],"card_choices":[{"not_picked":["Rupture","Bloodletting"],"picked":"Clothesline","floor":1},{"not_picked":["Headbutt","Entrench"],"picked":"Cleave","floor":2},{"not_picked":["Ghostly Armor","Anger"],"picked":"Shockwave","floor":4},{"not_picked":["Barricade","Havoc"],"picked":"Pummel","floor":6},{"not_picked":["Body Slam","Warcry"],"picked":"Seeing Red","floor":7},{"not_picked":["Cleave","Perfected Strike"],"picked":"Disarm","floor":10},{"not_picked":["Warcry","Havoc"],"picked":"Flex","floor":11},{"not_picked":["Armaments","Blood for Blood"],"picked":"Heavy Blade","floor":14},{"not_picked":["Juggernaut","Corruption"],"picked":"Brutality","floor":16},{"not_picked":["Dark Embrace","Perfected Strike"],"picked":"True Grit","floor":18},{"not_picked":["Wild Strike+1","Sword Boomerang","Body Slam+1"],"picked":"SKIP","floor":21},{"not_picked":["Clothesline","Feed"],"picked":"Wild Strike+1","floor":23},{"not_picked":["Heavy Blade","Clothesline","Wild Strike"],"picked":"SKIP","floor":28},{"not_picked":["Dropkick","Sword Boomerang"],"picked":"Whirlwind","floor":29},{"not_picked":["Twin Strike+1","Sentinel"],"picked":"Flame Barrier","floor":30},{"not_picked":["Feed","Brutality"],"picked":"Corruption","floor":33},{"not_picked":["Body Slam+1","Headbutt+1"],"picked":"Dark Embrace","floor":35},{"not_picked":["Combust","Dropkick","Clash+1"],"picked":"SKIP","floor":36},{"not_picked":["Clothesline+1","Reckless Charge"],"picked":"Burning Pact","floor":38},{"not_picked":["Twin Strike","True Grit"],"picked":"Flame Barrier","floor":39},{"not_picked":["Pommel Strike+1","True Grit+1"],"picked":"Juggernaut","floor":40},{"not_picked":["Heavy Blade+1","Cleave+1","Clash+1"],"picked":"SKIP","floor":41},{"not_picked":["Iron Wave+1","Reckless Charge"],"picked":"Warcry+1","floor":45},{"not_picked":["Headbutt+1","Inflame","Sword Boomerang+1"],"picked":"Singing Bowl","floor":46},{"not_picked":["Twin Strike+1","Havoc"],"picked":"True Grit+1","floor":48}],"player_experience":394405,"relics_obtained":[{"floor":6,"key":"Kunai"},{"floor":9,"key":"Meat on the Bone"},{"floor":10,"key":"Centennial Puzzle"},{"floor":14,"key":"StrikeDummy"},{"floor":23,"key":"Anchor"},{"floor":26,"key":"Whetstone"},{"floor":30,"key":"Potion Belt"},{"floor":40,"key":"CaptainsWheel"},{"floor":43,"key":"Singing Bowl"},{"floor":46,"key":"Molten Egg 2"}],"event_choices":[{"damage_healed":0,"gold_gain":75,"player_choice":"Gather Gold","damage_taken":11,"max_hp_gain":0,"max_hp_loss":0,"event_name":"World of Goop","floor":3,"gold_loss":0},{"damage_healed":0,"gold_gain":0,"player_choice":"Upgraded","damage_taken":0,"max_hp_gain":0,"max_hp_loss":0,"event_name":"Upgrade Shrine","floor":5,"gold_loss":0,"cards_upgraded":["Cleave"]},{"damage_healed":0,"gold_gain":0,"player_choice":"Shed Blood","damage_taken":20,"max_hp_gain":5,"max_hp_loss":0,"event_name":"Forgotten Altar","floor":19,"gold_loss":0},{"damage_healed":0,"gold_gain":99,"player_choice":"Stole From Cult","damage_taken":0,"max_hp_gain":0,"max_hp_loss":0,"event_name":"Nest","floor":20,"gold_loss":0},{"damage_healed":0,"gold_gain":0,"player_choice":"Cursed","damage_taken":0,"max_hp_gain":0,"max_hp_loss":0,"event_name":"Wheel of Change","floor":44,"gold_loss":0,"cards_obtained":["Decay"]}],"is_beta":false,"boss_relics":[{"not_picked":["SlaversCollar","Coffee Dripper"],"picked":"Snecko Eye"},{"not_picked":["Sozu","Runic Dome"],"picked":"Fusion Hammer"}],"items_purged_floors":[13],"is_endless":false,"potions_floor_spawned":[4,7,10,18,23,29,38,40,41],"killed_by":"Shield and Spear","ascension_level":10}}