{"host":"58syw52hqfl22t9m","time":1611812360,"event":{"mods":["2.2 Compatiblity","AchievementEnabler","BaseMod","Better Altar","Better Match","Better Note","Better Sensory Stone","Better Skull","Better Third Choice","BetterRewards","Block Reminder","Colored Map","Colored Powertips","Dark Map","GifTheSpireLib","Highlight Path","Hubris","Infinite Spire","Minty Spire (QoL Compilation)","Monster B Gone","Permanent Neow","Poor People Problems","Random Character Button","Rare Cards Sparkle","Relic Stats","Reliquary","Replay The Spire","Shop Mod","Spicy Shops","StSLib","The Blue Laboratory"],"gold_per_floor":[119,119,119,137,37,37,54,54,54,65,65,84,97,97,97,198,198,215,215,215,215,232,232,243,243,243,262,293,326,339,349,349,349,349],"floor_reached":33,"language":"ENG","playtime":2407,"items_purged":["Strike_B","Strike_B","Strike_B"],"score":413,"play_id":"2b80b148-44d9-4907-ab51-110c5c88edbd","local_time":"20210127213920","is_ascension_mode":true,"campfire_choices":[{"data":"Zap","floor":6,"key":"SMITH"},{"data":"Static Discharge","floor":15,"key":"SMITH"},{"data":"Leap","floor":23,"key":"SMITH"},{"floor":25,"key":"REST"},{"floor":32,"key":"REST"}],"circlet_count":0,"master_deck":["Strike_B","Defend_B","Defend_B","Defend_B","Defend_B","Zap+1","Dualcast","Lockon","Conserve Battery","Ball Lightning","Static Discharge+1","Leap+1","Electrodynamics","Capacitor","Gash+1","Gash+1","Sweeping Beam","Barrage"],"relics":["Cracked Core","Symbiotic Virus","Meat on the Bone","SlaversCollar","Nuclear Battery","ReplayTheSpireMod:TigerMarble","Anchor","Red Mask"],"acts_visited":["Exordium","TheCity"],"potions_floor_usage":[16,22,27,29],"damage_taken":[{"damage":12,"enemies":"Small Slimes","floor":1,"turns":2},{"damage":0,"enemies":"2 Louse","floor":4,"turns":3},{"damage":0,"enemies":"Cultist","floor":7,"turns":2},{"damage":23,"enemies":"Exordium Thugs","floor":10,"turns":3},{"damage":1,"enemies":"3 Louse","floor":12,"turns":3},{"damage":0,"enemies":"Red Slaver","floor":13,"turns":3},{"damage":31,"enemies":"Hexaghost","floor":16,"turns":4},{"damage":6,"enemies":"Shell Parasite","floor":18,"turns":5},{"damage":1,"enemies":"Spheric Guardian","floor":22,"turns":3},{"damage":24,"enemies":"Snecko","floor":24,"turns":4},{"damage":0,"enemies":"Snake Plant","floor":27,"turns":2},{"damage":15,"enemies":"Slavers","floor":28,"turns":2},{"damage":8,"enemies":"Masked Bandits","floor":29,"turns":4},{"damage":8,"enemies":"Shelled Parasite and Fungi","floor":30,"turns":4},{"damage":7,"enemies":"Cultist and Chosen","floor":31,"turns":5},{"damage":64,"enemies":"Automaton","floor":33,"turns":6}],"seed_played":"-9208860646072666144","potions_obtained":[{"floor":1,"key":"Fire Potion"},{"floor":4,"key":"Explosive Potion"},{"floor":10,"key":"blueLaboratory:RelayPotion"},{"floor":16,"key":"SpeedPotion"},{"floor":30,"key":"PotionOfCapacity"}],"is_trial":false,"path_per_floor":["M","?","?","M","$","R","M","T","T","M","?","M","M","?","R","B",null,"M","AVR","?","$","M","R","M","R","T","M","E","?","M","M","R","B"],"character_chosen":"DEFECT","items_purchased":["Symbiotic Virus","Lockon"],"campfire_rested":2,"item_purchase_floors":[0,0],"current_hp_per_floor":[63,63,67,67,67,67,67,67,67,44,44,43,43,68,68,49,75,69,69,69,69,68,68,44,66,66,66,51,43,47,40,62,0,0],"gold":349,"neow_bonus":"","is_daily":false,"chose_seed":false,"campfire_upgraded":3,"win_rate":0.0,"timestamp":1611812360,"path_taken":["M","?","?","M","$","R","?","?","T","M","?","M","?","?","R","BOSS","M","AVR","?","$","M","R","M","R","T","M","E","?","?","M","R","BOSS"],"items_purchased_type":["Relic","Card"],"build_version":"2020-12-22","purchased_purges":3,"victory":false,"max_hp_per_floor":[75,75,75,75,75,75,75,75,75,75,75,75,75,75,75,75,75,75,75,75,75,75,75,75,75,75,75,75,75,75,75,75,75,75],"relic_stats":{"counters":[64,247],"obtain_stats":[{"hubris:BallOfYels":0,"Runic Capacitor":0,"hubris:SlimyHat":10,"Blood Vial":26,"hubris:Backtick":17,"Strawberry":0,"Red Mask":45,"Replay:Antivirus Software":28,"Cracked Core":0,"Runic Pyramid":34,"Gremlin Food":17,"hubris:DisguiseKit":9,"MerchantsRug":20,"Lee\u0027s Waffle":47,"Pear":9,"Golden Idol":4,"hubris:SphereOfDissonance":43,"Oddly Smooth Stone":0,"PreservedInsect":6,"hubris:HollowSoul":34,"Akabeko":0,"Nuclear Battery":19,"SlaversCollar":17,"DataDisk":29,"Anchor":28,"hubris:PeanutButter":0,"Simple Rune":29,"Ectoplasm":17,"Snack Pack":24,"ReplayTheSpireMod:TigerMarble":26,"Grinning Jar":0,"Symbiotic Virus":0,"Pocketwatch":26,"infinitespire:Midas Blood":43,"Meat on the Bone":9},{"hubris:BallOfYels":23,"Runic Capacitor":0,"hubris:SlimyHat":6,"Blood Vial":35,"hubris:Backtick":8,"Strawberry":0,"Red Mask":45,"Replay:Antivirus Software":36,"Cracked Core":0,"Runic Pyramid":39,"Gremlin Food":8,"hubris:DisguiseKit":5,"MerchantsRug":9,"Lee\u0027s Waffle":22,"Pear":28,"Golden Idol":3,"hubris:SphereOfDissonance":19,"Oddly Smooth Stone":23,"PreservedInsect":5,"hubris:HollowSoul":16,"Akabeko":0,"Nuclear Battery":56,"SlaversCollar":55,"DataDisk":13,"Anchor":60,"hubris:PeanutButter":0,"Simple Rune":13,"Ectoplasm":32,"Snack Pack":35,"ReplayTheSpireMod:TigerMarble":58,"Grinning Jar":0,"Symbiotic Virus":48,"Pocketwatch":11,"infinitespire:Midas Blood":44,"Meat on the Bone":51},{"hubris:BallOfYels":96,"Runic Capacitor":0,"hubris:SlimyHat":17,"Blood Vial":130,"hubris:Backtick":27,"Strawberry":0,"Red Mask":176,"Replay:Antivirus Software":134,"Cracked Core":0,"Runic Pyramid":149,"Gremlin Food":27,"hubris:DisguiseKit":12,"MerchantsRug":30,"Lee\u0027s Waffle":86,"Pear":110,"Golden Idol":6,"hubris:SphereOfDissonance":72,"Oddly Smooth Stone":96,"PreservedInsect":12,"hubris:HollowSoul":61,"Akabeko":0,"Nuclear Battery":217,"SlaversCollar":212,"DataDisk":48,"Anchor":228,"hubris:PeanutButter":0,"Simple Rune":48,"Ectoplasm":121,"Snack Pack":130,"ReplayTheSpireMod:TigerMarble":224,"Grinning Jar":0,"Symbiotic Virus":192,"Pocketwatch":39,"infinitespire:Midas Blood":171,"Meat on the Bone":199}],"Meat on the Bone":24},"card_choices":[{"not_picked":["Streamline","hubris:PowerSurge"],"picked":"Conserve Battery","floor":1},{"not_picked":["Coolheaded","Barrage"],"picked":"Ball Lightning","floor":4},{"not_picked":["Go for the Eyes","Chill","Compile Driver"],"picked":"SKIP","floor":7},{"not_picked":["Cold Snap","Panic Button"],"picked":"Static Discharge","floor":10},{"not_picked":["Conserve Battery","Stack"],"picked":"Leap","floor":12},{"not_picked":["Rebound","Fusion","Hello World"],"picked":"SKIP","floor":13},{"not_picked":["Rebound","Fusion","Hello World"],"picked":"SKIP","floor":13},{"not_picked":["hubris:DoWhile","Machine Learning"],"picked":"Electrodynamics","floor":16},{"not_picked":["Turbo","Coolheaded"],"picked":"Capacitor","floor":18},{"not_picked":["Capacitor","Conserve Battery"],"picked":"Gash+1","floor":22},{"not_picked":["BasicCrystalCard","Beam Cell","Glacier+1"],"picked":"SKIP","floor":24},{"not_picked":["Hello World","Conserve Battery"],"picked":"Gash+1","floor":27},{"not_picked":["Loop","Self Repair","Panic Button"],"picked":"SKIP","floor":28},{"not_picked":["Heatsinks","Meteor Strike"],"picked":"Sweeping Beam","floor":29},{"not_picked":["BasicCrystalCard","Hologram","Stack"],"picked":"SKIP","floor":30},{"not_picked":["Hologram","Auto Shields"],"picked":"Barrage","floor":31}],"player_experience":431063,"relics_obtained":[{"floor":9,"key":"Meat on the Bone"},{"floor":26,"key":"ReplayTheSpireMod:TigerMarble"},{"floor":28,"key":"Anchor"},{"floor":29,"key":"Red Mask"}],"event_choices":[{"damage_healed":4,"gold_gain":0,"player_choice":"LEAVE ","damage_taken":0,"relics_obtained":[],"max_hp_gain":0,"max_hp_loss":0,"event_name":"betterSkull:BetterSkull","floor":3,"gold_loss":0,"cards_upgraded":[]},{"damage_healed":0,"gold_gain":0,"player_choice":"Ignored","damage_taken":0,"max_hp_gain":0,"max_hp_loss":0,"event_name":"Transmorgrifier","floor":11,"gold_loss":0},{"damage_healed":25,"gold_gain":0,"player_choice":"Banana","damage_taken":0,"max_hp_gain":0,"max_hp_loss":0,"event_name":"Big Fish","floor":14,"gold_loss":0},{"cards_removed":["Static Discharge"],"damage_healed":0,"gold_gain":0,"player_choice":"Give","damage_taken":0,"max_hp_gain":0,"max_hp_loss":0,"event_name":"betterNote:BetterNote","floor":20,"gold_loss":0,"cards_obtained":["Bane"]},{"damage_healed":0,"gold_gain":0,"player_choice":"Fought Bandits","damage_taken":0,"max_hp_gain":0,"max_hp_loss":0,"event_name":"Masked Bandits","floor":29,"gold_loss":0}],"is_beta":false,"boss_relics":[{"not_picked":["hubris:RunicObelisk","reliquary:Ember"],"picked":"SlaversCollar"}],"items_purged_floors":[0,5,19],"is_endless":false,"potions_floor_spawned":[1,4,10,16,27,28,30],"killed_by":"Automaton","ascension_level":3}}