{"host":"f9ntswufr8mq3t4y","time":1611866481,"event":{"mods":["AchievementEnabler","BaseMod","Best Route Mod","Block Reminder","Colored Map","Colored Powertips","Curses Come First","DeckTracker","Displayed Cursed Tome","Highlight Path","Minty Spire (QoL Compilation)","Permanent Neow","Quick Restart","Slay-I","StSLib"],"gold_per_floor":[20,20,37,50,65,65,93,93,142,159,176,176,193,268,268,366,366,385,401,401,417,342,342,356,356,356,356,382,155,185,185,185,185,185],"floor_reached":33,"language":"ENG","playtime":1053,"items_purged":[],"score":384,"play_id":"a46ce90a-8939-4099-903c-7d5f32d70bc2","local_time":"20210128234121","is_ascension_mode":true,"campfire_choices":[{"data":"Pummel","floor":6,"key":"SMITH"},{"data":"Metallicize","floor":8,"key":"SMITH"},{"data":"Infernal Blade","floor":12,"key":"SMITH"},{"data":"Inflame","floor":15,"key":"SMITH"},{"data":"Feed","floor":23,"key":"SMITH"},{"data":"Infernal Blade","floor":25,"key":"SMITH"},{"data":"Rage","floor":27,"key":"SMITH"},{"floor":32,"key":"REST"}],"circlet_count":0,"master_deck":["Strike_R","Strike_R","Strike_R","Defend_R","Defend_R","Defend_R","Bash+1","Inflame+1","Rage+1","Pummel+1","Clash","Metallicize+1","Infernal Blade+1","Feed+1","Necronomicurse","Flame Barrier+1","Infernal Blade+1","Inflame","Cleave+1"],"relics":["Black Blood","Pear","Bronze Scales","Necronomicon","Pen Nib","Bag of Preparation","Happy Flower","Blood Vial"],"acts_visited":["Exordium","TheCity"],"potions_floor_usage":[5,13,21,21,24,30,30],"damage_taken":[{"damage":5,"enemies":"2 Louse","floor":1,"turns":4},{"damage":12,"enemies":"Jaw Worm","floor":3,"turns":3},{"damage":1,"enemies":"Small Slimes","floor":4,"turns":3},{"damage":12,"enemies":"2 Fungi Beasts","floor":5,"turns":4},{"damage":26,"enemies":"Gremlin Nob","floor":7,"turns":4},{"damage":4,"enemies":"Blue Slaver","floor":10,"turns":3},{"damage":1,"enemies":"Looter","floor":11,"turns":2},{"damage":7,"enemies":"Exordium Wildlife","floor":13,"turns":3},{"damage":15,"enemies":"Hexaghost","floor":16,"turns":6},{"damage":12,"enemies":"Shell Parasite","floor":18,"turns":3},{"damage":7,"enemies":"3 Byrds","floor":19,"turns":3},{"damage":14,"enemies":"Snake Plant","floor":21,"turns":2},{"damage":25,"enemies":"Sentry and Sphere","floor":24,"turns":6},{"damage":20,"enemies":"Book of Stabbing","floor":28,"turns":4},{"damage":20,"enemies":"Slavers","floor":30,"turns":3},{"damage":85,"enemies":"Champ","floor":33,"turns":7}],"seed_played":"3392646834121142440","potions_obtained":[{"floor":4,"key":"DuplicationPotion"},{"floor":5,"key":"Fire Potion"},{"floor":10,"key":"Explosive Potion"},{"floor":13,"key":"SteroidPotion"},{"floor":16,"key":"AttackPotion"},{"floor":21,"key":"Dexterity Potion"},{"floor":24,"key":"Strength Potion"},{"floor":28,"key":"ElixirPotion"},{"floor":30,"key":"LiquidBronze"}],"is_trial":false,"path_per_floor":["M","?","M","M","M","R","E","R","T","M","M","R","M","?","R","B",null,"M","M","?","M","?","R","M","R","T","R","E","$","E","$","R","B"],"character_chosen":"IRONCLAD","items_purchased":["Happy Flower","Inflame"],"campfire_rested":1,"item_purchase_floors":[29,29],"current_hp_per_floor":[80,80,74,79,73,73,63,63,63,65,70,70,69,58,58,49,80,80,88,72,70,70,70,61,61,61,61,53,53,45,45,74,0,0],"gold":185,"neow_bonus":"REMOVE_TWO","is_daily":false,"chose_seed":false,"campfire_upgraded":7,"win_rate":0.0,"timestamp":1611866481,"path_taken":["M","?","M","M","M","R","E","R","T","M","M","R","M","?","R","BOSS","M","M","?","M","?","R","M","R","T","R","E","$","E","$","R","BOSS"],"items_purchased_type":["Relic","Card"],"build_version":"2020-12-22","purchased_purges":0,"victory":false,"max_hp_per_floor":[80,80,80,80,80,80,90,90,90,90,90,90,90,90,90,90,90,90,93,93,93,93,93,97,97,97,97,97,97,97,97,97,97,97],"card_choices":[{"not_picked":["Heavy Blade","Anger"],"picked":"Inflame","floor":1},{"not_picked":["Body Slam","Sword Boomerang"],"picked":"Rage","floor":3},{"not_picked":["Dark Embrace","Heavy Blade"],"picked":"Pummel","floor":4},{"not_picked":["Dual Wield","Burning Pact"],"picked":"Clash","floor":5},{"not_picked":["Fiend Fire","Reckless Charge"],"picked":"Metallicize","floor":7},{"not_picked":["Pommel Strike","Pummel","Anger"],"picked":"SKIP","floor":10},{"not_picked":["Dropkick","Flex"],"picked":"Infernal Blade","floor":11},{"not_picked":["Combust","Shrug It Off","Havoc"],"picked":"SKIP","floor":13},{"not_picked":["Limit Break","Reaper"],"picked":"Feed","floor":16},{"not_picked":["Bloodletting","Warcry+1","Sword Boomerang"],"picked":"SKIP","floor":18},{"not_picked":["Sword Boomerang","Flex","Wild Strike"],"picked":"SKIP","floor":19},{"not_picked":["Thunderclap","Hemokinesis+1"],"picked":"Flame Barrier+1","floor":21},{"not_picked":["Thunderclap","Searing Blow"],"picked":"Infernal Blade","floor":24},{"not_picked":["Power Through","Feel No Pain","Anger+1"],"picked":"SKIP","floor":28},{"not_picked":["Spot Weakness","Thunderclap"],"picked":"Cleave+1","floor":30}],"player_experience":366171,"relics_obtained":[{"floor":7,"key":"Pear"},{"floor":9,"key":"Bronze Scales"},{"floor":26,"key":"Pen Nib"},{"floor":28,"key":"Bag of Preparation"},{"floor":30,"key":"Blood Vial"}],"event_choices":[{"damage_healed":0,"gold_gain":0,"player_choice":"Grow","damage_taken":0,"max_hp_gain":0,"max_hp_loss":0,"event_name":"Living Wall","floor":2,"gold_loss":0,"cards_upgraded":["Bash"]},{"damage_healed":0,"gold_gain":75,"player_choice":"Gather Gold","damage_taken":11,"max_hp_gain":0,"max_hp_loss":0,"event_name":"World of Goop","floor":14,"gold_loss":0},{"damage_healed":0,"gold_gain":0,"player_choice":"Obtained Book","damage_taken":16,"max_hp_gain":0,"max_hp_loss":0,"event_name":"Cursed Tome","floor":20,"gold_loss":0},{"cards_removed":["Strike_R"],"damage_healed":0,"gold_gain":0,"player_choice":"Gave Gold","damage_taken":0,"max_hp_gain":0,"max_hp_loss":0,"event_name":"Beggar","floor":22,"gold_loss":75}],"is_beta":false,"boss_relics":[{"not_picked":["SacredBark","Coffee Dripper"],"picked":"Black Blood"}],"items_purged_floors":[],"is_endless":false,"potions_floor_spawned":[4,5,10,13,16,21,24,28,30],"killed_by":"Champ","ascension_level":5}}