{"host":"30nnj7p8788fovb1","time":1611868999,"event":{"mods":["2.2 Compatiblity","AchievementEnabler","Act Like it!","BaseMod","Better Altar","Better Match","Better Note","Better Skull","Better Third Choice","Better Vampires","BetterRewards","Block Reminder","CapriCore","Colored Map","Colored Powertips","Curses Come First","Dark Map","Defuse TimeMaze Blight","Displayed Cursed Tome","Downfall","Hallownest","Hermit","Luminous","Marisa????????","Minty Spire (QoL Compilation)","Permanent Neow","Quick Restart","RNG Fix","Rare Cards Sparkle","Reimu??????","Relic Stats","Replay The Spire","Shade Mod","StSLib","The Bladedancer","The Bug Knight","The Cursed","The Exalted","The Forsaken","The Marked","The Mystic","The Problem Sleuth","The Servant 0.9.4","The Vixen","Yakumo Yukari mod"],"gold_per_floor":[0,19,29,45,64,64,118,18,18,18,38,38,58,74,94,196,196,196,216,233,233,66,76,76,76,276,286,186,200,200,210,222,222,222,222],"floor_reached":33,"language":"ENG","playtime":2485,"items_purged":["bronze:RecursiveStrike+1"],"score":270,"play_id":"f3d5a8f5-3b49-46ce-ac3f-40d2a927a118","local_time":"20210128172319","is_ascension_mode":false,"campfire_choices":[{"data":"bronze:Defend","floor":1,"key":"SMITH"},{"floor":6,"key":"RECALL"},{"data":"bronze:RecursiveStrike","floor":8,"key":"SMITH"},{"data":"bronze:Replicate","floor":10,"key":"SMITH"},{"data":"bronze:Defend","floor":12,"key":"SMITH"},{"data":"bronze:Strike","floor":18,"key":"PURGE"},{"data":"bronze:MaxOutput","floor":25,"key":"SMITH"},{"data":"bronze:DelayedGuard","floor":28,"key":"SMITH"},{"data":"bronze:Defend","floor":30,"key":"SMITH"}],"circlet_count":0,"master_deck":["bronze:Strike","bronze:Strike","bronze:Defend+1","bronze:Defend+1","bronze:Defend+1","bronze:Replicate+1","bronze:Goto","bronze:ClassDefault","bronze:WhirlingStrike","bronze:BugBarrage","bronze:DelayedSlice","bronze:Overheat","bronze:DelayedGuard+1","bronze:Assembly","CurseOfTheBell","bronze:Shell","bronze:Optimize","bronze:MaxOutput+1","bronze:FollowUp+1","bronze:Shield+1","bronze:ForceShield"],"relics":["bronze:BronzeCore","bronze:ProtectiveGoggles","downfall:HeartBlessingRed","Calling Bell","Orichalcum","Kunai","Peace Pipe","downfall:HeartBlessingBlue"],"acts_visited":["Exordium","TheCity"],"potions_floor_usage":[20,33],"damage_taken":[{"damage":0,"enemies":"Small Slimes","floor":2,"turns":3},{"damage":1,"enemies":"Cultist","floor":3,"turns":4},{"damage":5,"enemies":"Jaw Worm","floor":4,"turns":3},{"damage":7,"enemies":"2 Fungi Beasts","floor":5,"turns":2},{"damage":0,"enemies":"Lots of Slimes","floor":11,"turns":2},{"damage":8,"enemies":"Blue Slaver","floor":13,"turns":3},{"damage":3,"enemies":"Large Slime","floor":14,"turns":5},{"damage":1,"enemies":"Exordium Wildlife","floor":15,"turns":3},{"damage":38,"enemies":"WA_ARCHETYPE_RETAIN","floor":16,"turns":5},{"damage":7,"enemies":"3 Byrds","floor":19,"turns":5},{"damage":15,"enemies":"Snake Plant","floor":20,"turns":3},{"damage":3,"enemies":"downfall:FleeingMerchant","floor":22,"turns":4},{"damage":8,"enemies":"Snecko","floor":23,"turns":5},{"damage":3,"enemies":"Cultist and Chosen","floor":27,"turns":6},{"damage":3,"enemies":"Shelled Parasite and Fungi","floor":29,"turns":7},{"damage":9,"enemies":"Snecko","floor":31,"turns":7},{"damage":1,"enemies":"Chosen and Byrds","floor":32,"turns":5},{"damage":50,"enemies":"DF_ARCHETYPE_CLAW","floor":33,"turns":10}],"seed_played":"-1016958975998506602","potions_obtained":[{"floor":2,"key":"Languid Potion"},{"floor":4,"key":"LifebloodPotion"},{"floor":5,"key":"Dexterity Potion"},{"floor":13,"key":"Regen Potion"},{"floor":31,"key":"ZuzhouPotion:ReiMu"}],"is_trial":false,"path_per_floor":["R","M","M","M","M","R","T","R","?","R","M","R","M","M","M","B",null,"R","M","M","?","$","M","T","R","?","M","R","M","R","M","M","B"],"character_chosen":"THE_AUTOMATON","items_purchased":["bronze:MaxOutput"],"campfire_rested":0,"item_purchase_floors":[22],"current_hp_per_floor":[70,70,69,64,57,57,57,57,62,62,62,62,54,51,50,12,75,75,68,53,53,50,42,42,42,42,39,49,46,46,37,36,0,0,0],"gold":222,"neow_bonus":"REMOVE_TWO","is_daily":false,"chose_seed":false,"campfire_upgraded":7,"win_rate":0.0,"timestamp":1611868999,"path_taken":["R","M","?","M","M","R","T","R","?","R","M","R","M","M","M","BOSS","R","M","M","?","$","M","T","R","?","M","R","?","R","M","M","BOSS"],"items_purchased_type":["Card"],"build_version":"2020-12-22","purchased_purges":1,"victory":false,"max_hp_per_floor":[70,70,70,70,70,70,70,70,75,75,75,75,75,75,75,75,75,75,75,75,75,75,75,75,75,75,75,85,85,85,85,85,85,85,85],"relic_stats":{"Peace Pipe":2,"counters":[18,82],"Kunai":[19],"Orichalcum":[30],"obtain_stats":[{"Calling Bell":17,"Peace Pipe":17,"bronze:BronzeCore":0,"bronze:ProtectiveGoggles":7,"downfall:HeartBlessingRed":8,"downfall:HeartBlessingBlue":28,"Kunai":17,"Orichalcum":17},{"Calling Bell":9,"Peace Pipe":9,"bronze:BronzeCore":0,"bronze:ProtectiveGoggles":4,"downfall:HeartBlessingRed":4,"downfall:HeartBlessingBlue":14,"Kunai":9,"Orichalcum":9},{"Calling Bell":30,"Peace Pipe":30,"bronze:BronzeCore":0,"bronze:ProtectiveGoggles":12,"downfall:HeartBlessingRed":12,"downfall:HeartBlessingBlue":53,"Kunai":30,"Orichalcum":30}]},"card_choices":[{"not_picked":["bronze:BugBarrage","bronze:BuggyMess"],"picked":"bronze:ClassDefault","floor":2},{"not_picked":["bronze:Branch","bronze:Deprecate"],"picked":"bronze:WhirlingStrike","floor":3},{"not_picked":["bronze:Turbo","bronze:Safeguard","bronze:WildBeam"],"picked":"SKIP","floor":4},{"not_picked":["bronze:Branch","bronze:NullPointer"],"picked":"bronze:RecursiveStrike","floor":5},{"not_picked":["bronze:Deprecate","bronze:ClassDefault"],"picked":"bronze:BugBarrage","floor":11},{"not_picked":["bronze:BronzeArmor","bronze:BugBarrage"],"picked":"bronze:DelayedSlice","floor":13},{"not_picked":["bronze:BugBarrage","bronze:WhirlingStrike"],"picked":"bronze:Overheat","floor":14},{"not_picked":["bronze:BugBarrage","bronze:Turbo"],"picked":"bronze:DelayedGuard","floor":15},{"not_picked":["bronze:RecursiveStrike","bronze:BurnOut"],"picked":"bronze:Assembly","floor":16},{"not_picked":["bronze:Shield+1","bronze:Iterate+1"],"picked":"bronze:Shell","floor":19},{"not_picked":["bronze:BronzeArmor","bronze:Backtrace","bronze:BugBarrage+1"],"picked":"SKIP","floor":20},{"not_picked":["bronze:BuggyMess","bronze:DelayedSlice+1"],"picked":"bronze:Optimize","floor":22},{"not_picked":["bronze:BitShift","bronze:Overheat"],"picked":"bronze:FollowUp+1","floor":23},{"not_picked":["bronze:NullPointer","bronze:ChildClass"],"picked":"bronze:Shield+1","floor":27},{"not_picked":["bronze:MaxOutput","bronze:DigitalCarnage","bronze:Shell+1"],"picked":"SKIP","floor":29},{"not_picked":["bronze:BronzeArmor+1","bronze:Safeguard","bronze:BurnOut"],"picked":"SKIP","floor":31},{"not_picked":["bronze:Philosophize","bronze:WhirlingStrike"],"picked":"bronze:ForceShield","floor":32}],"player_experience":935257,"relics_obtained":[{"floor":7,"key":"bronze:ProtectiveGoggles"},{"floor":17,"key":"Orichalcum"},{"floor":17,"key":"Kunai"},{"floor":17,"key":"Peace Pipe"}],"event_choices":[{"damage_healed":0,"gold_gain":0,"player_choice":"Donut","damage_taken":0,"max_hp_gain":5,"max_hp_loss":0,"event_name":"Big Fish","floor":9,"gold_loss":0},{"damage_healed":0,"gold_gain":200,"player_choice":"Gold","damage_taken":0,"max_hp_gain":0,"max_hp_loss":0,"event_name":"Wheel of Change","floor":26,"gold_loss":0}],"is_beta":false,"boss_relics":[{"not_picked":["Cursed Key","Empty Cage"],"picked":"Calling Bell"}],"items_purged_floors":[22],"is_endless":false,"potions_floor_spawned":[2,4,5,13,19,31,32],"killed_by":"DF_ARCHETYPE_CLAW","ascension_level":0}}