{"host":"vl29iwkwnyytuw8q","time":1611876368,"event":{"mods":["BaseMod","Minty Spire (QoL Compilation)","Permanent Neow","Relic Stats","StSLib"],"gold_per_floor":[119,119,119,139,139,139,169,84,110,110,145,145,161,176,176,254,254,273,273,198,212,170,170,196,196,196,215,215,215,215],"floor_reached":29,"language":"ENG","playtime":668,"items_purged":["Strike_R"],"score":498,"play_id":"971813a9-cfb1-44a0-82ae-f112cb2bfeda","local_time":"20210129002608","is_ascension_mode":true,"campfire_choices":[{"data":"Bash","floor":6.0,"key":"SMITH"},{"data":"Flame Barrier","floor":10.0,"key":"SMITH"},{"data":"Cleave","floor":12.0,"key":"SMITH"},{"data":"Shrug It Off","floor":15.0,"key":"SMITH"},{"data":"Feel No Pain","floor":23.0,"key":"SMITH"},{"data":"Shrug It Off","floor":25.0,"key":"SMITH"}],"circlet_count":0,"master_deck":["AscendersBane","Defend_R","Defend_R","Defend_R","Defend_R","Bash+1","True Grit+1","Clash","Flame Barrier+1","Cleave+1","Anger","Shrug It Off+1","Immolate","Dark Embrace","Feel No Pain+1","Shrug It Off+1","Pommel Strike","Bite","Bite","Bite","Bite","Bite"],"relics":["Coffee Dripper","Shuriken","Omamori","Unceasing Top","Black Star","Paper Frog","Question Card","Toy Ornithopter","Sundial"],"acts_visited":["Exordium","TheCity"],"potions_floor_usage":[],"damage_taken":[{"damage":6.0,"enemies":"2 Louse","floor":1.0,"turns":2.0},{"damage":1.0,"enemies":"Cultist","floor":4.0,"turns":3.0},{"damage":32.0,"enemies":"Gremlin Nob","floor":7.0,"turns":4.0},{"damage":30.0,"enemies":"3 Sentries","floor":11.0,"turns":9.0},{"damage":0.0,"enemies":"Small Slimes","floor":13.0,"turns":3.0},{"damage":3.0,"enemies":"Blue Slaver","floor":14.0,"turns":3.0},{"damage":6.0,"enemies":"Slime Boss","floor":16.0,"turns":8.0},{"damage":0.0,"enemies":"3 Byrds","floor":18.0,"turns":3.0},{"damage":22.0,"enemies":"Spheric Guardian","floor":21.0,"turns":4.0},{"damage":2.0,"enemies":"Gremlin Leader","floor":24.0,"turns":8.0},{"damage":23.0,"enemies":"Snake Plant","floor":27.0,"turns":6.0},{"damage":17,"enemies":"Shelled Parasite and Fungi","floor":29,"turns":2}],"seed_played":"5392438723084119918","potions_obtained":[{"floor":1.0,"key":"Energy Potion"},{"floor":4.0,"key":"Swift Potion"},{"floor":16.0,"key":"ColorlessPotion"},{"floor":18.0,"key":"CultistPotion"}],"is_trial":false,"path_per_floor":["M","?","?","M","?","R","E","$","T","R","E","R","M","M","R","B",null,"M","T","$","M","$","R","E","R","T","M","?","M"],"character_chosen":"IRONCLAD","items_purchased":["BloodPotion","Cleave","Feel No Pain"],"campfire_rested":0,"item_purchase_floors":[8,8,22],"current_hp_per_floor":[62,62,62,61,61,61,29,29,29,29,14,14,14,11,11,5,58,58,58,58,36,36,36,34,34,34,11,11,0,0],"gold":215,"neow_bonus":"BOSS_RELIC","is_daily":false,"chose_seed":false,"campfire_upgraded":6,"win_rate":0.0,"timestamp":1611876368,"path_taken":["M","?","?","M","?","R","E","$","T","R","E","R","M","M","R","BOSS","M","?","$","M","$","R","E","R","T","M","?","M"],"items_purchased_type":["Potion","Card","Card"],"build_version":"2020-12-22","purchased_purges":1,"victory":false,"max_hp_per_floor":[75,75,75,75,75,75,75,75,75,75,75,75,75,75,75,75,75,75,75,75,75,75,75,75,75,75,75,52,52,52],"relic_stats":{"counters":[12,55],"Shuriken":[12],"Sundial":[0],"Black Star":1,"Question Card":1,"obtain_stats":[{"Shuriken":7,"Sundial":26,"Coffee Dripper":0,"Omamori":9,"Black Star":17,"Question Card":24,"Burning Blood":0,"Unceasing Top":11,"Toy Ornithopter":24,"Paper Frog":19},{"Shuriken":3,"Sundial":10,"Coffee Dripper":0,"Omamori":3,"Black Star":7,"Question Card":10,"Burning Blood":0,"Unceasing Top":4,"Toy Ornithopter":10,"Paper Frog":8},{"Shuriken":9,"Sundial":47,"Coffee Dripper":0,"Omamori":9,"Black Star":32,"Question Card":47,"Burning Blood":0,"Unceasing Top":18,"Toy Ornithopter":47,"Paper Frog":35}],"Unceasing Top":[5],"Toy Ornithopter":0},"card_choices":[{"not_picked":["Evolve","Second Wind"],"picked":"True Grit","floor":1.0},{"not_picked":["Sever Soul","Seeing Red"],"picked":"Clash","floor":4.0},{"not_picked":["Whirlwind","Bloodletting"],"picked":"Flame Barrier","floor":7.0},{"not_picked":["Flex","Body Slam","Entrench"],"picked":"SKIP","floor":11.0},{"not_picked":["Havoc","Shrug It Off"],"picked":"Anger","floor":13.0},{"not_picked":["Clash","Clothesline"],"picked":"Shrug It Off","floor":14.0},{"not_picked":["Exhume","Offering"],"picked":"Immolate","floor":16.0},{"not_picked":["Body Slam","Clash","Cleave"],"picked":"SKIP","floor":18.0},{"not_picked":["Clash","Blood for Blood","Dark Embrace"],"picked":"SKIP","floor":21.0},{"not_picked":["Clash","Blood for Blood"],"picked":"Dark Embrace","floor":21.0},{"not_picked":["Heavy Blade","Twin Strike"],"picked":"Shrug It Off","floor":24.0},{"not_picked":["Headbutt","Iron Wave","Body Slam"],"picked":"Pommel Strike","floor":27.0}],"player_experience":646651,"relics_obtained":[{"floor":7.0,"key":"Shuriken"},{"floor":9.0,"key":"Omamori"},{"floor":11.0,"key":"Unceasing Top"},{"floor":19.0,"key":"Paper Frog"},{"floor":24.0,"key":"Question Card"},{"floor":24.0,"key":"Toy Ornithopter"},{"floor":26.0,"key":"Sundial"}],"event_choices":[{"damage_healed":0.0,"max_hp_gain":0.0,"max_hp_loss":0.0,"gold_gain":0.0,"event_name":"Golden Idol","player_choice":"Ignored","floor":2.0,"gold_loss":0.0,"damage_taken":0.0},{"damage_healed":0.0,"max_hp_gain":0.0,"max_hp_loss":0.0,"gold_gain":0.0,"event_name":"Golden Wing","player_choice":"Ignored","floor":3.0,"gold_loss":0.0,"damage_taken":0.0},{"damage_healed":0.0,"max_hp_gain":0.0,"max_hp_loss":0.0,"gold_gain":0.0,"event_name":"Upgrade Shrine","player_choice":"Upgraded","floor":5.0,"gold_loss":0.0,"damage_taken":0.0,"cards_upgraded":["True Grit"]},{"damage_healed":0.0,"max_hp_gain":0.0,"max_hp_loss":23.0,"gold_gain":0.0,"event_name":"Vampires","player_choice":"Became a vampire","floor":28.0,"gold_loss":0.0,"damage_taken":0.0,"cards_obtained":["Bite","Bite","Bite","Bite","Bite"]}],"is_beta":false,"boss_relics":[{"not_picked":["Snecko Eye","Ectoplasm"],"picked":"Black Star"}],"items_purged_floors":[20],"is_endless":false,"potions_floor_spawned":[1,4,16,18],"killed_by":"Shelled Parasite and Fungi","ascension_level":18}}