{"host":"d5i1qeb9dejicw1z","time":1611871800,"event":{"mods":["AchievementEnabler","BaseMod","Better Note","BetterRewards","Gold Saver","Minty Spire (QoL Compilation)","Reliquary","StSLib"],"gold_per_floor":[495,495,81,81,104,104,124,124,178,178,178,78,98,98,98,191,191,205,120,141,64,114,145,145,185,238,238,259,59,77,102,102,200,200,225,225,241,116,129,129,150,150,175,175,200,243,243,0,0,0,0],"floor_reached":50,"language":"ENG","playtime":1458,"items_purged":["Strike_B","Defend_B","Defend_B+1"],"score":967,"play_id":"2bc3c663-0492-4473-9b00-574c26a803f1","local_time":"20210128141000","is_ascension_mode":true,"campfire_choices":[{"data":"Zap","floor":6,"key":"SMITH"},{"data":"Dualcast","floor":8,"key":"SMITH"},{"data":"Ball Lightning","floor":11,"key":"SMITH"},{"floor":15,"key":"REST"},{"data":"Defragment","floor":24,"key":"SMITH"},{"floor":32,"key":"REST"},{"data":"Mayhem","floor":40,"key":"SMITH"},{"floor":49,"key":"REST"}],"circlet_count":0,"master_deck":["AscendersBane","Strike_B+1","Strike_B+1","Defend_B+1","Defend_B+1","Zap+1","Dualcast+1","Ball Lightning+1","Cold Snap+1","Conserve Battery","Conserve Battery","Electrodynamics","Conserve Battery+1","Defragment+1","Mayhem+1","Coolheaded","Echo Form","Glacier","Deep Breath","Cold Snap"],"relics":["Cracked Core","NeowsBlessing","Golden Idol","Mercury Hourglass","reliquary:Stiletto","Thread and Needle","SlaversCollar","Letter Opener","Pen Nib","Peace Pipe","Whetstone","Omamori","Sozu","reliquary:TuningFork","reliquary:Knoch","Red Mask"],"acts_visited":["Exordium","TheCity","TheBeyond"],"potions_floor_usage":[16,16,18,23,23,28],"damage_taken":[{"damage":0,"enemies":"2 Louse","floor":1,"turns":1},{"damage":0,"enemies":"Jaw Worm","floor":5,"turns":1},{"damage":0,"enemies":"Small Slimes","floor":7,"turns":1},{"damage":0,"enemies":"Blue Slaver","floor":13,"turns":3},{"damage":31,"enemies":"Hexaghost","floor":16,"turns":10},{"damage":9,"enemies":"2 Thieves","floor":18,"turns":4},{"damage":0,"enemies":"Spheric Guardian","floor":20,"turns":2},{"damage":9,"enemies":"Gremlin Leader","floor":23,"turns":5},{"damage":39,"enemies":"Book of Stabbing","floor":25,"turns":6},{"damage":0,"enemies":"3 Cultists","floor":28,"turns":2},{"damage":5,"enemies":"Centurion and Healer","floor":30,"turns":4},{"damage":55,"enemies":"Champ","floor":33,"turns":10},{"damage":11,"enemies":"3 Darklings","floor":35,"turns":3},{"damage":5,"enemies":"Orb Walker","floor":37,"turns":3},{"damage":19,"enemies":"4 Shapes","floor":39,"turns":2},{"damage":22,"enemies":"Transient","floor":41,"turns":6},{"damage":38,"enemies":"Jaw Worm Horde","floor":45,"turns":3},{"damage":29,"enemies":"Giant Head","floor":46,"turns":11},{"damage":31,"enemies":"Donu and Deca","floor":50,"turns":6}],"seed_played":"3765845726132503733","potions_obtained":[{"floor":1,"key":"GamblersBrew"},{"floor":13,"key":"BlessingOfTheForge"},{"floor":16,"key":"BlessingOfTheForge"},{"floor":18,"key":"Regen Potion"},{"floor":20,"key":"PowerPotion"},{"floor":25,"key":"BlessingOfTheForge"},{"floor":28,"key":"FairyPotion"}],"is_trial":false,"path_per_floor":["M","?","$","?","M","R","M","R","T","?","R","$","M","?","R","B",null,"M","?","M","$","?","E","R","E","T","?","M","$","M","T","R","B",null,"M","?","M","$","M","R","M","?","T","?","M","E","?","?","R","B"],"character_chosen":"DEFECT","items_purchased":["Cold Snap","Mercury Hourglass","Defragment","Mayhem"],"campfire_rested":3,"item_purchase_floors":[3,3,21,29],"current_hp_per_floor":[64,40,40,33,33,33,33,33,33,33,33,33,33,33,54,23,59,50,50,50,50,50,55,55,16,16,16,16,16,11,11,32,21,59,48,48,43,43,24,24,2,2,2,71,33,4,4,4,25,0,0],"gold":0,"neow_bonus":"THREE_ENEMY_KILL","is_daily":false,"chose_seed":false,"campfire_upgraded":5,"win_rate":0.0,"timestamp":1611871800,"path_taken":["M","?","$","?","M","R","M","R","T","?","R","?","M","?","R","BOSS","M","?","M","$","?","E","R","E","T","?","M","?","M","?","R","BOSS","M","?","M","$","M","R","M","?","T","?","M","E","?","?","R","BOSS"],"items_purchased_type":["Card","Relic","Card","Card"],"build_version":"2020-12-22","purchased_purges":3,"victory":false,"max_hp_per_floor":[71,71,71,71,71,71,71,71,71,71,71,71,71,71,71,71,71,71,71,71,71,71,71,71,71,71,71,71,71,71,71,71,71,71,71,71,71,71,71,71,71,71,71,71,71,71,71,71,71,71,71],"card_choices":[{"not_picked":["Go for the Eyes","Chaos"],"picked":"Ball Lightning","floor":1},{"not_picked":["Undo","Reinforced Body","Compile Driver"],"picked":"SKIP","floor":5},{"not_picked":["Compile Driver","Hologram"],"picked":"Conserve Battery","floor":7},{"not_picked":["Cold Snap","Leap"],"picked":"Conserve Battery","floor":13},{"not_picked":["Machine Learning","Fission"],"picked":"Electrodynamics","floor":16},{"not_picked":["Double Energy","Fusion+1"],"picked":"White Noise+1","floor":18},{"not_picked":["Heatsinks","Blizzard"],"picked":"Conserve Battery+1","floor":20},{"not_picked":["Blizzard+1","Hyperbeam","Storm"],"picked":"SKIP","floor":23},{"not_picked":["Redo","Steam","Turbo+1"],"picked":"SKIP","floor":25},{"not_picked":["Rebound","Streamline","FTL"],"picked":"SKIP","floor":28},{"not_picked":["Ball Lightning","Beam Cell"],"picked":"Coolheaded","floor":30},{"not_picked":["Core Surge","Electrodynamics"],"picked":"Echo Form","floor":33},{"not_picked":["Darkness","Consume","Blizzard+1"],"picked":"SKIP","floor":35},{"not_picked":["Redo","Self Repair+1"],"picked":"Glacier","floor":37},{"not_picked":["Melter+1","Stack","Ball Lightning"],"picked":"SKIP","floor":39},{"not_picked":["Barrage","Genetic Algorithm","Auto Shields"],"picked":"SKIP","floor":41},{"not_picked":["Purity","Mind Blast"],"picked":"Deep Breath","floor":42},{"not_picked":["Static Discharge","Chaos"],"picked":"Cold Snap","floor":45},{"not_picked":["BootSequence","Turbo","Heatsinks"],"picked":"SKIP","floor":46}],"player_experience":1170817,"relics_obtained":[{"floor":9,"key":"reliquary:Stiletto"},{"floor":23,"key":"Pen Nib"},{"floor":25,"key":"Peace Pipe"},{"floor":26,"key":"Whetstone"},{"floor":31,"key":"Omamori"},{"floor":43,"key":"reliquary:TuningFork"},{"floor":46,"key":"reliquary:Knoch"}],"event_choices":[{"damage_healed":0,"gold_gain":0,"player_choice":"Take Damage","damage_taken":24,"relics_obtained":["Golden Idol"],"max_hp_gain":0,"max_hp_loss":0,"event_name":"Golden Idol","floor":2,"gold_loss":0},{"cards_removed":["Strike_B"],"damage_healed":0,"gold_gain":0,"player_choice":"Card Removal","damage_taken":7,"max_hp_gain":0,"max_hp_loss":0,"event_name":"Golden Wing","floor":4,"gold_loss":0},{"damage_healed":0,"gold_gain":0,"player_choice":"Searched \u00271\u0027 times","damage_taken":0,"relics_obtained":["Thread and Needle"],"max_hp_gain":0,"max_hp_loss":0,"event_name":"Dead Adventurer","floor":10,"gold_loss":0},{"damage_healed":0,"gold_gain":0,"player_choice":"Ignored","damage_taken":0,"max_hp_gain":0,"max_hp_loss":0,"event_name":"Liars Game","floor":14,"gold_loss":0},{"damage_healed":0,"gold_gain":0,"player_choice":"Obtained Relic","damage_taken":0,"relics_obtained":["Letter Opener"],"max_hp_gain":0,"max_hp_loss":0,"event_name":"Addict","floor":19,"gold_loss":85},{"damage_healed":0,"gold_gain":50,"player_choice":"Stole From Cult","damage_taken":0,"max_hp_gain":0,"max_hp_loss":0,"event_name":"Nest","floor":22,"gold_loss":0},{"damage_healed":0,"gold_gain":0,"player_choice":"Simplicity","damage_taken":0,"max_hp_gain":0,"max_hp_loss":0,"event_name":"Back to Basics","floor":27,"gold_loss":0,"cards_upgraded":["Strike_B","Defend_B","Defend_B","Defend_B"]},{"cards_removed":["White Noise"],"damage_healed":0,"gold_gain":0,"player_choice":"Removed Skill","damage_taken":0,"max_hp_gain":0,"max_hp_loss":0,"event_name":"Falling","floor":36,"gold_loss":0},{"damage_healed":0,"gold_gain":0,"player_choice":"Memory 1","damage_taken":0,"max_hp_gain":0,"max_hp_loss":0,"event_name":"SensoryStone","floor":42,"gold_loss":0},{"damage_healed":69,"gold_gain":0,"player_choice":"Heal","damage_taken":0,"max_hp_gain":0,"max_hp_loss":0,"event_name":"MindBloom","floor":44,"gold_loss":0,"cards_obtained":["Doubt"]},{"damage_healed":0,"gold_gain":0,"player_choice":"Ignored","damage_taken":0,"max_hp_gain":0,"max_hp_loss":0,"event_name":"Mysterious Sphere","floor":47,"gold_loss":0},{"damage_healed":0,"gold_gain":0,"player_choice":"Paid","damage_taken":0,"relics_obtained":["Red Mask"],"max_hp_gain":0,"max_hp_loss":0,"event_name":"Tomb of Lord Red Mask","floor":48,"gold_loss":243}],"is_beta":false,"boss_relics":[{"not_picked":["Velvet Choker","SacredBark"],"picked":"SlaversCollar"},{"not_picked":["reliquary:Ember","Runic Dome"],"picked":"Sozu"}],"items_purged_floors":[3,12,38],"is_endless":false,"potions_floor_spawned":[1,13,16,18,20,25,28,35,45,46],"killed_by":"Donu and Deca","ascension_level":18}}