{"host":"z5ogtnuuoxgup8y1","time":1611853901,"event":{"mods":["BaseMod","Better Third Choice","BetterRewards","Hermit","Hubris","Jorbs\u0027s Wanderer Trilogy","Minty Spire (QoL Compilation)","Replay The Spire","Spicy Shops","StSLib","The Cursed","The Disciple","The Hierophant","The Jungle","The Runesmith"],"gold_per_floor":[112,112,128,12,23,23,98,98,98,98,98],"floor_reached":10,"language":"ENG","playtime":322,"items_purged":["Strike_R"],"score":112,"play_id":"04398e41-9879-454b-8c4d-f5e404462d83","local_time":"20210128171141","is_ascension_mode":true,"campfire_choices":[{"data":"Feed","floor":6,"key":"SMITH"},{"data":"Bash","floor":8,"key":"SMITH"}],"circlet_count":0,"master_deck":["AscendersBane","Strike_R","Strike_R","Strike_R","Defend_R","Defend_R","Defend_R","Defend_R","Bash+1","Seeing Red","Feed+1","Twin Strike","Twin Strike"],"relics":["Burning Blood","Calipers","Mango","Paper Frog"],"acts_visited":["Exordium"],"potions_floor_usage":[10],"damage_taken":[{"damage":13,"enemies":"Small Slimes","floor":1,"turns":5},{"damage":7,"enemies":"Cultist","floor":3,"turns":5},{"damage":7,"enemies":"Jaw Worm","floor":5,"turns":4},{"damage":40,"enemies":"3 Sentries","floor":10,"turns":7}],"seed_played":"2266589296888283798","potions_obtained":[{"floor":5,"key":"LiquidMemories"}],"is_trial":false,"path_per_floor":["M","?","M","$","M","R","?","R","T","E"],"character_chosen":"IRONCLAD","items_purchased":["Calipers","Twin Strike"],"campfire_rested":0,"item_purchase_floors":[0,4],"current_hp_per_floor":[50,50,49,49,51,51,40,40,40,0,0],"gold":98,"neow_bonus":"","is_daily":false,"chose_seed":false,"campfire_upgraded":2,"win_rate":0.0,"timestamp":1611853901,"path_taken":["M","?","M","?","M","R","?","R","T","E"],"items_purchased_type":["Relic","Card"],"build_version":"2020-12-22","purchased_purges":1,"victory":false,"max_hp_per_floor":[89,89,89,89,92,92,92,92,92,92,92],"card_choices":[{"not_picked":["Pummel","Flex"],"picked":"Seeing Red","floor":1},{"not_picked":["Warcry","Pommel Strike","Flex"],"picked":"SKIP","floor":3},{"not_picked":["Clothesline","Abandon","Body Slam"],"picked":"SKIP","floor":5}],"player_experience":685388,"relics_obtained":[{"floor":9,"key":"Paper Frog"}],"event_choices":[{"damage_healed":0,"gold_gain":0,"cards_transformed":["Strike_R"],"player_choice":"Transformed","damage_taken":0,"max_hp_gain":0,"max_hp_loss":0,"event_name":"Transmorgrifier","floor":2,"gold_loss":0,"cards_obtained":["Feed"]},{"damage_healed":0,"gold_gain":75,"player_choice":"Gold","damage_taken":11,"max_hp_gain":0,"max_hp_loss":0,"event_name":"betterThird:BetterGoop","floor":7,"gold_loss":0}],"is_beta":false,"boss_relics":[],"items_purged_floors":[4],"is_endless":false,"potions_floor_spawned":[5],"killed_by":"3 Sentries","ascension_level":20}}