{"host":"jhywql2x2v3ppvhm","time":1611852876,"event":{"mods":["BaseMod","Colored Map","Colored Powertips","Downfall","Googly Eyes","Hermit","Marisa????????","Minty Spire (QoL Compilation)","Rare Cards Sparkle","Slay the Relics Exporter","StSLib","The Animator","The Bug Knight","The Cursed","The Disciple","The Necromancer","The Runesmith","The Servant 0.9.4","slay the spire mod where everything is the same but ironclad has a cowboy hat"],"gold_per_floor":[99,110,166,166,179,192,192,92,110,110,138,35,35,210,229,328,328,328,339,189,200,210,44,44,44,44,44,44],"floor_reached":26,"language":"ENG","playtime":1557,"items_purged":[],"score":206,"play_id":"02c1c637-2f54-4c95-87e5-19268b511a2e","local_time":"20210128115436","is_ascension_mode":false,"campfire_choices":[{"floor":1,"key":"RECALL"},{"floor":8,"key":"REST"},{"data":"Slimebound:Darklings","floor":10,"key":"SMITH"},{"data":"Slimebound:RejuvenatingLick","floor":18,"key":"PURGE"},{"floor":25,"key":"REST"}],"circlet_count":0,"master_deck":["Slimebound:Strike_Slimebound","Slimebound:Strike_Slimebound","Slimebound:Tackle","Slimebound:Defend_Slimebound","Slimebound:Defend_Slimebound","Slimebound:Defend_Slimebound","Slimebound:Split","Slimebound:CorrosiveSpit","Slimebound:FirmFortitude","Slimebound:ItLooksTasty","Slimebound:SplitAcid","Slimebound:ServeAndProtect","Slimebound:SplitSpecialist","Slimebound:Darklings+1","Slimebound:LeadByExample","Slimebound:SplitAcid","Doubt","Slimebound:LevelUp","Slimebound:MinionMaster","Slimebound:Repurpose","Slimebound:SlimeTap+1"],"relics":["Slimebound:AbsorbEndCombat","Unceasing Top","downfall:BrokenWingStatue","downfall:HeartBlessingRed","Mercury Hourglass","Slimebound:ScrapOozeRelic","Black Star","Slimebound:AggressiveSlimeRelic"],"acts_visited":["Exordium","TheCity"],"potions_floor_usage":[16,16,19,21],"damage_taken":[{"damage":3,"enemies":"Small Slimes","floor":2,"turns":3},{"damage":44,"enemies":"Gremlin Nob","floor":3,"turns":5},{"damage":1,"enemies":"2 Louse","floor":5,"turns":2},{"damage":6,"enemies":"Jaw Worm","floor":6,"turns":3},{"damage":7,"enemies":"Large Slime","floor":9,"turns":6},{"damage":8,"enemies":"Lagavulin","floor":11,"turns":5},{"damage":0,"enemies":"downfall:FleeingMerchant","floor":12,"turns":4},{"damage":0,"enemies":"3 Louse","floor":15,"turns":2},{"damage":32,"enemies":"DF_ARCHETYPE_STREAMLINE","floor":16,"turns":8},{"damage":10,"enemies":"3 Byrds","floor":19,"turns":3},{"damage":22,"enemies":"Snake Plant","floor":21,"turns":4},{"damage":22,"enemies":"Centurion and Healer","floor":22,"turns":4},{"damage":15,"enemies":"downfall:FleeingMerchant","floor":23,"turns":4},{"damage":45,"enemies":"Slavers","floor":26,"turns":3}],"seed_played":"2989727143646669752","potions_obtained":[{"floor":6,"key":"Weak Potion"},{"floor":11,"key":"Fire Potion"},{"floor":15,"key":"FearPotion"},{"floor":16,"key":"Explosive Potion"},{"floor":21,"key":"Fruit Juice"}],"is_trial":false,"path_per_floor":["R","M","?","?","M","M","T","R","M","R","E","$","?","?","M","B",null,"R","M","?","M","M","$","T","R","E"],"character_chosen":"SLIMEBOUND","items_purchased":["Slimebound:LeadByExample","Slimebound:SplitAcid","Slimebound:AggressiveSlimeRelic"],"campfire_rested":2,"item_purchase_floors":[12,12,23],"current_hp_per_floor":[59,59,19,19,22,18,18,50,47,47,43,45,45,45,45,17,59,59,49,69,52,30,19,19,41,0,0,0],"gold":44,"neow_bonus":"TRANSFORM_TWO_CARDS","is_daily":false,"chose_seed":false,"campfire_upgraded":1,"win_rate":0.0,"timestamp":1611852876,"path_taken":["R","M","?","?","M","M","T","R","M","R","E","?","?","?","M","BOSS","R","M","?","M","?","$","T","R","E"],"items_purchased_type":["Card","Card","Relic"],"build_version":"2020-12-22","purchased_purges":0,"victory":false,"max_hp_per_floor":[59,59,59,59,59,59,59,59,59,59,59,59,59,59,59,59,59,59,59,69,74,74,74,74,74,74,74,74],"card_choices":[{"not_picked":["Slimebound:GoopTackle","Slimebound:FinishingTackle"],"picked":"Slimebound:ItLooksTasty","floor":2},{"not_picked":["Slimebound:Recollect","Slimebound:FinishingTackle"],"picked":"Slimebound:SplitAcid","floor":3},{"not_picked":["Slimebound:Prepare","Slimebound:ForwardTackle"],"picked":"Slimebound:ServeAndProtect","floor":5},{"not_picked":["Slimebound:LivingWall","Slimebound:FinishingTackle"],"picked":"Slimebound:SplitSpecialist","floor":6},{"not_picked":["Slimebound:Dissolve","Slimebound:ServeAndProtect"],"picked":"Slimebound:Darklings","floor":9},{"not_picked":["Slimebound:GoopTackle","Slimebound:ComboTackle","Slimebound:DisruptingSlam"],"picked":"SKIP","floor":11},{"not_picked":["Slimebound:HungryTackle","Slimebound:ForwardTackle","Slimebound:GoopSpray"],"picked":"SKIP","floor":12},{"not_picked":["Slimebound:Schlurp","Slimebound:ComboTackle"],"picked":"Slimebound:LevelUp","floor":15},{"not_picked":["Slimebound:DuplicatedForm","Slimebound:RallyTheTroops"],"picked":"Slimebound:MinionMaster","floor":16},{"not_picked":["Slimebound:SlimeSpikes+1","Slimebound:SplitAcid"],"picked":"Slimebound:Repurpose","floor":19},{"not_picked":["Slimebound:SplitBruiser+1","Slimebound:MegaLick"],"picked":"Slimebound:SlimeTap+1","floor":21},{"not_picked":["Slimebound:SlimeSpikes+1","Slimebound:ForwardTackle","Slimebound:ComboTackle"],"picked":"SKIP","floor":22},{"not_picked":["Slimebound:Schlurp+1","Slimebound:Recycling","Slimebound:SplitAcid"],"picked":"SKIP","floor":23}],"player_experience":184204,"relics_obtained":[{"floor":7,"key":"Regal Pillow"},{"floor":11,"key":"Mercury Hourglass"}],"event_choices":[],"is_beta":false,"boss_relics":[{"not_picked":["Runesmith:UraniumAnvil","Fusion Hammer"],"picked":"Black Star"}],"items_purged_floors":[],"is_endless":false,"potions_floor_spawned":[6,11,15,16,21],"killed_by":"Slavers","ascension_level":0}}