{"host":"ty2cix8xj6r3ad26","time":1611858960,"event":{"mods":["AchievementEnabler","BaseMod","BetterRewards","Hermit","Minty Spire (QoL Compilation)","StSLib","SuperFastMode"],"gold_per_floor":[115,132,132,132,82,107,121,121,121,137,163,183,458,494,494,625,625,653,578,250,165,13,13,36,68,93,93,93,124,124,146,146,282,282,307,307,327,94,120,160,160,160,160,32,72,97,137,159,159,166],"floor_reached":51,"language":"ENG","playtime":4434,"items_purged":["hermit:Defend_Hermit","hermit:Strike_Hermit","hermit:Defend_Hermit","hermit:Strike_Hermit","hermit:Strike_Hermit"],"score":964,"play_id":"c84595d1-39c7-43c0-9944-f43cf49570fd","local_time":"20210128203600","is_ascension_mode":false,"campfire_choices":[{"data":"hermit:Combo","floor":15,"key":"SMITH"},{"data":"hermit:Scavenge","floor":23,"key":"SMITH"},{"data":"hermit:Deadeye","floor":27,"key":"SMITH"},{"data":"hermit:Enervate","floor":30,"key":"SMITH"},{"data":"hermit:BigShot","floor":32,"key":"SMITH"},{"data":"1","floor":41,"key":"LIFT"},{"data":"2","floor":49,"key":"LIFT"}],"circlet_count":0,"master_deck":["hermit:Strike_Hermit","hermit:Defend_Hermit","hermit:Snapshot","hermit:Covet","hermit:TakeAim+1","Dramatic Entrance","hermit:Combo+1","hermit:Vantage","hermit:GhostlyPresence","hermit:Scavenge+1","hermit:BigShot+1","hermit:Deadeye+1","hermit:Gambit","hermit:Enervate+1","hermit:RoundhouseKick","hermit:LoneWolf+1","Parasite","hermit:EyeOfTheStorm","hermit:Snipe+1"],"relics":["hermit:Momento","Membership Card","Incense Burner","Singing Bowl","Oddly Smooth Stone","Golden Idol","White Beast Statue","hermit:Horseshoe","Philosopher\u0027s Stone","Anchor","Lizard Tail","Prayer Wheel","Potion Belt","Bag of Preparation","hermit:BartenderGlass","Girya","Lantern","Blue Candle","Sundial","Shuriken","Strawberry","PreservedInsect"],"acts_visited":["Exordium","TheCity","TheBeyond"],"potions_floor_usage":[0,10,10,12,14,14,14,16,25,29,31,33,33,33,37,39,39,40,45,50,50,50,50],"damage_taken":[{"damage":11,"enemies":"Jaw Worm","floor":1,"turns":3},{"damage":0,"enemies":"2 Louse","floor":2,"turns":2},{"damage":2,"enemies":"Small Slimes","floor":6,"turns":3},{"damage":6,"enemies":"3 Louse","floor":7,"turns":2},{"damage":1,"enemies":"Red Slaver","floor":10,"turns":3},{"damage":0,"enemies":"2 Fungi Beasts","floor":11,"turns":4},{"damage":0,"enemies":"Large Slime","floor":12,"turns":6},{"damage":1,"enemies":"Gremlin Nob","floor":14,"turns":4},{"damage":0,"enemies":"Slime Boss","floor":16,"turns":11},{"damage":8,"enemies":"Shell Parasite","floor":18,"turns":5},{"damage":5,"enemies":"Spheric Guardian","floor":24,"turns":3},{"damage":18,"enemies":"Snake Plant","floor":25,"turns":6},{"damage":1,"enemies":"Centurion and Healer","floor":29,"turns":4},{"damage":2,"enemies":"Cultist and Chosen","floor":31,"turns":3},{"damage":4,"enemies":"Collector","floor":33,"turns":6},{"damage":0,"enemies":"Orb Walker","floor":35,"turns":2},{"damage":1,"enemies":"3 Shapes","floor":37,"turns":4},{"damage":0,"enemies":"Sphere and 2 Shapes","floor":39,"turns":4},{"damage":23,"enemies":"Nemesis","floor":40,"turns":6},{"damage":1,"enemies":"Reptomancer","floor":45,"turns":4},{"damage":1,"enemies":"Transient","floor":46,"turns":5},{"damage":1,"enemies":"Giant Head","floor":47,"turns":5},{"damage":1,"enemies":"Writhing Mass","floor":48,"turns":5},{"damage":6,"enemies":"Time Eater","floor":50,"turns":6}],"seed_played":"307515642076682336","potions_obtained":[{"floor":2,"key":"LiquidMemories"},{"floor":7,"key":"CultistPotion"},{"floor":10,"key":"LiquidBronze"},{"floor":11,"key":"PowerPotion"},{"floor":12,"key":"DuplicationPotion"},{"floor":14,"key":"Ancient Potion"},{"floor":16,"key":"BlessingOfTheForge"},{"floor":18,"key":"Fire Potion"},{"floor":24,"key":"EssenceOfSteel"},{"floor":25,"key":"Strength Potion"},{"floor":29,"key":"PowerPotion"},{"floor":31,"key":"EssenceOfSteel"},{"floor":33,"key":"Ancient Potion"},{"floor":35,"key":"DistilledChaos"},{"floor":37,"key":"Block Potion"},{"floor":39,"key":"ColorlessPotion"},{"floor":40,"key":"SteroidPotion"},{"floor":45,"key":"EssenceOfSteel"},{"floor":46,"key":"EssenceOfSteel"},{"floor":47,"key":"Block Potion"}],"is_trial":false,"path_per_floor":["M","M","?","?","?","M","M","?","T","M","M","M","?","E","R","B",null,"M","?","$","?","$","R","M","M","T","R","?","M","R","M","R","B",null,"M","?","M","$","M","E","R","?","T","$","E","M","E","M","R","B",null],"character_chosen":"HERMIT","items_purchased":["Membership Card","Fruit Juice","hermit:TakeAim","Singing Bowl","Dramatic Entrance","hermit:Combo","Oddly Smooth Stone","Regen Potion","hermit:BigShot","Anchor","Lizard Tail","Potion Belt","Girya","Shuriken"],"campfire_rested":0,"item_purchase_floors":[0,0,0,0,0,0,0,0,20,20,20,22,38,44],"current_hp_per_floor":[36,36,36,36,36,34,30,30,30,38,40,42,42,43,43,45,92,86,86,86,86,86,86,83,69,69,69,69,70,70,72,72,68,106,110,110,113,113,115,94,94,94,94,94,102,105,106,105,105,99],"gold":166,"neow_bonus":"","is_daily":false,"chose_seed":false,"campfire_upgraded":5,"win_rate":0.0,"timestamp":1611858960,"path_taken":["M","M","?","?","?","M","M","?","T","M","?","M","?","E","R","BOSS","M","?","$","?","$","R","M","M","T","R","?","M","R","M","R","BOSS","M","?","?","$","M","E","R","?","T","$","E","M","E","M","R","BOSS"],"items_purchased_type":["Relic","Potion","Card","Relic","Card","Card","Relic","Potion","Card","Relic","Relic","Relic","Relic","Relic"],"build_version":"2020-12-22","purchased_purges":5,"victory":true,"max_hp_per_floor":[82,82,82,82,82,82,84,84,84,84,86,88,88,90,90,92,92,94,94,94,94,94,94,96,100,100,100,100,102,102,106,106,106,106,110,110,114,114,116,118,118,118,118,118,127,131,133,133,133,133],"card_choices":[{"not_picked":["hermit:Quickdraw","hermit:LuckOfTheDraw","hermit:Feint"],"picked":"Singing Bowl","floor":1},{"not_picked":["hermit:Headshot","hermit:Manifest"],"picked":"hermit:Vantage","floor":2},{"not_picked":["hermit:LoneWolf","hermit:Misfire"],"picked":"hermit:GhostlyPresence","floor":6},{"not_picked":["hermit:BodyArmor","hermit:TrackingShot","hermit:Coalescence"],"picked":"Singing Bowl","floor":7},{"not_picked":["hermit:LowProfile","hermit:Horror"],"picked":"hermit:Scavenge","floor":10},{"not_picked":["hermit:NoHoldsBarred","hermit:FullyLoaded","hermit:LoneWolf"],"picked":"Singing Bowl","floor":11},{"not_picked":["hermit:Grudge","hermit:Gestalt","hermit:Cheat"],"picked":"Singing Bowl","floor":12},{"not_picked":["hermit:OverwhelmingPower","hermit:FullyLoaded","hermit:Coalescence"],"picked":"Singing Bowl","floor":14},{"not_picked":["hermit:FatalDesire","hermit:FinalCanter","hermit:Reprieve"],"picked":"Singing Bowl","floor":16},{"not_picked":["hermit:Headshot","hermit:Misfire","hermit:Feint"],"picked":"Singing Bowl","floor":18},{"not_picked":["hermit:TrackingShot","hermit:Spite"],"picked":"hermit:Deadeye","floor":24},{"not_picked":["hermit:Misfire","hermit:Coalescence","hermit:Snipe"],"picked":"Singing Bowl","floor":24},{"not_picked":["hermit:Ricochet","hermit:CursedWeapon","hermit:Maintenance"],"picked":"Singing Bowl","floor":25},{"not_picked":["hermit:ShadowCloak","hermit:Showdown","hermit:Desperado+1"],"picked":"Singing Bowl","floor":25},{"not_picked":["hermit:WideOpen+1","hermit:BigShot+1"],"picked":"hermit:Enervate","floor":29},{"not_picked":["hermit:Malice+1","hermit:Desperado","hermit:CalledShot"],"picked":"Singing Bowl","floor":29},{"not_picked":["hermit:Dive","hermit:Adapt","hermit:Glare"],"picked":"Singing Bowl","floor":31},{"not_picked":["hermit:ItchyTrigger+1","hermit:Gestalt","hermit:Enervate"],"picked":"Singing Bowl","floor":31},{"not_picked":["hermit:DeadOrAlive","hermit:Dissolve"],"picked":"hermit:RoundhouseKick","floor":33},{"not_picked":["hermit:Dive","hermit:Brawl","hermit:BodyArmor+1"],"picked":"Singing Bowl","floor":35},{"not_picked":["hermit:HighCaliber+1","hermit:Manifest","hermit:Coalescence+1"],"picked":"Singing Bowl","floor":35},{"not_picked":["hermit:CursedWeapon+1","hermit:BodyArmor+1","hermit:FlashPowder"],"picked":"Singing Bowl","floor":37},{"not_picked":["hermit:LuckOfTheDraw+1","hermit:Dive","hermit:SprayPray+1"],"picked":"Singing Bowl","floor":37},{"not_picked":["hermit:Ricochet+1","hermit:Midnight+1","hermit:Malice"],"picked":"Singing Bowl","floor":39},{"not_picked":["hermit:Manifest+1","hermit:Enervate+1"],"picked":"hermit:LoneWolf+1","floor":39},{"not_picked":["hermit:Ricochet+1","hermit:Manifest","hermit:FromBeyond"],"picked":"Singing Bowl","floor":40},{"not_picked":["hermit:Ricochet","hermit:Midnight+1","hermit:Snipe+1"],"picked":"Singing Bowl","floor":45},{"not_picked":["hermit:Headshot+1","hermit:Manifest+1","hermit:Cheat"],"picked":"Singing Bowl","floor":46},{"not_picked":["hermit:Vantage","hermit:Glare","hermit:Purgatory"],"picked":"Singing Bowl","floor":46},{"not_picked":["hermit:Enervate","hermit:Scavenge","hermit:LuckOfTheDraw"],"picked":"Singing Bowl","floor":47},{"not_picked":["hermit:CalledShot+1","hermit:Ricochet"],"picked":"hermit:EyeOfTheStorm","floor":48},{"not_picked":["hermit:Headshot","hermit:Coalescence+1"],"picked":"hermit:Snipe+1","floor":48}],"player_experience":505950,"relics_obtained":[{"floor":9,"key":"White Beast Statue"},{"floor":14,"key":"hermit:Horseshoe"},{"floor":26,"key":"Bag of Preparation"},{"floor":40,"key":"Lantern"},{"floor":43,"key":"Sundial"},{"floor":45,"key":"Strawberry"},{"floor":47,"key":"PreservedInsect"}],"event_choices":[{"cards_removed":["hermit:Defend_Hermit"],"damage_healed":0,"gold_gain":0,"player_choice":"Forget","damage_taken":0,"max_hp_gain":0,"max_hp_loss":0,"event_name":"Living Wall","floor":3,"gold_loss":0},{"damage_healed":0,"gold_gain":0,"player_choice":"Take Wound","damage_taken":0,"relics_obtained":["Golden Idol"],"max_hp_gain":0,"max_hp_loss":0,"event_name":"Golden Idol","floor":4,"gold_loss":0,"cards_obtained":["Injury"]},{"cards_removed":["Injury"],"damage_healed":0,"gold_gain":0,"player_choice":"Card Removal","damage_taken":0,"max_hp_gain":0,"max_hp_loss":0,"event_name":"The Cleric","floor":5,"gold_loss":50},{"damage_healed":0,"gold_gain":0,"player_choice":"Upgraded","damage_taken":0,"max_hp_gain":0,"max_hp_loss":0,"event_name":"Upgrade Shrine","floor":8,"gold_loss":0,"cards_upgraded":["hermit:TakeAim"]},{"damage_healed":0,"gold_gain":275,"player_choice":"Desecrate","damage_taken":0,"max_hp_gain":0,"max_hp_loss":0,"event_name":"Golden Shrine","floor":13,"gold_loss":0,"cards_obtained":["Regret"]},{"cards_removed":["Regret"],"damage_healed":0,"gold_gain":0,"player_choice":"Gave Gold","damage_taken":0,"max_hp_gain":0,"max_hp_loss":0,"event_name":"Beggar","floor":19,"gold_loss":75},{"damage_healed":0,"gold_gain":0,"player_choice":"Obtained Relic","damage_taken":0,"relics_obtained":["Prayer Wheel"],"max_hp_gain":0,"max_hp_loss":0,"event_name":"Addict","floor":21,"gold_loss":85},{"damage_healed":0,"gold_gain":0,"player_choice":"Read","damage_taken":0,"max_hp_gain":0,"max_hp_loss":0,"event_name":"The Library","floor":28,"gold_loss":0,"cards_obtained":["hermit:Gambit"]},{"damage_healed":0,"gold_gain":0,"player_choice":"Ignored","damage_taken":0,"max_hp_gain":0,"max_hp_loss":0,"event_name":"NoteForYourself","floor":36,"gold_loss":0},{"damage_healed":0,"gold_gain":0,"player_choice":"Gave Potion","damage_taken":0,"relics_obtained":["Blue Candle"],"max_hp_gain":0,"max_hp_loss":0,"event_name":"WeMeetAgain","floor":42,"gold_loss":0}],"is_beta":false,"boss_relics":[{"not_picked":["Pandora\u0027s Box","SacredBark"],"picked":"Philosopher\u0027s Stone"},{"not_picked":["Calling Bell","Astrolabe"],"picked":"hermit:BartenderGlass"}],"items_purged_floors":[0,0,20,22,38],"is_endless":false,"potions_floor_spawned":[2,7,10,11,12,14,16,18,24,25,29,31,33,35,37,39,40,45,46,47,48],"ascension_level":0}}