{"host":"e52c7hvho6xny3hd","time":1611834005,"event":{"mods":["AchievementEnabler","BaseMod","Colored Map","DeckTracker","Minty Spire (QoL Compilation)","Permanent Neow","StSLib"],"gold_per_floor":[113,124,143,143,158,158,158,158,211,239,251,283,295,335,347,359,359],"floor_reached":16,"language":"KOR","playtime":472,"items_purged":[],"score":215,"play_id":"470ed777-9bc8-4695-965c-5ffd92b23bbf","local_time":"20210128204005","is_ascension_mode":true,"campfire_choices":[{"data":"True Grit","floor":6.0,"key":"SMITH"},{"data":"Body Slam","floor":11,"key":"SMITH"},{"data":"Demon Form","floor":13,"key":"SMITH"},{"floor":15,"key":"REST"}],"circlet_count":0,"master_deck":["AscendersBane","Strike_R","Strike_R","Strike_R","Strike_R","Defend_R","Defend_R","Defend_R","Defend_R","Bash","True Grit+1","Body Slam+1","Carnage","Anger","Evolve","Fire Breathing","Demon Form+1"],"relics":["Burning Blood","NeowsBlessing","Boot","MawBank","Strawberry"],"acts_visited":["Exordium"],"potions_floor_usage":[14,16],"damage_taken":[{"damage":0.0,"enemies":"Cultist","floor":1.0,"turns":1.0},{"damage":0.0,"enemies":"Small Slimes","floor":2.0,"turns":2.0},{"damage":0.0,"enemies":"2 Louse","floor":3.0,"turns":1.0},{"damage":1.0,"enemies":"Lots of Slimes","floor":5.0,"turns":4.0},{"damage":31,"enemies":"3 Sentries","floor":10,"turns":8},{"damage":11,"enemies":"Looter","floor":12,"turns":3},{"damage":26,"enemies":"Lagavulin","floor":14,"turns":6},{"damage":42,"enemies":"The Guardian","floor":16,"turns":6}],"seed_played":"-5460368672805097606","potions_obtained":[{"floor":1.0,"key":"DistilledChaos"},{"floor":3.0,"key":"Swift Potion"},{"floor":12,"key":"FearPotion"},{"floor":14,"key":"Energy Potion"}],"is_trial":false,"path_per_floor":["M","M","M","?","M","R","?","?","T","E","R","M","R","E","R","B"],"character_chosen":"IRONCLAD","items_purchased":[],"campfire_rested":1,"item_purchase_floors":[],"current_hp_per_floor":[74,75,75,75,75,75,75,75,75,50,50,45,45,32,56,14,14],"gold":359,"neow_bonus":"THREE_ENEMY_KILL","is_daily":false,"chose_seed":false,"campfire_upgraded":3,"win_rate":0.0,"timestamp":1611834005,"path_taken":["M","M","M","?","M","R","?","?","T","E","R","M","R","E","R","BOSS"],"items_purchased_type":[],"build_version":"2020-12-22","purchased_purges":0,"victory":false,"max_hp_per_floor":[75,75,75,75,75,75,75,75,75,75,75,75,75,82,82,82,82],"card_choices":[{"not_picked":["Infernal Blade","Pummel"],"picked":"True Grit","floor":1.0},{"not_picked":["Armaments","Reckless Charge"],"picked":"Body Slam","floor":2.0},{"not_picked":["Disarm","Cleave"],"picked":"Carnage","floor":3.0},{"not_picked":["True Grit","Rupture"],"picked":"Evolve","floor":5.0},{"not_picked":["Iron Wave","Combust"],"picked":"Fire Breathing","floor":10},{"not_picked":["Combust","Armaments"],"picked":"Demon Form","floor":12},{"not_picked":["Evolve","Headbutt","Juggernaut"],"picked":"SKIP","floor":14}],"player_experience":701800,"relics_obtained":[{"floor":9,"key":"Boot"},{"floor":10,"key":"MawBank"},{"floor":14,"key":"Strawberry"}],"event_choices":[{"damage_healed":0.0,"max_hp_gain":0.0,"max_hp_loss":0.0,"gold_gain":0.0,"cards_transformed":["Strike_R"],"event_name":"Living Wall","player_choice":"Change","floor":4.0,"gold_loss":0.0,"damage_taken":0.0,"cards_obtained":["Anger"]},{"damage_healed":0,"gold_gain":0,"player_choice":"Searched \u00270\u0027 times","damage_taken":0,"max_hp_gain":0,"max_hp_loss":0,"event_name":"Dead Adventurer","floor":7,"gold_loss":0},{"damage_healed":0,"gold_gain":0,"player_choice":"Ignored","damage_taken":0,"max_hp_gain":0,"max_hp_loss":0,"event_name":"Liars Game","floor":8,"gold_loss":0}],"is_beta":false,"boss_relics":[],"items_purged_floors":[],"is_endless":false,"potions_floor_spawned":[1,3,12,14],"killed_by":"The Guardian","ascension_level":19}}