{"host":"clgpak7dimivr1r3","time":1611853945,"event":{"mods":["BaseMod","Colored Map","Colored Powertips","Curses Come First","Minty Spire (QoL Compilation)","Relic Stats","Say the Spire","StSLib"],"gold_per_floor":[161,161,161,161,180,212,212,222,222,247,247,247,266,41,41,144,144,155,173,223,241,258,258,258],"floor_reached":23,"language":"ENG","playtime":966,"items_purged":[],"score":312,"play_id":"fc17b331-405d-4be7-919d-7fb70ab6a9b7","local_time":"20210128201225","is_ascension_mode":true,"campfire_choices":[{"floor":7,"key":"REST"},{"data":"Infernal Blade","floor":11,"key":"SMITH"},{"floor":15,"key":"REST"}],"circlet_count":0,"master_deck":["AscendersBane","Strike_R","Strike_R","Strike_R","Strike_R","Strike_R+1","Defend_R+1","Defend_R","Defend_R","Defend_R","Bash+1","Blood for Blood+1","Iron Wave","Infernal Blade+1","Cleave","Twin Strike","Shrug It Off","Disarm","Metallicize","Double Tap","Armaments","Sword Boomerang","Clothesline"],"relics":["Tiny House","Calipers","Bottled Flame","Dead Branch","White Beast Statue","CaptainsWheel","Sling","Mark of Pain"],"acts_visited":["Exordium","TheCity"],"potions_floor_usage":[10,13,16,16,16,21,22,23,23],"damage_taken":[{"damage":0,"enemies":"2 Louse","floor":1,"turns":2},{"damage":2,"enemies":"Jaw Worm","floor":5,"turns":3},{"damage":35,"enemies":"Gremlin Nob","floor":6,"turns":5},{"damage":0,"enemies":"Cultist","floor":8,"turns":3},{"damage":10,"enemies":"3 Sentries","floor":10,"turns":4},{"damage":6,"enemies":"Exordium Wildlife","floor":13,"turns":2},{"damage":10,"enemies":"Slime Boss","floor":16,"turns":11},{"damage":9,"enemies":"Shell Parasite","floor":18,"turns":3},{"damage":0,"enemies":"Spheric Guardian","floor":19,"turns":3},{"damage":18,"enemies":"Centurion and Healer","floor":21,"turns":4},{"damage":18,"enemies":"Shelled Parasite and Fungi","floor":22,"turns":3},{"damage":41,"enemies":"Gremlin Leader","floor":23,"turns":5}],"seed_played":"-3134242154047123743","potions_obtained":[{"floor":0,"key":"EntropicBrew"},{"floor":1,"key":"BlessingOfTheForge"},{"floor":10,"key":"AttackPotion"},{"floor":13,"key":"Fire Potion"},{"floor":16,"key":"LiquidMemories"},{"floor":21,"key":"EssenceOfSteel"},{"floor":22,"key":"DistilledChaos"}],"is_trial":false,"path_per_floor":["M","?","T","?","M","E","R","M","T","E","R","?","M","$","R","B",null,"M","M","?","M","M","E"],"character_chosen":"IRONCLAD","items_purchased":["Sling","Metallicize"],"campfire_rested":2,"item_purchase_floors":[14,14],"current_hp_per_floor":[77,60,60,60,58,23,48,48,48,38,38,20,14,14,39,29,71,62,62,62,56,38,0,0],"gold":258,"neow_bonus":"BOSS_RELIC","is_daily":false,"chose_seed":false,"campfire_upgraded":1,"win_rate":0.0,"timestamp":1611853945,"path_taken":["M","?","?","?","?","E","R","M","T","E","R","?","M","$","R","BOSS","M","M","?","?","?","E"],"items_purchased_type":["Relic","Card"],"build_version":"2020-12-22","purchased_purges":0,"victory":false,"max_hp_per_floor":[85,85,85,85,85,85,85,85,85,85,85,85,85,85,85,85,85,85,85,85,85,85,85,85],"relic_stats":{"counters":[12,48],"Dead Branch":[23],"obtain_stats":[{"Bottled Flame":6,"CaptainsWheel":12,"Tiny House":0,"Calipers":3,"Dead Branch":9,"Mark of Pain":17,"Sling":14,"Burning Blood":0,"White Beast Statue":10},{"Bottled Flame":3,"CaptainsWheel":5,"Tiny House":0,"Calipers":1,"Dead Branch":4,"Mark of Pain":7,"Sling":6,"Burning Blood":0,"White Beast Statue":5},{"Bottled Flame":10,"CaptainsWheel":17,"Tiny House":0,"Calipers":2,"Dead Branch":13,"Mark of Pain":30,"Sling":19,"Burning Blood":0,"White Beast Statue":17}]},"card_choices":[{"not_picked":["Pummel","Heavy Blade"],"picked":"Blood for Blood","floor":0},{"not_picked":["Dark Embrace","Havoc"],"picked":"Iron Wave","floor":1},{"not_picked":["Clothesline","Wild Strike"],"picked":"Infernal Blade","floor":5},{"not_picked":["Evolve","Warcry"],"picked":"Cleave","floor":6},{"not_picked":["Perfected Strike","Thunderclap"],"picked":"Twin Strike","floor":8},{"not_picked":["True Grit","Thunderclap"],"picked":"Shrug It Off","floor":10},{"not_picked":["Pummel","Searing Blow"],"picked":"Disarm","floor":13},{"not_picked":["Exhume","Brutality"],"picked":"Double Tap","floor":16},{"not_picked":["Rampage","Havoc"],"picked":"Armaments","floor":18},{"not_picked":["Sentinel","Clash","Flex"],"picked":"SKIP","floor":19},{"not_picked":["Dual Wield","Seeing Red"],"picked":"Sword Boomerang","floor":21},{"not_picked":["Havoc","Burning Pact"],"picked":"Clothesline","floor":22}],"player_experience":113863,"relics_obtained":[{"floor":3,"key":"Calipers"},{"floor":6,"key":"Bottled Flame"},{"floor":9,"key":"Dead Branch"},{"floor":10,"key":"White Beast Statue"}],"event_choices":[{"damage_healed":0,"gold_gain":0,"player_choice":"Entered Light","damage_taken":17,"max_hp_gain":0,"max_hp_loss":0,"event_name":"Shining Light","floor":2,"gold_loss":0,"cards_upgraded":["Strike_R","Bash"]},{"damage_healed":0,"gold_gain":0,"player_choice":"Forge","damage_taken":0,"max_hp_gain":0,"max_hp_loss":0,"event_name":"Accursed Blacksmith","floor":4,"gold_loss":0,"cards_upgraded":["Blood for Blood"]},{"damage_healed":0,"gold_gain":0,"player_choice":"Success","damage_taken":18,"relics_obtained":["CaptainsWheel"],"max_hp_gain":0,"max_hp_loss":0,"event_name":"Scrap Ooze","floor":12,"gold_loss":0},{"damage_healed":0,"gold_gain":100,"player_choice":"Bet on Murderer","damage_taken":0,"max_hp_gain":0,"max_hp_loss":0,"event_name":"The Joust","floor":20,"gold_loss":50}],"is_beta":false,"boss_relics":[{"not_picked":["Ectoplasm","Fusion Hammer"],"picked":"Mark of Pain"}],"items_purged_floors":[],"is_endless":false,"potions_floor_spawned":[1,10,13,16,18,19,21,22],"killed_by":"Gremlin Leader","ascension_level":11}}