{"host":"ktoxvvst1mwxww91","time":1611841271,"event":{"mods":["BaseMod","Downfall","Minty Spire (QoL Compilation)","StSLib"],"gold_per_floor":[99,119,134,134,149,149,149,183,83,83,68,68,79,90,104,206,206,206,220,231,231,63,63,63,83,83,83,83,169,189,224,235,235,235,235],"floor_reached":33,"language":"ENG","playtime":1284,"items_purged":["Doubt","Slimebound:Strike_Slimebound"],"score":320,"play_id":"4c8f8fa1-543f-4c5b-b08b-41d0dce6f1ac","local_time":"20210128144111","is_ascension_mode":true,"campfire_choices":[{"data":"Slimebound:Split","floor":1,"key":"SMITH"},{"data":"Slimebound:LeechingTouch","floor":6,"key":"SMITH"},{"data":"Slimebound:CorrosiveSpit","floor":9,"key":"SMITH"},{"data":"Slimebound:RollThrough","floor":12,"key":"SMITH"},{"data":"Slimebound:DuplicatedForm","floor":18,"key":"SMITH"},{"data":"Slimebound:LeadByExample","floor":23,"key":"SMITH"},{"data":"Slimebound:RollThrough","floor":27,"key":"SMITH"}],"circlet_count":0,"master_deck":["Slimebound:Strike_Slimebound","Slimebound:Strike_Slimebound","Slimebound:Tackle","Slimebound:Defend_Slimebound","Slimebound:Defend_Slimebound","Slimebound:Defend_Slimebound","Slimebound:Defend_Slimebound","Slimebound:Split+1","Slimebound:CorrosiveSpit+1","Slimebound:ComboTackle","Slimebound:ComboTackle","Slimebound:LeechingTouch+1","Slimebound:SplitSpecialist","Slimebound:RollThrough+1","Slimebound:SplitLeeching+1","Slimebound:RollThrough+1","Slimebound:DuplicatedForm+1","Slimebound:OozeBath","Slimebound:SplitLeeching","Slimebound:Prepare+1","Slimebound:GoopTackle+1","Slimebound:LeadByExample+1","Slimebound:AcidTongue+1","Slimebound:Darklings","Slimebound:FormOfPuddle","Slimebound:SpikyOuterGoop","Slimebound:SplitSpecialist","Slimebound:SplitLeeching","Slimebound:Prepare","Slimebound:LevelUp"],"relics":["Coffee Dripper","WarpedTongs","Gremlin Horn","PreservedInsect","downfall:HeartBlessingGreen","Spirit Poop","Snecko Eye","MutagenicStrength","StrikeDummy"],"acts_visited":["Exordium","TheCity"],"potions_floor_usage":[31,31,33],"damage_taken":[{"damage":0,"enemies":"2 Louse","floor":2,"turns":2},{"damage":3,"enemies":"Cultist","floor":3,"turns":3},{"damage":6,"enemies":"Jaw Worm","floor":5,"turns":3},{"damage":20,"enemies":"Lagavulin","floor":8,"turns":5},{"damage":0,"enemies":"downfall:FleeingMerchant","floor":11,"turns":4},{"damage":5,"enemies":"Red Slaver","floor":13,"turns":2},{"damage":5,"enemies":"Exordium Thugs","floor":14,"turns":3},{"damage":2,"enemies":"Gremlin Gang","floor":15,"turns":3},{"damage":20,"enemies":"WA_ARCHETYPE_RETAIN","floor":16,"turns":6},{"damage":35,"enemies":"Shell Parasite","floor":19,"turns":2},{"damage":30,"enemies":"Cultist and Chosen","floor":20,"turns":4},{"damage":15,"enemies":"downfall:FleeingMerchant","floor":22,"turns":4},{"damage":24,"enemies":"Chosen and Byrds","floor":25,"turns":5},{"damage":15,"enemies":"downfall:FleeingMerchant","floor":29,"turns":4},{"damage":19,"enemies":"Centurion and Healer","floor":30,"turns":5},{"damage":0,"enemies":"Slavers","floor":31,"turns":2},{"damage":15,"enemies":"3 Cultists","floor":32,"turns":5},{"damage":21,"enemies":"IC_MUSHROOM_ARCHETYPE","floor":33,"turns":1}],"seed_played":"9122373544090251335","potions_obtained":[{"floor":8,"key":"GamblersBrew"},{"floor":13,"key":"SneckoOil"},{"floor":14,"key":"ColorlessPotion"},{"floor":16,"key":"Fire Potion"},{"floor":30,"key":"Guardian:BlockOnCardUsePotion"},{"floor":32,"key":"SteroidPotion"}],"is_trial":false,"path_per_floor":["R","M","M","?","M","R","T","E","R","?","$","R","M","M","M","B",null,"R","M","M","?","$","R","T","M","?","R","?","$","M","E","M","B"],"character_chosen":"SLIMEBOUND","items_purchased":["Slimebound:LeadByExample","Slimebound:SpikyOuterGoop","Slimebound:SplitSpecialist"],"campfire_rested":0,"item_purchase_floors":[22,29,29],"current_hp_per_floor":[65,65,62,62,56,56,56,36,36,36,36,36,31,26,24,19,65,65,45,30,30,30,30,30,21,21,21,21,21,17,17,17,0,0,0],"gold":235,"neow_bonus":"BOSS_RELIC","is_daily":false,"chose_seed":false,"campfire_upgraded":7,"win_rate":0.0,"timestamp":1611841271,"path_taken":["R","M","M","?","?","R","T","E","R","?","$","R","?","M","M","BOSS","R","M","M","?","$","R","T","?","?","R","?","$","?","E","M","BOSS"],"items_purchased_type":["Card","Card","Card"],"build_version":"2020-12-22","purchased_purges":2,"victory":false,"max_hp_per_floor":[65,65,65,65,65,65,65,65,65,65,65,65,65,65,65,65,65,65,65,65,65,65,65,65,65,65,65,65,65,65,65,65,65,65,65],"card_choices":[{"not_picked":["Slimebound:Schlurp","Slimebound:PressTheAttack"],"picked":"Slimebound:ComboTackle","floor":2},{"not_picked":["Slimebound:GoopSpray","Slimebound:LivingWall"],"picked":"Slimebound:ComboTackle","floor":3},{"not_picked":["Slimebound:HauntingLick","Slimebound:LivingWall"],"picked":"Slimebound:LeechingTouch","floor":5},{"not_picked":["Slimebound:TagTeam","Slimebound:Repurpose"],"picked":"Slimebound:SplitSpecialist","floor":8},{"not_picked":["Slimebound:TagTeam","Slimebound:HungryTackle"],"picked":"Slimebound:RollThrough","floor":11},{"not_picked":["Slimebound:FinishingTackle","Slimebound:DivideAndConquer"],"picked":"Slimebound:SplitLeeching","floor":13},{"not_picked":["Slimebound:Prepare","Slimebound:Replication"],"picked":"Slimebound:RollThrough","floor":14},{"not_picked":["Slimebound:HauntingLick","Slimebound:Schlurp"],"picked":"Slimebound:DuplicatedForm","floor":15},{"not_picked":["Slimebound:SelfFormingGoo","Slimebound:Recycling"],"picked":"Slimebound:OozeBath","floor":16},{"not_picked":["Slimebound:ItLooksTasty","Slimebound:DisruptingSlam"],"picked":"Slimebound:SplitLeeching","floor":19},{"not_picked":["Slimebound:Recollect+1","Slimebound:Repurpose+1"],"picked":"Slimebound:Prepare","floor":20},{"not_picked":["Slimebound:PressTheAttack","Slimebound:RainOfGoop"],"picked":"Slimebound:GoopTackle+1","floor":22},{"not_picked":["Slimebound:SplitAcid","Slimebound:GoopTackle"],"picked":"Slimebound:AcidTongue+1","floor":25},{"not_picked":["Slimebound:MassRepurpose","Slimebound:BestDefense"],"picked":"Slimebound:FormOfPuddle","floor":29},{"not_picked":["Slimebound:SlimeSpikes","Slimebound:SplitBruiser"],"picked":"Slimebound:SplitLeeching","floor":30},{"not_picked":["Slimebound:MegaLick","Slimebound:SlimeSpikes"],"picked":"Slimebound:Prepare","floor":31},{"not_picked":["Slimebound:Repurpose","Slimebound:ComboTackle"],"picked":"Slimebound:LevelUp","floor":32}],"player_experience":863595,"relics_obtained":[{"floor":7,"key":"Gremlin Horn"},{"floor":8,"key":"PreservedInsect"},{"floor":24,"key":"Ornamental Fan"},{"floor":31,"key":"StrikeDummy"}],"event_choices":[{"damage_healed":0,"gold_gain":0,"player_choice":"Rummage","damage_taken":0,"relics_obtained":["WarpedTongs"],"max_hp_gain":0,"max_hp_loss":0,"event_name":"Accursed Blacksmith","floor":4,"gold_loss":0,"cards_obtained":["Pain"]},{"cards_removed":["Pain"],"damage_healed":0,"gold_gain":0,"player_choice":"Offered Curse","damage_taken":0,"relics_obtained":["Spirit Poop"],"max_hp_gain":0,"max_hp_loss":0,"event_name":"Bonfire Elementals","floor":10,"gold_loss":0},{"damage_healed":0,"gold_gain":0,"player_choice":"Inject Mutagens","damage_taken":0,"relics_obtained":["MutagenicStrength"],"max_hp_gain":0,"max_hp_loss":0,"event_name":"Drug Dealer","floor":26,"gold_loss":0}],"is_beta":false,"boss_relics":[{"not_picked":["Astrolabe","Black Star"],"picked":"Snecko Eye"}],"items_purged_floors":[22,29],"is_endless":false,"potions_floor_spawned":[8,13,14,16,25,30,32],"killed_by":"IC_MUSHROOM_ARCHETYPE","ascension_level":2}}