{"host":"iv8ljmz7si0xetfh","time":1611842621,"event":{"mods":["100% Spire Juice","BaseMod","Bestiary","Better Note","Colored Map","Colored Powertips","Dark Map","DeckTracker","Displayed Cursed Tome","Downfall","Highlight Path","Minty Spire (QoL Compilation)","Prisma Mod","Rare Cards Sparkle","Relic Stats","StSLib","The Alterego","Unceasing Turn Reminder","Weighted Paths"],"gold_per_floor":[119,132,207,225,44,79,79,92,116,116,133,158,158,170,170,268,268,284,284,264,264,264,264,279,279,279,305,322,339,37,62,62,159,159,171,189,189,236,256,256,288,288,288,317,317,328,328,328,328,328],"floor_reached":51,"language":"ENG","playtime":3982,"items_purged":[],"score":803,"play_id":"f135c3cb-2402-458d-b4fd-87a7a5e8d785","local_time":"20210128140341","daily_mods":["Heirloom","Time Dilation"],"is_ascension_mode":false,"campfire_choices":[{"data":"bronze:Goto","floor":7,"key":"SMITH"},{"data":"bronze:DelayedSlice","floor":10,"key":"SMITH"},{"data":"bronze:ChildClass","floor":13,"key":"SMITH"},{"data":"bronze:FineTuning","floor":15,"key":"SMITH"},{"data":"bronze:GetLatest","floor":23,"key":"SMITH"},{"data":"bronze:HyperBeam","floor":25,"key":"SMITH"},{"data":"bronze:AlphaBuild","floor":32,"key":"SMITH"},{"data":"bronze:Mutator","floor":40,"key":"SMITH"},{"data":"bronze:Flail","floor":42,"key":"SMITH"},{"data":"bronze:Repulsor","floor":45,"key":"SMITH"},{"data":"Mayhem","floor":49,"key":"SMITH"}],"circlet_count":0,"master_deck":["bronze:Strike","bronze:Strike","bronze:Defend+1","bronze:Defend","bronze:Defend+1","bronze:Defend","bronze:Replicate","bronze:Goto+1","bronze:BugBarrage","bronze:DelayedSlice+1","bronze:Branch+1","bronze:BronzeOrb+1","bronze:ChosenStrike","bronze:HyperBeam+1","bronze:ChildClass+1","bronze:Allocate","bronze:FineTuning+1","bronze:Assembly","bronze:GetLatest+1","bronze:ChosenStrike+1","bronze:ItsAFeature","bronze:ForceShield","bronze:WhirlingStrike","bronze:Flail+1","bronze:MaxOutput","bronze:AlphaBuild+1","bronze:Mutator+1","bronze:FineTuning","bronze:Overheat+1","bronze:Format","bronze:Repulsor+1","Finesse","Master of Strategy","Mayhem+1"],"relics":["bronze:BronzeCore","Unceasing Top","Bag of Marbles","PreservedInsect","Potion Belt","War Paint","bronze:MakeshiftBattery","Meat on the Bone","Blue Candle","HornCleat","Guardian:PocketSentry","Happy Flower","SacredBark","bronze:BottledCode","StoneCalendar","Shovel","Lizard Tail","Whetstone"],"acts_visited":["Exordium","TheCity","TheBeyond"],"potions_floor_usage":[12,28,29,33,41,50,50,50,50],"damage_taken":[{"damage":1,"enemies":"Jaw Worm","floor":1,"turns":3},{"damage":1,"enemies":"Cultist","floor":2,"turns":3},{"damage":0,"enemies":"2 Louse","floor":4,"turns":2},{"damage":0,"enemies":"Gremlin Nob","floor":6,"turns":2},{"damage":2,"enemies":"Large Slime","floor":8,"turns":4},{"damage":0,"enemies":"Looter","floor":11,"turns":1},{"damage":7,"enemies":"Lagavulin","floor":12,"turns":3},{"damage":3,"enemies":"3 Louse","floor":14,"turns":2},{"damage":8,"enemies":"Slime Boss","floor":16,"turns":5},{"damage":0,"enemies":"2 Thieves","floor":18,"turns":3},{"damage":0,"enemies":"Chosen","floor":24,"turns":3},{"damage":0,"enemies":"Gremlin Leader","floor":27,"turns":3},{"damage":0,"enemies":"Snake Plant","floor":28,"turns":2},{"damage":0,"enemies":"Snecko","floor":29,"turns":3},{"damage":0,"enemies":"Book of Stabbing","floor":31,"turns":1},{"damage":9,"enemies":"Automaton","floor":33,"turns":6},{"damage":0,"enemies":"3 Shapes","floor":35,"turns":1},{"damage":4,"enemies":"3 Darklings","floor":36,"turns":3},{"damage":0,"enemies":"2 Orb Walkers","floor":38,"turns":1},{"damage":0,"enemies":"Writhing Mass","floor":39,"turns":1},{"damage":7,"enemies":"Giant Head","floor":41,"turns":3},{"damage":0,"enemies":"Nemesis","floor":44,"turns":3},{"damage":0,"enemies":"Transient","floor":46,"turns":5},{"damage":18,"enemies":"Time Eater","floor":50,"turns":5}],"seed_played":"6595770497998947517","potions_obtained":[{"floor":1,"key":"FearPotion"},{"floor":8,"key":"Swift Potion"},{"floor":11,"key":"SkillPotion"},{"floor":14,"key":"LiquidMemories"},{"floor":20,"key":"champ:CounterPotion"},{"floor":24,"key":"PowerPotion"},{"floor":28,"key":"SpeedPotion"},{"floor":33,"key":"Explosive Potion"},{"floor":36,"key":"AttackPotion"},{"floor":38,"key":"DuplicationPotion"},{"floor":39,"key":"Strength Potion"},{"floor":48,"key":"FairyPotion"},{"floor":48,"key":"CultistPotion"}],"is_trial":true,"path_per_floor":["M","M","?","M","$","E","R","M","T","R","M","E","R","M","R","B",null,"M","?","?","T","?","R","M","R","T","E","M","M","$","E","R","B",null,"M","M","?","?","M","R","E","R","T","E","R","M","?","?","R","B",null],"character_chosen":"THE_AUTOMATON","items_purchased":["bronze:BronzeOrb","Bag of Marbles","Guardian:PocketSentry","bronze:Flail","bronze:MaxOutput"],"campfire_rested":0,"item_purchase_floors":[5,5,30,30,30],"current_hp_per_floor":[69,68,61,61,61,61,61,59,59,59,59,52,52,49,49,41,70,70,70,70,70,70,70,70,70,70,70,70,70,70,70,70,61,70,70,66,60,60,60,60,53,53,53,53,53,53,43,43,43,37],"gold":328,"neow_bonus":"","is_daily":false,"chose_seed":false,"campfire_upgraded":11,"win_rate":0.0,"timestamp":1611842621,"path_taken":["M","M","?","?","$","E","R","M","T","R","M","E","R","?","R","BOSS","M","?","?","?","?","R","M","R","T","E","M","M","$","E","R","BOSS","M","M","?","?","M","R","E","R","T","E","R","?","?","?","R","BOSS"],"items_purchased_type":["Card","Relic","Relic","Card","Card"],"build_version":"2020-12-22","purchased_purges":0,"victory":true,"max_hp_per_floor":[70,70,70,70,70,70,70,70,70,70,70,70,70,70,70,70,70,70,70,70,70,70,70,70,70,70,70,70,70,70,70,70,70,70,70,70,60,60,60,60,60,60,60,60,60,60,60,60,60,60],"relic_stats":{"Lizard Tail":0,"Shovel":0,"Happy Flower":[9],"counters":[24,68],"Blue Candle":[0],"StoneCalendar":[0],"PreservedInsect":286,"Whetstone":["bronze:BronzeOrb","bronze:Branch"],"War Paint":["bronze:Defend","bronze:Defend"],"obtain_stats":[{"Potion Belt":9,"bronze:BronzeCore":0,"Happy Flower":31,"Blue Candle":26,"SacredBark":34,"StoneCalendar":38,"PreservedInsect":6,"Guardian:PocketSentry":30,"Whetstone":44,"War Paint":12,"bronze:BottledCode":37,"Lizard Tail":43,"HornCleat":27,"Shovel":41,"Bag of Marbles":5,"Unceasing Top":0,"bronze:MakeshiftBattery":17,"Meat on the Bone":21},{"Potion Belt":5,"bronze:BronzeCore":0,"Happy Flower":15,"Blue Candle":11,"SacredBark":16,"StoneCalendar":19,"PreservedInsect":4,"Guardian:PocketSentry":14,"Whetstone":22,"War Paint":7,"bronze:BottledCode":18,"Lizard Tail":21,"HornCleat":12,"Shovel":21,"Bag of Marbles":3,"Unceasing Top":0,"bronze:MakeshiftBattery":9,"Meat on the Bone":10},{"Potion Belt":14,"bronze:BronzeCore":0,"Happy Flower":40,"Blue Candle":31,"SacredBark":46,"StoneCalendar":51,"PreservedInsect":10,"Guardian:PocketSentry":39,"Whetstone":58,"War Paint":18,"bronze:BottledCode":50,"Lizard Tail":55,"HornCleat":34,"Shovel":55,"Bag of Marbles":8,"Unceasing Top":0,"bronze:MakeshiftBattery":25,"Meat on the Bone":28}],"Unceasing Top":[9],"Meat on the Bone":12},"card_choices":[{"not_picked":["bronze:Fortify","bronze:Overheat"],"picked":"bronze:BugBarrage","floor":1},{"not_picked":["bronze:ForLoop","bronze:Overheat"],"picked":"bronze:DelayedSlice","floor":2},{"not_picked":["bronze:BitShift","bronze:OilSpill"],"picked":"bronze:Branch","floor":4},{"not_picked":["bronze:FineTuning","bronze:Iterate"],"picked":"bronze:ChosenStrike","floor":6},{"not_picked":["bronze:Branch","bronze:CutThrough"],"picked":"bronze:HyperBeam","floor":8},{"not_picked":["bronze:Deprecate","bronze:DarkDash"],"picked":"bronze:ChildClass","floor":11},{"not_picked":["bronze:ForLoop","bronze:Overheat"],"picked":"bronze:Allocate","floor":12},{"not_picked":["bronze:Frontload","bronze:Branch"],"picked":"bronze:FineTuning","floor":14},{"not_picked":["bronze:HyperBeam","bronze:ShipIt"],"picked":"bronze:Assembly","floor":16},{"not_picked":["bronze:Shield","bronze:Invalidate"],"picked":"bronze:GetLatest","floor":18},{"not_picked":["bronze:FineTuning","bronze:Branch"],"picked":"bronze:ChosenStrike+1","floor":24},{"not_picked":["bronze:Shield","bronze:BronzeOrb+1"],"picked":"bronze:ItsAFeature","floor":27},{"not_picked":["bronze:DelayedGuard","bronze:FollowUp"],"picked":"bronze:ForceShield","floor":28},{"not_picked":["bronze:Iterate","bronze:DarkDash"],"picked":"bronze:WhirlingStrike","floor":29},{"not_picked":["bronze:Deprecate","bronze:BronzeOrb"],"picked":"bronze:AlphaBuild","floor":31},{"not_picked":["bronze:Assembly","bronze:FindAndReplace"],"picked":"bronze:Mutator","floor":33},{"not_picked":["bronze:CutThrough","bronze:Safeguard+1","bronze:BitShift"],"picked":"SKIP","floor":35},{"not_picked":["bronze:Iterate","bronze:CutThrough"],"picked":"bronze:FineTuning","floor":36},{"not_picked":["bronze:DelayedSlice","bronze:DigitalCarnage"],"picked":"bronze:Overheat+1","floor":38},{"not_picked":["bronze:Shield","bronze:BuggyMess+1"],"picked":"bronze:Format","floor":39},{"not_picked":["bronze:WhirlingStrike","bronze:Invalidate","bronze:WildBeam+1"],"picked":"SKIP","floor":41},{"not_picked":["bronze:Safeguard","bronze:Shield+1"],"picked":"bronze:Repulsor","floor":44},{"not_picked":["bronze:BitShift+1","bronze:DelayedGuard+1","bronze:Overheat+1"],"picked":"SKIP","floor":46},{"not_picked":["Trip","Impatience"],"picked":"Finesse","floor":47},{"not_picked":["The Bomb","Mind Blast"],"picked":"Master of Strategy","floor":47},{"not_picked":["Blind","Secret Weapon"],"picked":"Mayhem","floor":47}],"player_experience":344699,"relics_obtained":[{"floor":6,"key":"PreservedInsect"},{"floor":9,"key":"Potion Belt"},{"floor":12,"key":"War Paint"},{"floor":21,"key":"Meat on the Bone"},{"floor":26,"key":"Blue Candle"},{"floor":27,"key":"HornCleat"},{"floor":31,"key":"Happy Flower"},{"floor":38,"key":"StoneCalendar"},{"floor":41,"key":"Shovel"},{"floor":43,"key":"Lizard Tail"},{"floor":44,"key":"Whetstone"}],"event_choices":[{"damage_healed":0,"gold_gain":75,"player_choice":"Touch","damage_taken":7,"max_hp_gain":0,"max_hp_loss":0,"event_name":"FaceTrader","floor":3,"gold_loss":0},{"cards_removed":["bronze:Strike"],"damage_healed":0,"gold_gain":0,"player_choice":"Purged","damage_taken":0,"max_hp_gain":0,"max_hp_loss":0,"event_name":"Purifier","floor":19,"gold_loss":0},{"damage_healed":0,"gold_gain":0,"player_choice":"Bought 1 Potion","damage_taken":0,"max_hp_gain":0,"max_hp_loss":0,"event_name":"The Woman in Blue","floor":20,"gold_loss":0},{"cards_removed":["bronze:Strike"],"damage_healed":0,"gold_gain":0,"player_choice":"Offered Basic","damage_taken":0,"max_hp_gain":0,"max_hp_loss":0,"event_name":"Bonfire Elementals","floor":22,"gold_loss":0},{"damage_healed":0,"gold_gain":0,"player_choice":"Fight","damage_taken":0,"max_hp_gain":0,"max_hp_loss":0,"event_name":"Mysterious Sphere","floor":38,"gold_loss":0},{"damage_healed":0,"gold_gain":0,"player_choice":"Memory 3","damage_taken":10,"max_hp_gain":0,"max_hp_loss":0,"event_name":"SensoryStone","floor":47,"gold_loss":0},{"damage_healed":0,"gold_gain":0,"player_choice":"Got Potions","damage_taken":0,"max_hp_gain":0,"max_hp_loss":0,"event_name":"Lab","floor":48,"gold_loss":0}],"is_beta":false,"boss_relics":[{"not_picked":["Runic Pyramid","Coffee Dripper"],"picked":"bronze:MakeshiftBattery"},{"not_picked":["Runic Dome","Pandora\u0027s Box"],"picked":"SacredBark"}],"items_purged_floors":[],"is_endless":false,"potions_floor_spawned":[1,8,11,14,24,28,33,36,38,39],"ascension_level":0}}