{"host":"6p0attdrtjqaih7v","time":1611805750,"event":{"mods":["2.2 Compatiblity","AchievementEnabler","Bard","BaseMod","Beaked The Cultist","Better Skull","Better Third Choice","Colored Powertips","Hermit","Highlight Path","Key Reminder","Mad Scientist","Minty Spire (QoL Compilation)","Permanent Neow","Quick Restart","Random Character Button","Relic Stats","Replay The Spire","Robot Space Explorer","Somnambulant","StSLib","The Hierophant","The Mystic","The Runesmith"],"gold_per_floor":[115,132,148,148,166,166,194,206,206,224,224,242,252,271,271,367,367,386,406,416,54,54,54,29,63,88,101,134,34,34,50,50,50,50],"floor_reached":33,"language":"ENG","playtime":1717,"items_purged":["beaked:Defend_Y","Normality"],"score":293,"play_id":"146301ef-8d8d-43fa-ba85-a3882ad5f5de","local_time":"20210127224910","is_ascension_mode":false,"campfire_choices":[{"data":"beaked:FeelMyPain","floor":6,"key":"SMITH"},{"data":"beaked:MachineEssence","floor":11,"key":"SMITH"},{"data":"beaked:FeelMyPain","floor":15,"key":"SMITH"},{"data":"beaked:Insight","floor":23,"key":"SMITH"},{"data":"beaked:RitualOfBody","floor":32,"key":"SMITH"}],"circlet_count":0,"master_deck":["beaked:Strike_Y","beaked:Strike_Y","beaked:Strike_Y","beaked:Strike_Y","beaked:Strike_Y","beaked:Defend_Y","beaked:Defend_Y","beaked:Defend_Y","beaked:Ceremony","beaked:Ceremony","beaked:Ceremony","beaked:Evade","beaked:FeelMyPain+1","beaked:Daydream","beaked:WarriorEssence","beaked:Molting","beaked:RitualOfBody+1","beaked:Evade","beaked:MachineEssence+1","beaked:FeelMyPain+1","beaked:CursingBlood","beaked:Cower","beaked:AwakenedForm","beaked:Insight+1","beaked:Daydream","beaked:Sacrifice","beaked:Daydream","beaked:SacrificialAttack","beaked:DarkPact+1"],"relics":["beaked:MendingPlumage","Art of War","Gremlin Horn","Cursed Key","Medical Kit","Replay:Mystery Machine","Anchor","Golden Egg"],"acts_visited":["Exordium","TheCity"],"potions_floor_usage":[7,18,25,27,33],"damage_taken":[{"damage":7,"enemies":"Cultist","floor":1,"turns":5},{"damage":29,"enemies":"2 Louse","floor":2,"turns":4},{"damage":5,"enemies":"Small Slimes","floor":3,"turns":4},{"damage":22,"enemies":"3 Louse","floor":5,"turns":5},{"damage":21,"enemies":"Gremlin Nob","floor":7,"turns":3},{"damage":20,"enemies":"Looter","floor":8,"turns":3},{"damage":26,"enemies":"Large Slime","floor":10,"turns":5},{"damage":21,"enemies":"Blue Slaver","floor":12,"turns":5},{"damage":45,"enemies":"Gremlin Gang","floor":13,"turns":8},{"damage":8,"enemies":"3 Louse","floor":14,"turns":5},{"damage":89,"enemies":"Hexaghost","floor":16,"turns":8},{"damage":66,"enemies":"2 Thieves","floor":18,"turns":5},{"damage":86,"enemies":"3 Byrds","floor":19,"turns":7},{"damage":80,"enemies":"Sentry and Sphere","floor":20,"turns":5},{"damage":43,"enemies":"Slavers","floor":25,"turns":6},{"damage":65,"enemies":"Shelled Parasite and Fungi","floor":27,"turns":7},{"damage":73,"enemies":"Gremlin Leader","floor":28,"turns":4},{"damage":61,"enemies":"Snake Plant","floor":31,"turns":6},{"damage":65,"enemies":"Collector","floor":33,"turns":3}],"seed_played":"-3249276973294824043","potions_obtained":[{"floor":5,"key":"FearPotion"},{"floor":7,"key":"FearPotion"},{"floor":13,"key":"Elixir"},{"floor":14,"key":"Explosive Potion"},{"floor":16,"key":"Strength Potion"},{"floor":19,"key":"Death Potion"},{"floor":25,"key":"PowerPotion"}],"is_trial":false,"path_per_floor":["M","M","M","?","M","R","E","M","T","M","R","M","M","M","R","B",null,"M","M","M","$","?","R","$","E","T","M","E","$","?","M","R","B"],"character_chosen":"BEAKED_THE_CULTIST","items_purchased":["beaked:Sacrifice","Medical Kit","beaked:Daydream"],"campfire_rested":0,"item_purchase_floors":[21,21,24],"current_hp_per_floor":[46,30,35,35,29,29,26,19,19,15,15,32,50,50,50,43,50,49,43,36,36,28,28,28,55,55,50,40,40,40,43,43,0,0],"gold":50,"neow_bonus":"TRANSFORM_CARD","is_daily":false,"chose_seed":false,"campfire_upgraded":5,"win_rate":0.0,"timestamp":1611805750,"path_taken":["M","M","M","?","?","R","E","M","T","M","R","M","M","M","R","BOSS","M","M","M","$","?","R","$","E","T","M","E","$","?","M","R","BOSS"],"items_purchased_type":["Card","Relic","Card"],"build_version":"2020-12-22","purchased_purges":2,"victory":false,"max_hp_per_floor":[50,50,50,50,50,50,50,50,50,50,50,50,50,50,50,50,50,50,50,50,50,55,55,55,55,55,58,58,58,58,61,61,61,61],"relic_stats":{"Gremlin Horn":[13,13],"counters":[19,98],"Art of War":[21],"Cursed Key":1,"Medical Kit":[3],"obtain_stats":[{"Golden Egg":28,"Anchor":26,"Gremlin Horn":9,"Art of War":7,"beaked:MendingPlumage":0,"Replay:Mystery Machine":25,"Cursed Key":17,"Medical Kit":21},{"Golden Egg":17,"Anchor":15,"Gremlin Horn":6,"Art of War":5,"beaked:MendingPlumage":0,"Replay:Mystery Machine":15,"Cursed Key":11,"Medical Kit":14},{"Golden Egg":89,"Anchor":78,"Gremlin Horn":24,"Art of War":21,"beaked:MendingPlumage":0,"Replay:Mystery Machine":78,"Cursed Key":55,"Medical Kit":72}]},"card_choices":[{"not_picked":["beaked:Flinch","beaked:Evade"],"picked":"beaked:FeelMyPain","floor":1},{"not_picked":["beaked:WindBringer","beaked:Tradeoff"],"picked":"beaked:Daydream","floor":2},{"not_picked":["beaked:Redirect","beaked:TuckingFeathers"],"picked":"beaked:WarriorEssence","floor":3},{"not_picked":["beaked:Redirect","beaked:FeelMyPain"],"picked":"beaked:Molting","floor":5},{"not_picked":["beaked:Resilience","beaked:MimicMachine"],"picked":"beaked:RitualOfBody","floor":7},{"not_picked":["beaked:Devastation","beaked:SacrificialDive"],"picked":"beaked:Evade","floor":8},{"not_picked":["beaked:DigDeep","beaked:Evade"],"picked":"beaked:MachineEssence","floor":10},{"not_picked":["beaked:Resilience","ReplayTheSpireMod:RavenHex"],"picked":"beaked:FeelMyPain","floor":12},{"not_picked":["beaked:Flinch","beaked:SacrificialDive"],"picked":"beaked:CursingBlood","floor":13},{"not_picked":["beaked:WindBringer","beaked:RuinSticks"],"picked":"beaked:Cower","floor":14},{"not_picked":["beaked:DarkTribute","beaked:SacrificialScars"],"picked":"beaked:AwakenedForm","floor":16},{"not_picked":["beaked:CursingBlood","beaked:Tweet","beaked:HuntressEssence"],"picked":"SKIP","floor":18},{"not_picked":["beaked:RuinSticks","beaked:SurvivalInstinct+1"],"picked":"beaked:Insight","floor":19},{"not_picked":["beaked:WarriorEssence+1","beaked:Redirect"],"picked":"beaked:Daydream","floor":20},{"not_picked":["beaked:Flinch+1","beaked:MaddeningMurmurs+1","beaked:Negation"],"picked":"SKIP","floor":25},{"not_picked":["beaked:DarkTribute","beaked:SacrificialAttack","beaked:Foresight"],"picked":"SKIP","floor":27},{"not_picked":["beaked:DarkTribute","beaked:Foresight"],"picked":"beaked:SacrificialAttack","floor":27},{"not_picked":["beaked:SurvivalInstinct","beaked:Resilience","beaked:Foresight"],"picked":"SKIP","floor":28},{"not_picked":["beaked:Windmill","beaked:TuckingFeathers"],"picked":"beaked:DarkPact","floor":31}],"player_experience":927602,"relics_obtained":[{"floor":7,"key":"Art of War"},{"floor":9,"key":"Gremlin Horn"},{"floor":25,"key":"Replay:Mystery Machine"},{"floor":26,"key":"Anchor"},{"floor":28,"key":"Golden Egg"}],"event_choices":[{"damage_healed":0,"gold_gain":0,"player_choice":"Ignored","damage_taken":0,"max_hp_gain":0,"max_hp_loss":0,"event_name":"NoteForYourself","floor":4,"gold_loss":0},{"damage_healed":0,"gold_gain":0,"player_choice":"Shed Blood","damage_taken":13,"max_hp_gain":5,"max_hp_loss":0,"event_name":"Forgotten Altar","floor":22,"gold_loss":0}],"is_beta":false,"boss_relics":[{"not_picked":["Empty Cage","beaked:MawFillet"],"picked":"Cursed Key"}],"items_purged_floors":[21,29],"is_endless":false,"potions_floor_spawned":[5,7,13,14,16,19,25],"killed_by":"Collector","ascension_level":0}}