{"host":"lnt5dzsuhru0aonl","time":1611829517,"event":{"mods":["2.2 Compatiblity","BaseMod","Colored Map","Colored Powertips","DeckTracker","Keyboard Shortcuts","Minty Spire (QoL Compilation)","Permanent Neow","Rare Cards Sparkle","StSLib","SuperFastMode","everything is the same but u backflip on backflip"],"gold_per_floor":[116,266,266,266,279,304,315,315,315,315,390,404,434,107,107,179,179,190,204,204,204,224,224,224,224],"floor_reached":24,"language":"KOR","playtime":585,"items_purged":["Strike_R"],"score":388,"play_id":"c2e8a80a-9afa-4bd5-b7bc-0f2625403a14","local_time":"20210128192517","is_ascension_mode":true,"campfire_choices":[{"data":"Armaments","floor":8.0,"key":"SMITH"},{"data":"Heavy Blade","floor":10.0,"key":"SMITH"},{"data":"Inflame","floor":15.0,"key":"SMITH"},{"data":"Flex","floor":23,"key":"SMITH"}],"circlet_count":0,"master_deck":["AscendersBane","Strike_R","Strike_R","Strike_R","Defend_R","Defend_R","Defend_R","Defend_R","Bash","Sword Boomerang","Warcry","Inflame+1","Armaments+1","Heavy Blade+1","Flex+1","Shrug It Off","Impervious","Pommel Strike"],"relics":["Burning Blood","TungstenRod","Bottled Tornado","Sling","Busted Crown"],"acts_visited":["Exordium","TheCity"],"potions_floor_usage":[16,16,16,24,24],"damage_taken":[{"damage":13.0,"enemies":"Cultist","floor":1.0,"turns":5.0},{"damage":7.0,"enemies":"Jaw Worm","floor":5.0,"turns":3.0},{"damage":32.0,"enemies":"Gremlin Nob","floor":6.0,"turns":4.0},{"damage":0.0,"enemies":"2 Louse","floor":7.0,"turns":3.0},{"damage":0.0,"enemies":"Large Slime","floor":12.0,"turns":5.0},{"damage":16,"enemies":"The Guardian","floor":16,"turns":7},{"damage":0,"enemies":"3 Byrds","floor":18,"turns":5},{"damage":20,"enemies":"2 Thieves","floor":19,"turns":3},{"damage":0,"enemies":"Snecko","floor":22,"turns":4},{"damage":77,"enemies":"Slavers","floor":24,"turns":5}],"seed_played":"7802961951867378455","potions_obtained":[{"floor":6.0,"key":"EntropicBrew"},{"floor":7.0,"key":"Energy Potion"},{"floor":22,"key":"SkillPotion"}],"is_trial":false,"path_per_floor":["M","?","?","?","M","E","M","R","T","R","?","M","?","$","R","B",null,"M","M","?","?","M","R","E"],"character_chosen":"IRONCLAD","items_purchased":["Flex","Shrug It Off","Sling"],"campfire_rested":0,"item_purchase_floors":[14,14,14],"current_hp_per_floor":[57,57,50,50,49,23,29,29,29,29,19,25,25,25,25,15,71,77,63,63,63,69,69,0,0],"gold":224,"neow_bonus":"TWENTY_PERCENT_HP_BONUS","is_daily":false,"chose_seed":false,"campfire_upgraded":4,"win_rate":0.0,"timestamp":1611829517,"path_taken":["M","?","?","?","M","E","M","R","T","R","?","M","?","?","R","BOSS","M","M","?","?","M","R","E"],"items_purchased_type":["Card","Card","Relic"],"build_version":"2020-12-22","purchased_purges":1,"victory":false,"max_hp_per_floor":[89,89,89,89,89,89,89,89,89,89,89,89,89,89,89,89,89,89,89,89,89,89,89,89,89],"card_choices":[{"not_picked":["Intimidate","Infernal Blade"],"picked":"Sword Boomerang","floor":1.0},{"not_picked":["Feel No Pain","Clash"],"picked":"Inflame","floor":5.0},{"not_picked":["Warcry","Clash"],"picked":"Armaments","floor":6.0},{"not_picked":["True Grit","Havoc"],"picked":"Heavy Blade","floor":7.0},{"not_picked":["Body Slam","Second Wind","Searing Blow"],"picked":"SKIP","floor":12.0},{"not_picked":["Fiend Fire","Exhume"],"picked":"Impervious","floor":16},{"not_picked":[],"picked":"Pommel Strike","floor":18},{"not_picked":["True Grit"],"picked":"SKIP","floor":19},{"not_picked":["Iron Wave"],"picked":"SKIP","floor":22}],"player_experience":778474,"relics_obtained":[{"floor":6.0,"key":"TungstenRod"},{"floor":9.0,"key":"Bottled Tornado"}],"event_choices":[{"damage_healed":0.0,"max_hp_gain":0.0,"max_hp_loss":0.0,"gold_gain":150.0,"event_name":"Liars Game","player_choice":"AGREE","floor":2.0,"gold_loss":0.0,"damage_taken":0.0,"cards_obtained":["Doubt"]},{"cards_removed":["Doubt"],"damage_healed":0.0,"max_hp_gain":0.0,"max_hp_loss":0.0,"gold_gain":0.0,"event_name":"Golden Wing","player_choice":"Card Removal","floor":3.0,"gold_loss":0.0,"damage_taken":7.0},{"damage_healed":0.0,"max_hp_gain":0.0,"max_hp_loss":0.0,"gold_gain":0.0,"cards_transformed":["Strike_R"],"event_name":"Living Wall","player_choice":"Change","floor":4.0,"gold_loss":0.0,"damage_taken":0.0,"cards_obtained":["Warcry"]},{"damage_healed":0.0,"max_hp_gain":0.0,"max_hp_loss":0.0,"gold_gain":75.0,"event_name":"World of Goop","player_choice":"Gather Gold","floor":11.0,"gold_loss":0.0,"damage_taken":11.0},{"damage_healed":0.0,"max_hp_gain":0.0,"max_hp_loss":0.0,"gold_gain":30.0,"event_name":"Dead Adventurer","player_choice":"Searched \u00272\u0027 times","floor":13.0,"gold_loss":0.0,"damage_taken":0.0},{"damage_healed":0,"gold_gain":0,"player_choice":"Ignored","damage_taken":0,"max_hp_gain":0,"max_hp_loss":0,"event_name":"Ghosts","floor":20,"gold_loss":0},{"damage_healed":0,"gold_gain":0,"player_choice":"Ignored","damage_taken":0,"max_hp_gain":0,"max_hp_loss":0,"event_name":"Vampires","floor":21,"gold_loss":0}],"is_beta":false,"boss_relics":[{"not_picked":["Runic Dome","Tiny House"],"picked":"Busted Crown"}],"items_purged_floors":[14],"is_endless":false,"potions_floor_spawned":[6,7,22],"killed_by":"Slavers","ascension_level":20}}