{"host":"pe7ycb8t2t906so2","time":1611797185,"event":{"mods":["BaseMod","Colored Map","Highlight Path","Minty Spire (QoL Compilation)"],"gold_per_floor":[14,24,42,52,63,63,88,88,88,105,105,30,330,151,151,224,224,236,151,117,117,132,132,132,7,54,54,54,54,54,74,74,153,153,173,221,221,221,0,0,12,12,12,12,37,37,37,37,37,37],"floor_reached":51,"language":"FRA","playtime":2876,"items_purged":["Strike_R","Regret","Bash","Strike_R+1"],"score":1138,"play_id":"828b29a3-fc9c-41de-a2bd-9ea1acff7860","local_time":"20210127202625","is_ascension_mode":true,"campfire_choices":[{"data":"Pommel Strike","floor":6,"key":"SMITH"},{"data":"Juggernaut","floor":8,"key":"SMITH"},{"data":"Ghostly Armor","floor":11,"key":"SMITH"},{"data":"Fire Breathing","floor":15,"key":"SMITH"},{"data":"Barricade","floor":23,"key":"SMITH"},{"data":"Entrench","floor":24,"key":"SMITH"},{"floor":27,"key":"REST"},{"floor":32,"key":"REST"},{"data":"Evolve","floor":40,"key":"SMITH"},{"data":"Bandage Up","floor":42,"key":"SMITH"},{"data":"Impervious","floor":44,"key":"SMITH"},{"floor":47,"key":"REST"},{"floor":49,"key":"RECALL"}],"circlet_count":0,"master_deck":["AscendersBane","Strike_R+1","Strike_R+1","Strike_R+1","Defend_R+1","Defend_R+1","Defend_R+1","Defend_R+1","Pommel Strike+1","Ghostly Armor+1","Juggernaut+1","Battle Trance+1","Fire Breathing+1","Barricade+1","Shrug It Off+1","Entrench+1","Iron Wave+1","Writhe","Impervious+1","Bandage Up+1","Evolve+1","Pain"],"relics":["Burning Blood","WingedGreaves","Odd Mushroom","Lizard Tail","Old Coin","Sozu","Ice Cream","Juzu Bracelet","Dead Branch","Cursed Key","Prayer Wheel","Shuriken","Magic Flower"],"acts_visited":["Exordium","TheCity","TheBeyond"],"potions_floor_usage":[10,16,20],"damage_taken":[{"damage":5,"enemies":"Small Slimes","floor":1,"turns":5},{"damage":19,"enemies":"Jaw Worm","floor":2,"turns":5},{"damage":2,"enemies":"2 Louse","floor":3,"turns":3},{"damage":5,"enemies":"2 Fungi Beasts","floor":4,"turns":4},{"damage":0,"enemies":"Large Slime","floor":5,"turns":5},{"damage":21,"enemies":"The Mushroom Lair","floor":7,"turns":6},{"damage":0,"enemies":"Gremlin Gang","floor":10,"turns":4},{"damage":43,"enemies":"Hexaghost","floor":16,"turns":12},{"damage":24,"enemies":"Shell Parasite","floor":18,"turns":6},{"damage":28,"enemies":"2 Thieves","floor":20,"turns":5},{"damage":5,"enemies":"3 Cultists","floor":22,"turns":6},{"damage":0,"enemies":"Centurion and Healer","floor":31,"turns":7},{"damage":7,"enemies":"Collector","floor":33,"turns":13},{"damage":0,"enemies":"3 Shapes","floor":35,"turns":4},{"damage":88,"enemies":"2 Orb Walkers","floor":36,"turns":6},{"damage":5,"enemies":"3 Darklings","floor":41,"turns":6},{"damage":4,"enemies":"Mind Bloom Boss Battle","floor":45,"turns":8},{"damage":59,"enemies":"Donu and Deca","floor":50,"turns":13}],"seed_played":"3213458304565460547","potions_obtained":[{"floor":4,"key":"BloodPotion"},{"floor":7,"key":"Energy Potion"},{"floor":10,"key":"SkillPotion"}],"is_trial":false,"path_per_floor":["M","M","M","M","M","R","?","R","T","M","R","$","?","$","R","B",null,"M","?","M","?","M","R","R","$","T","R","?","?","?","M","R","B",null,"M","?","?","?","$","R","M","R","T","R","?","?","R","?","R","B",null],"character_chosen":"IRONCLAD","items_purchased":["Fire Breathing","Evolve"],"campfire_rested":3,"item_purchase_floors":[14,39],"current_hp_per_floor":[69,56,60,61,67,67,52,52,52,58,58,58,58,58,58,21,62,44,44,37,37,38,38,38,38,38,60,60,60,39,45,69,68,77,80,46,46,46,46,46,51,51,51,51,59,59,80,80,80,39],"gold":37,"neow_bonus":"ONE_RARE_RELIC","is_daily":false,"chose_seed":false,"campfire_upgraded":9,"win_rate":0.0,"timestamp":1611797185,"path_taken":["M","M","M","M","M","R","?","R","T","M","R","?","?","$","R","BOSS","M","?","M","?","M","R","R","$","T","R","?","?","?","M","R","BOSS","M","?","?","?","$","R","M","R","T","R","?","?","R","?","R","BOSS"],"items_purchased_type":["Card","Card"],"build_version":"2020-12-22","purchased_purges":4,"victory":true,"max_hp_per_floor":[75,75,75,75,75,75,75,75,75,75,75,75,75,75,75,75,75,75,75,75,75,75,75,75,75,75,75,75,75,80,80,80,80,80,80,80,80,80,80,80,80,80,80,80,80,80,80,80,80,80],"card_choices":[{"not_picked":["Perfected Strike","Anger","Sentinel"],"picked":"SKIP","floor":1},{"not_picked":["Warcry","Sever Soul"],"picked":"Pommel Strike","floor":2},{"not_picked":["Perfected Strike","Disarm","Clothesline"],"picked":"SKIP","floor":3},{"not_picked":["Warcry","Havoc"],"picked":"Ghostly Armor","floor":4},{"not_picked":["Havoc","Sever Soul","Iron Wave"],"picked":"SKIP","floor":5},{"not_picked":["Cleave","Headbutt"],"picked":"Juggernaut","floor":7},{"not_picked":["Wild Strike","Headbutt"],"picked":"Battle Trance","floor":10},{"not_picked":["Brutality","Bludgeon"],"picked":"Barricade","floor":16},{"not_picked":["Body Slam","Dropkick+1"],"picked":"Shrug It Off+1","floor":18},{"not_picked":["Battle Trance+1","Sever Soul"],"picked":"Entrench","floor":20},{"not_picked":["Sword Boomerang","Heavy Blade"],"picked":"Iron Wave+1","floor":22},{"not_picked":["Entrench","Sword Boomerang","Heavy Blade"],"picked":"SKIP","floor":31},{"not_picked":["Reaper","Limit Break"],"picked":"Impervious","floor":33},{"not_picked":["Perfected Strike","Thunderclap","Heavy Blade+1"],"picked":"SKIP","floor":35},{"not_picked":["Secret Weapon","Trip"],"picked":"Bandage Up","floor":37},{"not_picked":["Havoc+1","Flex+1"],"picked":"Clash+1","floor":41},{"not_picked":["Clothesline","Cleave","Pommel Strike+1"],"picked":"SKIP","floor":41}],"player_experience":963445,"relics_obtained":[{"floor":7,"key":"Odd Mushroom"},{"floor":9,"key":"Lizard Tail"},{"floor":26,"key":"Juzu Bracelet"},{"floor":36,"key":"Prayer Wheel"},{"floor":43,"key":"Shuriken"},{"floor":45,"key":"Magic Flower"}],"event_choices":[{"damage_healed":0,"gold_gain":0,"player_choice":"Fought Mushrooms","damage_taken":0,"max_hp_gain":0,"max_hp_loss":0,"event_name":"Mushrooms","floor":7,"gold_loss":0},{"damage_healed":0,"gold_gain":0,"player_choice":"Box","damage_taken":0,"relics_obtained":["Old Coin"],"max_hp_gain":0,"max_hp_loss":0,"event_name":"Big Fish","floor":13,"gold_loss":0,"cards_obtained":["Regret"]},{"damage_healed":0,"gold_gain":0,"player_choice":"Obtained Relic","damage_taken":0,"relics_obtained":["Ice Cream"],"max_hp_gain":0,"max_hp_loss":0,"event_name":"Addict","floor":19,"gold_loss":85},{"damage_healed":0,"gold_gain":0,"player_choice":"Simplicity","damage_taken":0,"max_hp_gain":0,"max_hp_loss":0,"event_name":"Back to Basics","floor":21,"gold_loss":0,"cards_upgraded":["Strike_R","Strike_R","Strike_R","Strike_R","Defend_R","Defend_R","Defend_R","Defend_R"]},{"damage_healed":0,"gold_gain":0,"player_choice":"Opened","damage_taken":0,"relics_obtained":["Dead Branch"],"max_hp_gain":0,"max_hp_loss":0,"event_name":"The Mausoleum","floor":28,"gold_loss":0,"cards_obtained":["Writhe"]},{"damage_healed":0,"gold_gain":0,"player_choice":"Upgraded","damage_taken":0,"max_hp_gain":0,"max_hp_loss":0,"event_name":"Upgrade Shrine","floor":29,"gold_loss":0,"cards_upgraded":["Battle Trance"]},{"damage_healed":0,"gold_gain":0,"player_choice":"Shed Blood","damage_taken":26,"max_hp_gain":5,"max_hp_loss":0,"event_name":"Forgotten Altar","floor":30,"gold_loss":0},{"damage_healed":0,"gold_gain":0,"player_choice":"Fight","damage_taken":0,"max_hp_gain":0,"max_hp_loss":0,"event_name":"Mysterious Sphere","floor":36,"gold_loss":0},{"damage_healed":0,"gold_gain":0,"player_choice":"Memory 1","damage_taken":0,"max_hp_gain":0,"max_hp_loss":0,"event_name":"SensoryStone","floor":37,"gold_loss":0},{"damage_healed":0,"gold_gain":0,"player_choice":"Ignored","damage_taken":0,"max_hp_gain":0,"max_hp_loss":0,"event_name":"Tomb of Lord Red Mask","floor":38,"gold_loss":0},{"damage_healed":0,"gold_gain":0,"player_choice":"Fight","damage_taken":0,"max_hp_gain":0,"max_hp_loss":0,"event_name":"MindBloom","floor":45,"gold_loss":0},{"damage_healed":0,"gold_gain":0,"player_choice":"Ignored","damage_taken":0,"max_hp_gain":0,"max_hp_loss":0,"event_name":"WeMeetAgain","floor":46,"gold_loss":0},{"cards_removed":["Clash"],"damage_healed":0,"gold_gain":0,"player_choice":"Removed Attack","damage_taken":0,"max_hp_gain":0,"max_hp_loss":0,"event_name":"Falling","floor":48,"gold_loss":0}],"is_beta":false,"boss_relics":[{"not_picked":["SlaversCollar","Tiny House"],"picked":"Sozu"},{"not_picked":["Coffee Dripper","Fusion Hammer"],"picked":"Cursed Key"}],"items_purged_floors":[12,14,25,39],"is_endless":false,"potions_floor_spawned":[4,7,10,20,35,36],"ascension_level":15}}