{"host":"c9qdigwavhre9ru1","time":1611792840,"event":{"mods":["AlwaysNeverKeys","BaseMod","BetterRewards","Minty Spire (QoL Compilation)","Quick Restart","Rare Cards Sparkle","Shop Mod"],"gold_per_floor":[113,113,124,199,47,47,57,91,91,91,91,8,23,35,35,35,35],"floor_reached":16,"language":"ENG","playtime":504,"items_purged":["Strike_R","Defend_R"],"score":195,"play_id":"98385c09-019d-44d1-bbfb-ea2705a1ea50","local_time":"20210127181400","is_ascension_mode":true,"campfire_choices":[{"data":"Dual Wield","floor":6,"key":"SMITH"},{"data":"Body Slam","floor":10,"key":"SMITH"},{"data":"Blind","floor":15,"key":"SMITH"}],"circlet_count":0,"master_deck":["Strike_R","Strike_R","Strike_R","Defend_R","Defend_R","Defend_R","Bash","Dark Shackles","Iron Wave","Dual Wield+1","Body Slam+1","Intimidate","Warcry","Blind+1","Entrench","Body Slam"],"relics":["Burning Blood","Vajra","Gremlin Horn","Strawberry"],"acts_visited":["Exordium"],"potions_floor_usage":[8,14,16],"damage_taken":[{"damage":6,"enemies":"Small Slimes","floor":1,"turns":3},{"damage":0,"enemies":"Jaw Worm","floor":3,"turns":3},{"damage":7,"enemies":"2 Louse","floor":7,"turns":3},{"damage":50,"enemies":"3 Sentries","floor":8,"turns":10},{"damage":4,"enemies":"Large Slime","floor":13,"turns":6},{"damage":0,"enemies":"Blue Slaver","floor":14,"turns":3},{"damage":34,"enemies":"Slime Boss","floor":16,"turns":9}],"seed_played":"-7816965993302487912","potions_obtained":[{"floor":1,"key":"BloodPotion"},{"floor":8,"key":"LiquidMemories"},{"floor":14,"key":"DistilledChaos"}],"is_trial":false,"path_per_floor":["M","?","M","?","$","R","M","E","T","R","?","$","M","M","R","B"],"character_chosen":"IRONCLAD","items_purchased":["Vajra","Dark Shackles","Body Slam","Blind"],"campfire_rested":0,"item_purchase_floors":[0,0,5,12],"current_hp_per_floor":[72,77,83,72,72,72,71,44,51,51,44,44,46,52,52,18,18],"gold":35,"neow_bonus":"","is_daily":false,"chose_seed":false,"campfire_upgraded":3,"win_rate":0.0,"timestamp":1611792840,"path_taken":["M","?","M","?","$","R","M","E","T","R","?","$","M","M","R","BOSS"],"items_purchased_type":["Relic","Card","Card","Card"],"build_version":"2020-12-22","purchased_purges":2,"victory":false,"max_hp_per_floor":[80,85,85,85,85,85,85,85,92,92,92,92,92,92,92,92,92],"card_choices":[{"not_picked":["Havoc","Wild Strike"],"picked":"Iron Wave","floor":1},{"not_picked":["Sentinel","Wild Strike"],"picked":"Dual Wield","floor":3},{"not_picked":["True Grit","Cleave"],"picked":"Intimidate","floor":7},{"not_picked":["Clothesline","Clash"],"picked":"Warcry","floor":8},{"not_picked":["Dropkick","Rupture"],"picked":"Entrench","floor":13},{"not_picked":["Ghostly Armor","Bloodletting"],"picked":"Body Slam","floor":14}],"player_experience":339124,"relics_obtained":[{"floor":8,"key":"Gremlin Horn"},{"floor":9,"key":"Strawberry"}],"event_choices":[{"damage_healed":0,"gold_gain":0,"player_choice":"Donut","damage_taken":0,"max_hp_gain":5,"max_hp_loss":0,"event_name":"Big Fish","floor":2,"gold_loss":0},{"damage_healed":0,"gold_gain":75,"player_choice":"Gather Gold","damage_taken":11,"max_hp_gain":0,"max_hp_loss":0,"event_name":"World of Goop","floor":4,"gold_loss":0},{"cards_removed":["Strike_R"],"damage_healed":0,"gold_gain":0,"player_choice":"Card Removal","damage_taken":7,"max_hp_gain":0,"max_hp_loss":0,"event_name":"Golden Wing","floor":11,"gold_loss":0}],"is_beta":false,"boss_relics":[],"items_purged_floors":[0,5],"is_endless":false,"potions_floor_spawned":[1,8,14],"killed_by":"Slime Boss","ascension_level":6}}