{"host":"6bsan6hkua32tfq7","time":1611872775,"event":{"mods":["BaseMod","Better Third Choice","Colored Map","Highlight Path","Minty Spire (QoL Compilation)","StSLib"],"gold_per_floor":[112,122,132,150,162,189,17,17,17,0,0,13,38,38,38,38,38],"floor_reached":16,"language":"ENG","playtime":506,"items_purged":[],"score":224,"play_id":"4b99c363-70d7-48be-aac8-da61ec0591b9","local_time":"20210128232615","is_ascension_mode":true,"campfire_choices":[{"data":"All Out Attack","floor":8,"key":"SMITH"},{"data":"Die Die Die","floor":11,"key":"SMITH"},{"floor":15,"key":"REST"}],"circlet_count":0,"master_deck":["AscendersBane","Strike_G","Strike_G","Strike_G","Strike_G","Strike_G","Defend_G","Defend_G","Defend_G","Defend_G","Defend_G","Survivor","Neutralize","Dash","Well Laid Plans","All Out Attack+1","Slice","Die Die Die+1","Leg Sweep+1","Footwork","Adrenaline+1"],"relics":["Cursed Key","Toxic Egg 2","OrangePellets","Snake Skull","betterThird:SlimedRelic","Ancient Tea Set"],"acts_visited":["Exordium"],"potions_floor_usage":[6,6,13,16,16],"damage_taken":[{"damage":0,"enemies":"Cultist","floor":1,"turns":6},{"damage":2,"enemies":"2 Louse","floor":2,"turns":3},{"damage":7,"enemies":"Small Slimes","floor":3,"turns":4},{"damage":6,"enemies":"Exordium Thugs","floor":4,"turns":5},{"damage":0,"enemies":"Blue Slaver","floor":5,"turns":5},{"damage":12,"enemies":"Lagavulin","floor":6,"turns":4},{"damage":0,"enemies":"Gremlin Gang","floor":12,"turns":3},{"damage":13,"enemies":"Gremlin Nob","floor":13,"turns":4},{"damage":28,"enemies":"Slime Boss","floor":16,"turns":18}],"seed_played":"-32566663611502429","potions_obtained":[{"floor":1,"key":"FearPotion"},{"floor":5,"key":"PowerPotion"},{"floor":6,"key":"SteroidPotion"},{"floor":12,"key":"Explosive Potion"},{"floor":13,"key":"Block Potion"}],"is_trial":false,"path_per_floor":["M","M","M","M","M","E","$","R","T","?","R","M","E","?","R","B"],"character_chosen":"THE_SILENT","items_purchased":["OrangePellets"],"campfire_rested":1,"item_purchase_floors":[7],"current_hp_per_floor":[59,57,50,44,44,32,32,32,32,21,21,21,8,8,27,0,0],"gold":38,"neow_bonus":"BOSS_RELIC","is_daily":false,"chose_seed":false,"campfire_upgraded":2,"win_rate":0.0,"timestamp":1611872775,"path_taken":["M","M","M","?","M","E","$","R","T","?","R","M","E","?","R","BOSS"],"items_purchased_type":["Relic"],"build_version":"2020-12-22","purchased_purges":0,"victory":false,"max_hp_per_floor":[66,66,66,66,66,66,66,66,66,66,66,66,66,66,66,66,66],"card_choices":[{"not_picked":["Blade Dance","Cloak And Dagger"],"picked":"Dash","floor":1},{"not_picked":["Leg Sweep","Tactician"],"picked":"Well Laid Plans","floor":2},{"not_picked":["Quick Slash","Acrobatics"],"picked":"All Out Attack","floor":3},{"not_picked":["Cloak And Dagger","Backflip"],"picked":"Slice","floor":4},{"not_picked":["Reflex","Dagger Spray"],"picked":"Die Die Die","floor":5},{"not_picked":["Unload","Bane"],"picked":"Leg Sweep+1","floor":6},{"not_picked":["Sucker Punch","Bane"],"picked":"Footwork","floor":12},{"not_picked":["Cloak And Dagger+1","Choke"],"picked":"Adrenaline+1","floor":13}],"player_experience":5339405,"relics_obtained":[{"floor":6,"key":"Toxic Egg 2"},{"floor":9,"key":"Snake Skull"},{"floor":13,"key":"Ancient Tea Set"}],"event_choices":[{"damage_healed":0,"gold_gain":0,"player_choice":"Slimed","damage_taken":11,"max_hp_gain":0,"max_hp_loss":0,"event_name":"betterThird:BetterGoop","floor":10,"gold_loss":17},{"cards_removed":["Writhe"],"damage_healed":0,"gold_gain":0,"player_choice":"Removed Curses","damage_taken":0,"max_hp_gain":0,"max_hp_loss":0,"event_name":"Fountain of Cleansing","floor":14,"gold_loss":0}],"is_beta":false,"boss_relics":[],"items_purged_floors":[],"is_endless":false,"potions_floor_spawned":[1,5,6,12,13],"killed_by":"Slime Boss","ascension_level":20}}