{"host":"kydqlojjt9mno5rv","time":1611878192,"event":{"mods":["AchievementEnabler","BaseMod","Colored Powertips","Curses Come First","DeckTracker","Minty Spire (QoL Compilation)","Quick Restart","Replay The Spire","Shop Mod","Spicy Shops","StSLib","SuperFastMode","Synergy Search","Weighted Paths"],"gold_per_floor":[117,117,117,129,56,81,91,91,91,117,129,141,170,196,208,320,332,356,388,174,249,266,300,300,310,335,335,335,360,4,18,18,114,114,130,130,145,145,163,163,177,203,251,251,276,290,290,290],"floor_reached":47,"language":"ENG","playtime":2374,"items_purged":["Regret"],"score":639,"play_id":"96a255d7-8128-49ea-9cad-7845cd5d2c8c","local_time":"20210128185632","is_ascension_mode":true,"campfire_choices":[{"floor":8,"key":"REST"},{"floor":12,"key":"REST"},{"data":"Draining Mist","floor":15,"key":"SMITH"},{"floor":24,"key":"REST"},{"floor":28,"key":"REST"},{"floor":32,"key":"REST"},{"floor":40,"key":"RECALL"},{"floor":44,"key":"REST"}],"circlet_count":0,"master_deck":["Strike_G","Strike_G","Strike_G","Strike_G","Strike_G","Defend_G","Defend_G","Defend_G","Survivor","Neutralize","Outmaneuver+1","Bane","Escape Plan","Toxin Wave","Leg Sweep","Draining Mist+1","Bane+1","Poison Darts","Bane+1","Bullet Time","Toxin Wave+1","Draining Mist+1","Bane+1","Outmaneuver+1","Poison Darts+1","Replay:Bag of Tricks+1","Backflip+1","ReplayTheSpireMod:Exploit Weakness+1","Parasite","Prepared+1","Deadly Poison+1"],"relics":["Ring of the Snake","NeowsBlessing","InkBottle","ReplayTheSpireMod:Lightbulb","Frozen Eye","Orichalcum","Molten Egg 2","MawBank","Black Star","Orrery","Ice Cream","Toxic Egg 2","ReplayFunnel","Matryoshka","The Courier","Chemical X","DollysMirror","Juzu Bracelet","SlaversCollar","Pet Ghost","Strawberry","Bag of Preparation","MealTicket","Regal Pillow"],"acts_visited":["Exordium","TheCity","TheBeyond"],"potions_floor_usage":[16,16],"damage_taken":[{"damage":0,"enemies":"2 Louse","floor":1,"turns":1},{"damage":0,"enemies":"Jaw Worm","floor":4,"turns":1},{"damage":0,"enemies":"Lagavulin","floor":6,"turns":1},{"damage":4,"enemies":"Cultist","floor":7,"turns":4},{"damage":23,"enemies":"Gremlin Nob","floor":10,"turns":6},{"damage":12,"enemies":"Blue Slaver","floor":13,"turns":3},{"damage":3,"enemies":"Red Slaver","floor":14,"turns":4},{"damage":48,"enemies":"Hexaghost","floor":16,"turns":15},{"damage":4,"enemies":"Spheric Guardian","floor":18,"turns":2},{"damage":20,"enemies":"3 Byrds","floor":19,"turns":5},{"damage":13,"enemies":"Centurion and Healer","floor":22,"turns":6},{"damage":22,"enemies":"Slavers","floor":23,"turns":7},{"damage":5,"enemies":"Chosen and Byrds","floor":25,"turns":5},{"damage":20,"enemies":"Book of Stabbing","floor":29,"turns":6},{"damage":0,"enemies":"Snecko","floor":31,"turns":3},{"damage":26,"enemies":"Champ","floor":33,"turns":8},{"damage":3,"enemies":"3 Shapes","floor":35,"turns":3},{"damage":5,"enemies":"Orb Walker","floor":37,"turns":2},{"damage":9,"enemies":"Transient","floor":39,"turns":5},{"damage":9,"enemies":"Writhing Mass","floor":41,"turns":4},{"damage":21,"enemies":"Nemesis","floor":42,"turns":5},{"damage":22,"enemies":"Giant Head","floor":45,"turns":7},{"damage":18,"enemies":"4 Shapes","floor":46,"turns":5},{"damage":14,"enemies":"3 Darklings","floor":47,"turns":1}],"seed_played":"1838851264481219874","potions_obtained":[{"floor":6,"key":"Doom Potion"},{"floor":10,"key":"Elixir"},{"floor":13,"key":"AttackPotion"},{"floor":19,"key":"Languid Potion"},{"floor":25,"key":"Venom Potion"},{"floor":31,"key":"DuplicationPotion"},{"floor":36,"key":"EntropicBrew"}],"is_trial":false,"path_per_floor":["M","?","?","M","$","E","M","R","T","E","?","R","M","M","R","B",null,"M","M","$","?","M","E","R","M","T","?","R","E","$","M","R","B",null,"M","?","M","?","M","R","M","E","T","R","E","M","M"],"character_chosen":"THE_SILENT","items_purchased":["Frozen Eye","Orrery","Chemical X","DollysMirror","Juzu Bracelet"],"campfire_rested":6,"item_purchase_floors":[5,20,30,30,30],"current_hp_per_floor":[70,70,67,67,67,67,63,70,70,47,47,68,56,53,53,5,70,66,46,46,39,26,4,25,20,20,20,41,21,21,21,42,16,70,67,67,62,62,53,53,44,30,30,53,31,13,0,0],"gold":290,"neow_bonus":"THREE_ENEMY_KILL","is_daily":false,"chose_seed":false,"campfire_upgraded":1,"win_rate":0.0,"timestamp":1611878192,"path_taken":["M","?","?","M","$","E","M","R","T","E","?","R","?","M","R","BOSS","M","M","$","?","M","E","R","?","T","?","R","E","$","M","R","BOSS","M","?","M","?","M","R","M","E","T","R","E","M","M"],"items_purchased_type":["Relic","Relic","Relic","Relic","Relic"],"build_version":"2020-12-22","purchased_purges":1,"victory":false,"max_hp_per_floor":[70,70,70,70,70,70,70,70,70,70,70,70,70,70,70,70,70,70,70,70,70,70,70,70,70,70,70,70,70,70,70,70,70,70,70,70,70,70,70,70,70,77,77,77,77,77,77,77],"card_choices":[{"not_picked":["PiercingWail","Sucker Punch"],"picked":"Outmaneuver","floor":1},{"not_picked":["Blade Dance","Riddle With Holes"],"picked":"Bane","floor":4},{"not_picked":["ReplayTheSpireMod:Shiv Toss","Dagger Spray"],"picked":"Escape Plan","floor":6},{"not_picked":["Masterful Stab","Cloak And Dagger"],"picked":"Toxin Wave","floor":7},{"not_picked":["Night Terror","Sneak Up"],"picked":"Leg Sweep","floor":10},{"not_picked":["Backstab+1","Dodge and Roll"],"picked":"Draining Mist","floor":13},{"not_picked":["Deflect","Heel Hook+1"],"picked":"Bane+1","floor":14},{"not_picked":["Phantasmal Killer","Tools of the Trade"],"picked":"Poison Darts","floor":16},{"not_picked":["Dodge and Roll","Quick Slash+1","Skewer+1"],"picked":"SKIP","floor":18},{"not_picked":["Blade Dance+1","Fluid Movement"],"picked":"Bane+1","floor":19},{"not_picked":["Acrobatics","Backflip"],"picked":"Bullet Time","floor":20},{"not_picked":["Prepared","Deflect"],"picked":"Toxin Wave+1","floor":20},{"not_picked":["Leg Sweep","Cloak And Dagger+1","Sucker Punch+1"],"picked":"SKIP","floor":22},{"not_picked":["Terror+1","Cloak And Dagger+1"],"picked":"Draining Mist+1","floor":23},{"not_picked":["Calculated Gamble+1","A Thousand Cuts"],"picked":"Bane+1","floor":25},{"not_picked":["Phantasmal Killer+1","A Thousand Cuts"],"picked":"Outmaneuver+1","floor":29},{"not_picked":["Riddle With Holes+1","Dodge and Roll+1","Underhanded Strike+1"],"picked":"SKIP","floor":31},{"not_picked":["Malaise+1","After Image"],"picked":"Replay:Bag of Tricks+1","floor":33},{"not_picked":["Infinite Blades","Slice+1","Cloak And Dagger+1"],"picked":"SKIP","floor":35},{"not_picked":["Well Laid Plans+1","Dodge and Roll+1","Predator+1"],"picked":"SKIP","floor":37},{"not_picked":["Backflip+1","Dagger Spray+1","ReplayTheSpireMod:Shiv Toss+1"],"picked":"SKIP","floor":39},{"not_picked":["Blur+1","After Image","ReplayTheSpireMod:Shiv Toss+1"],"picked":"SKIP","floor":41},{"not_picked":["ReplayTheSpireMod:Shiv Toss+1","Hidden Blade+1","Slice+1"],"picked":"SKIP","floor":42},{"not_picked":["Well Laid Plans+1","Poisoned Stab+1"],"picked":"Prepared+1","floor":45},{"not_picked":["Sucker Punch+1","Masterful Stab+1"],"picked":"Deadly Poison+1","floor":46}],"player_experience":158287,"relics_obtained":[{"floor":6,"key":"Orichalcum"},{"floor":9,"key":"Molten Egg 2"},{"floor":10,"key":"MawBank"},{"floor":23,"key":"Ice Cream"},{"floor":23,"key":"Toxic Egg 2"},{"floor":26,"key":"ReplayFunnel"},{"floor":29,"key":"Matryoshka"},{"floor":29,"key":"The Courier"},{"floor":42,"key":"Pet Ghost"},{"floor":42,"key":"Strawberry"},{"floor":43,"key":"Bag of Preparation"},{"floor":45,"key":"MealTicket"},{"floor":45,"key":"Regal Pillow"}],"event_choices":[{"damage_healed":0,"gold_gain":0,"player_choice":"Box","damage_taken":0,"relics_obtained":["InkBottle"],"max_hp_gain":0,"max_hp_loss":0,"event_name":"Big Fish","floor":2,"gold_loss":0,"cards_obtained":["Regret"]},{"damage_healed":0,"gold_gain":0,"player_choice":"Success","damage_taken":3,"relics_obtained":["ReplayTheSpireMod:Lightbulb"],"max_hp_gain":0,"max_hp_loss":0,"event_name":"Scrap Ooze","floor":3,"gold_loss":0},{"damage_healed":0,"gold_gain":0,"player_choice":"Upgraded","damage_taken":0,"max_hp_gain":0,"max_hp_loss":0,"event_name":"Upgrade Shrine","floor":11,"gold_loss":0,"cards_upgraded":["Outmaneuver"]},{"damage_healed":0,"gold_gain":75,"player_choice":"Touch","damage_taken":7,"max_hp_gain":0,"max_hp_loss":0,"event_name":"FaceTrader","floor":21,"gold_loss":0},{"cards_removed":["Defend_G"],"damage_healed":0,"gold_gain":0,"player_choice":"Elegance","damage_taken":0,"max_hp_gain":0,"max_hp_loss":0,"event_name":"Back to Basics","floor":27,"gold_loss":0},{"damage_healed":0,"gold_gain":0,"player_choice":"Got Potions","damage_taken":0,"max_hp_gain":0,"max_hp_loss":0,"event_name":"Lab","floor":36,"gold_loss":0},{"damage_healed":0,"gold_gain":0,"cards_transformed":["Replay:Bag of Tricks"],"player_choice":"Transformed","damage_taken":0,"max_hp_gain":0,"max_hp_loss":0,"event_name":"Transmorgrifier","floor":38,"gold_loss":0,"cards_obtained":["Backflip"]},{"damage_healed":0,"gold_gain":0,"cards_transformed":["Defend_G"],"player_choice":"Transformed","damage_taken":0,"max_hp_gain":0,"max_hp_loss":0,"event_name":"Transmorgrifier","floor":38,"gold_loss":0,"cards_obtained":["ReplayTheSpireMod:Exploit Weakness"]}],"is_beta":false,"boss_relics":[{"not_picked":["Fusion Hammer","Snecko Eye"],"picked":"Black Star"},{"not_picked":["Tiny House","Snecko Scales"],"picked":"SlaversCollar"}],"items_purged_floors":[20],"is_endless":false,"potions_floor_spawned":[6,10,13,19,25,31,33,39,41,46],"killed_by":"3 Darklings","ascension_level":1}}