{"host":"y89x8uui45kcjy42","time":1611800258,"event":{"mods":["2.2 Compatiblity","BaseMod","CapriCore","Colored Map","Colored Powertips","Custom Start","Friendly Minions","Keyboard Shortcuts","Marisa£¨Ùöéë¡¡Øª×âÞÞ£©","Minty Spire (QoL Compilation)","Relic Stats","Slay the Relics Exporter","StSLib","SuperFastMode","Uncapped"],"gold_per_floor":[119,139,152,162,162,162,162,162,162,162,187,187,217,231,231,231,231,241,254,28,28,28,54,74,74,74,108,120,132,244,49,49,150,150,170,107,121,131,131,131,57,91,117,151,5,36,386,399,399,399,399,399,309,337,337],"floor_reached":56,"language":"KOR","playtime":1258,"items_purged":["Defend_MRS","Strike_MRS","Defend_MRS","Strike_MRS"],"score":2302,"play_id":"85c7c4e9-cc42-453e-b7cf-ed8f49235c71","local_time":"20210128111738","is_ascension_mode":true,"campfire_choices":[{"data":"EnergyRecoil","floor":6,"key":"SMITH"},{"data":"UnstableBomb","floor":8,"key":"SMITH"},{"data":"AsteroidBelt","floor":10,"key":"SMITH"},{"data":"MasterSpark","floor":12,"key":"SMITH"},{"data":"UpSweep","floor":15,"key":"SMITH"},{"data":"MachineGunSpark","floor":25,"key":"SMITH"},{"floor":29,"key":"RECALL"},{"data":"Defend_MRS","floor":32,"key":"SMITH"},{"data":"MillisecondPulsars","floor":40,"key":"SMITH"},{"data":"Strike_MRS","floor":49,"key":"SMITH"},{"floor":52,"key":"REST"}],"circlet_count":0,"master_deck":["AscendersBane","Strike_MRS+1","Defend_MRS+1","MasterSpark+1","UpSweep+1","AsteroidBelt+1","UnstableBomb+1","EnergyRecoil+1","MachineGunSpark+1","MillisecondPulsars+1","Singularity+1","EnergyFlow+1"],"relics":["BewitchedHakkero","BewitchedHakkero","BewitchedHakkero","BewitchedHakkero","BewitchedHakkero","HandmadeGrimoire","Vajra","Oddly Smooth Stone","MealTicket","PreservedInsect","SlaversCollar","Anchor","Shuriken","Mummified Hand","MawBank","MutagenicStrength","Unceasing Top","Matryoshka","Membership Card","Runic Pyramid","Lee\u0027s Waffle","WingedGreaves","Bag of Preparation","Ancient Tea Set","Vajra","Frozen Egg 2","Turnip","The Courier","Old Coin","Mercury Hourglass"],"acts_visited":["Exordium","TheCity","TheBeyond","TheEnding"],"potions_floor_usage":[13,55,55],"damage_taken":[{"damage":0,"enemies":"Cultist","floor":1,"turns":3},{"damage":2,"enemies":"Jaw Worm","floor":2,"turns":2},{"damage":1,"enemies":"2 Louse","floor":3,"turns":2},{"damage":0,"enemies":"Blue Slaver","floor":4,"turns":1},{"damage":0,"enemies":"3 Sentries","floor":11,"turns":5},{"damage":0,"enemies":"Lagavulin","floor":13,"turns":5},{"damage":0,"enemies":"2 Fungi Beasts","floor":14,"turns":2},{"damage":24,"enemies":"Hexaghost","floor":16,"turns":6},{"damage":6,"enemies":"3 Byrds","floor":18,"turns":4},{"damage":0,"enemies":"Spheric Guardian","floor":19,"turns":2},{"damage":35,"enemies":"Slavers","floor":23,"turns":6},{"damage":0,"enemies":"Snecko","floor":24,"turns":2},{"damage":0,"enemies":"Gremlin Leader","floor":27,"turns":2},{"damage":13,"enemies":"Colosseum Slavers","floor":30,"turns":3},{"damage":0,"enemies":"Colosseum Nobs","floor":30,"turns":2},{"damage":0,"enemies":"Collector","floor":33,"turns":3},{"damage":4,"enemies":"3 Darklings","floor":35,"turns":3},{"damage":21,"enemies":"3 Shapes","floor":37,"turns":3},{"damage":14,"enemies":"Sphere and 2 Shapes","floor":38,"turns":2},{"damage":1,"enemies":"Giant Head","floor":42,"turns":4},{"damage":0,"enemies":"Reptomancer","floor":44,"turns":2},{"damage":0,"enemies":"Nemesis","floor":46,"turns":1},{"damage":0,"enemies":"Mind Bloom Boss Battle","floor":47,"turns":1},{"damage":0,"enemies":"Maw","floor":48,"turns":3},{"damage":22,"enemies":"Awakened One","floor":50,"turns":4},{"damage":0,"enemies":"Shield and Spear","floor":54,"turns":1},{"damage":63,"enemies":"The Heart","floor":55,"turns":5}],"seed_played":"-2775461332750228382","potions_obtained":[{"floor":2,"key":"Block Potion"},{"floor":11,"key":"BlessingOfTheForge"},{"floor":13,"key":"Dexterity Potion"},{"floor":38,"key":"LiquidBronze"}],"is_trial":false,"path_per_floor":["M","M","M","M","?","R","?","R","T","R","E","R","E","M","R","B",null,"M","M","$","?","?","E","M","R","T","E","?","R","?","$","R","B",null,"M","$","M","M","?","R","$","E","T","E","$","E","?","M","R","B",null,"R","$","E","B",null],"character_chosen":"MARISA","items_purchased":["Anchor","Membership Card","Lee\u0027s Waffle","Turnip","EnergyFlow+1"],"campfire_rested":1,"item_purchase_floors":[20,31,41,45,53],"current_hp_per_floor":[68,66,65,65,58,58,58,58,58,58,58,58,58,58,58,34,65,59,59,74,74,60,25,25,25,25,25,25,25,80,80,80,80,80,76,80,59,45,45,45,87,86,86,86,87,87,87,87,87,65,82,87,87,87,24],"gold":337,"neow_bonus":"THREE_CARDS","is_daily":false,"chose_seed":false,"campfire_upgraded":9,"win_rate":0.0,"timestamp":1611800258,"path_taken":["M","M","M","M","?","R","?","R","T","R","E","R","E","?","R","BOSS","M","M","$","?","?","E","M","R","T","E","?","R","?","$","R","BOSS","M","$","M","M","?","R","$","E","T","E","$","E","?","M","R","BOSS","R","$","E","BOSS"],"items_purchased_type":["Relic","Relic","Relic","Relic","Card"],"build_version":"2020-12-22","purchased_purges":4,"victory":true,"max_hp_per_floor":[75,75,75,75,75,75,75,75,75,75,75,75,75,75,75,75,75,75,75,75,75,80,80,80,80,80,80,80,80,80,80,80,80,80,80,80,80,80,80,80,87,87,87,87,87,87,87,87,87,87,87,87,87,87,87],"relic_stats":{"Lee\u0027s Waffle":27,"counters":[27,79],"Shuriken":[15],"Mummified Hand":[15],"MealTicket":35,"PreservedInsect":445,"Turnip":[5],"Bag of Preparation":[14],"MawBank":48,"obtain_stats":[{"Vajra":10,"Bag of Preparation":42,"Ancient Tea Set":43,"Old Coin":47,"Matryoshka":30,"Mummified Hand":26,"MealTicket":11,"WingedGreaves":23,"HandmadeGrimoire":5,"BewitchedHakkero":0,"Runic Pyramid":34,"Lee\u0027s Waffle":41,"Oddly Smooth Stone":10,"PreservedInsect":13,"The Courier":46,"Frozen Egg 2":44,"MawBank":27,"Mercury Hourglass":54,"SlaversCollar":17,"Anchor":20,"Shuriken":23,"MutagenicStrength":28,"Turnip":45,"MiniHakkero":0,"Membership Card":31,"Unceasing Top":30},{"Vajra":4,"Bag of Preparation":20,"Ancient Tea Set":20,"Old Coin":23,"Matryoshka":15,"Mummified Hand":12,"MealTicket":5,"WingedGreaves":11,"HandmadeGrimoire":4,"BewitchedHakkero":0,"Runic Pyramid":16,"Lee\u0027s Waffle":19,"Oddly Smooth Stone":4,"PreservedInsect":6,"The Courier":22,"Frozen Egg 2":21,"MawBank":13,"Mercury Hourglass":26,"SlaversCollar":8,"Anchor":10,"Shuriken":11,"MutagenicStrength":13,"Turnip":21,"MiniHakkero":0,"Membership Card":15,"Unceasing Top":15},{"Vajra":8,"Bag of Preparation":62,"Ancient Tea Set":62,"Old Coin":66,"Matryoshka":47,"Mummified Hand":40,"MealTicket":13,"WingedGreaves":38,"HandmadeGrimoire":8,"BewitchedHakkero":0,"Runic Pyramid":50,"Lee\u0027s Waffle":58,"Oddly Smooth Stone":8,"PreservedInsect":18,"The Courier":65,"Frozen Egg 2":64,"MawBank":42,"Mercury Hourglass":74,"SlaversCollar":26,"Anchor":32,"Shuriken":38,"MutagenicStrength":42,"Turnip":64,"MiniHakkero":0,"Membership Card":47,"Unceasing Top":47}],"Unceasing Top":[1],"Mercury Hourglass":[15]},"card_choices":[{"not_picked":["Acceleration","WitchOfGreed"],"picked":"AsteroidBelt","floor":0},{"not_picked":["6A","Acceleration"],"picked":"UnstableBomb","floor":1},{"not_picked":["ManaConvection","IllusionStar","LuminesStrike"],"picked":"SKIP","floor":2},{"not_picked":["DC","AlicesGift","GasGiant"],"picked":"SKIP","floor":3},{"not_picked":["NonDirectionalLaser","PowerUp"],"picked":"EnergyRecoil","floor":4},{"not_picked":["WitchLeyline","DoubleSpark","LuminesStrike"],"picked":"SKIP","floor":11},{"not_picked":["PowerUp","GrandCross","GravityBeat"],"picked":"SKIP","floor":13},{"not_picked":["BinaryStars","MysteriousBeam","DoubleSpark"],"picked":"SKIP","floor":14},{"not_picked":["DC","PowerUp","NonDirectionalLaser"],"picked":"SKIP","floor":18},{"not_picked":["SporeBomb","MilkyWay","MysteriousBeam"],"picked":"SKIP","floor":19},{"not_picked":["GrandCross","6A+1","CollectingQuirk"],"picked":"SKIP","floor":23},{"not_picked":["SporeBomb","UnstableBomb","GalacticHalo"],"picked":"SKIP","floor":24},{"not_picked":["MagicChant","AsteroidBelt","DC"],"picked":"SKIP","floor":27},{"not_picked":["EscapeVelocity","StarDustReverie"],"picked":"MillisecondPulsars","floor":33},{"not_picked":["Acceleration","GravityBeat+1","WitchLeyline"],"picked":"SKIP","floor":35},{"not_picked":["MeteoricShower","AsteroidBelt","WitchLeyline"],"picked":"SKIP","floor":37},{"not_picked":["WitchLeyline+1","FairyDestructionRay","ManaRampage"],"picked":"SKIP","floor":38},{"not_picked":["DoubleSpark+1","GravityBeat+1","LuminesStrike+1"],"picked":"SKIP","floor":42},{"not_picked":["Singularity+1","PowerUp+1","MilkyWay+1"],"picked":"SKIP","floor":44},{"not_picked":["DragonMeteor+1","BlazingStar","ShootingEcho"],"picked":"SKIP","floor":46},{"not_picked":["DoubleSpark+1","MeteoricShower+1"],"picked":"Singularity+1","floor":48},{"not_picked":["DC+1","PowerUp+1","MachineGunSpark"],"picked":"SKIP","floor":54}],"player_experience":725373,"relics_obtained":[{"floor":11,"key":"MealTicket"},{"floor":13,"key":"PreservedInsect"},{"floor":23,"key":"Shuriken"},{"floor":26,"key":"Mummified Hand"},{"floor":27,"key":"MawBank"},{"floor":30,"key":"Unceasing Top"},{"floor":30,"key":"Matryoshka"},{"floor":42,"key":"Bag of Preparation"},{"floor":43,"key":"Ancient Tea Set"},{"floor":43,"key":"Vajra"},{"floor":44,"key":"Frozen Egg 2"},{"floor":46,"key":"The Courier"},{"floor":47,"key":"Old Coin"},{"floor":54,"key":"Mercury Hourglass"}],"event_choices":[{"damage_healed":0,"gold_gain":0,"player_choice":"Success","damage_taken":7,"relics_obtained":["HandmadeGrimoire"],"max_hp_gain":0,"max_hp_loss":0,"event_name":"Scrap Ooze","floor":5,"gold_loss":0},{"cards_removed":["Strike_MRS"],"damage_healed":0,"gold_gain":0,"player_choice":"Purged","damage_taken":0,"max_hp_gain":0,"max_hp_loss":0,"event_name":"Purifier","floor":7,"gold_loss":0},{"damage_healed":0,"gold_gain":0,"player_choice":"Read","damage_taken":0,"max_hp_gain":0,"max_hp_loss":0,"event_name":"The Library","floor":21,"gold_loss":0,"cards_obtained":["MachineGunSpark"]},{"damage_healed":0,"gold_gain":0,"player_choice":"Shed Blood","damage_taken":19,"max_hp_gain":5,"max_hp_loss":0,"event_name":"Forgotten Altar","floor":22,"gold_loss":0},{"damage_healed":0,"gold_gain":0,"player_choice":"Inject Mutagens","damage_taken":0,"relics_obtained":["MutagenicStrength"],"max_hp_gain":0,"max_hp_loss":0,"event_name":"Drug Dealer","floor":28,"gold_loss":0},{"damage_healed":0,"gold_gain":0,"player_choice":"Fight","damage_taken":0,"max_hp_gain":0,"max_hp_loss":0,"event_name":"Colosseum","floor":30,"gold_loss":0},{"damage_healed":0,"gold_gain":0,"player_choice":"Fought Nobs","damage_taken":0,"max_hp_gain":0,"max_hp_loss":0,"event_name":"Colosseum","floor":30,"gold_loss":0},{"cards_removed":["Defend_MRS"],"damage_healed":0,"gold_gain":0,"player_choice":"Removed Skill","damage_taken":0,"max_hp_gain":0,"max_hp_loss":0,"event_name":"Falling","floor":39,"gold_loss":0},{"damage_healed":0,"gold_gain":0,"player_choice":"Fight","damage_taken":0,"max_hp_gain":0,"max_hp_loss":0,"event_name":"MindBloom","floor":47,"gold_loss":0}],"is_beta":false,"boss_relics":[{"not_picked":["Calling Bell","Black Star"],"picked":"SlaversCollar"},{"not_picked":["Fusion Hammer","Pandora\u0027s Box"],"picked":"Runic Pyramid"}],"items_purged_floors":[20,31,36,53],"is_endless":false,"potions_floor_spawned":[2,11,13,23,24,27,38,42,47],"ascension_level":11}}