{"host":"ko40t1o51xotjt2v","time":1611870983,"event":{"mods":["2.2 Compatiblity","AchievementEnabler","Aspiration","BaseMod","Better Match","Better Third Choice","Better Vampires","Conspire","Downfall","Energized Spire","GifTheSpireLib","Halation","Hubris","Jedi Mod","Minty Spire (QoL Compilation)","MostiFishMod","Spicy Shops","Spikes Relics","StSLib","Stuff the Spire","TestMod","??????REMEMod"],"gold_per_floor":[115,115,135,135,155,186,202,222,222,252,266,191,191,226,226,302,302,320,336,347,347,398,398,424,424,450,484,503,162,162,178,178,253,253,269,269,106,124,124,124,151,151,151],"floor_reached":42,"language":"SPA","playtime":1730,"items_purged":["Strike_G","hubris:Sniper+1"],"score":1105,"play_id":"4a6588c1-2207-4725-871c-ebc041bede11","local_time":"20210128225623","is_ascension_mode":true,"campfire_choices":[{"data":"Backstab","floor":13,"key":"SMITH"},{"data":"Neutralize","floor":15,"key":"SMITH"},{"data":"A Thousand Cuts","floor":23,"key":"SMITH"},{"data":"MostiFishMod:VineMother","floor":25,"key":"SMITH"},{"floor":30,"key":"RECALL"},{"data":"MostiFishMod:PerfectParry","floor":32,"key":"SMITH"},{"data":"Strike_G","floor":40,"key":"SMITH"}],"circlet_count":0,"master_deck":["AscendersBane","Strike_G+1","Strike_G","Strike_G+1","Strike_G+1","Defend_G+1","Defend_G","Defend_G","Defend_G","Defend_G","Survivor+1","Neutralize+1","MostiFishMod:PerfectParry+1","Backstab+1","Backstab+1","A Thousand Cuts+1","Slice+1","hexamod:SixthSeal","MostiFishMod:PerfectParry","hexamod:FirstSeal"],"relics":["Ring of the Snake","DaveBox","testmod-TestBox","REME_ComplimentaryCards","testmod-Hope","SentryEyes","aspiration:Nostalgia","Cracked Core","SynthV:TestCard","halation:StarCompass","jedi:shrinkray","conspire:TreasureMap","PreservedInsect","StuffTheSpire:Mouthbags","aspiration:Lifesprig","OriginationStaff","energizedSpire:DeadBattery","jedi:archwizardhat","Whetstone","Ninja Scroll","PrismaticShard","Frozen Eye","ChiXiaoBlade","HandDrill","MiniBlackHole","testmod-TurbochargingSystem"],"acts_visited":["Exordium","TheCity","TheBeyond"],"potions_floor_usage":[6,7,16,16,33],"damage_taken":[{"damage":0,"enemies":"Small Slimes","floor":1,"turns":2},{"damage":0,"enemies":"Jaw Worm","floor":3,"turns":2},{"damage":0,"enemies":"Cultist","floor":5,"turns":2},{"damage":11,"enemies":"Lagavulin","floor":6,"turns":4},{"damage":0,"enemies":"conspire:2 RoseBushes","floor":7,"turns":2},{"damage":0,"enemies":"Gremlin Gang","floor":8,"turns":2},{"damage":0,"enemies":"Gremlin Nob","floor":10,"turns":2},{"damage":0,"enemies":"Looter","floor":11,"turns":1},{"damage":0,"enemies":"Lagavulin","floor":14,"turns":2},{"damage":2,"enemies":"The Guardian","floor":16,"turns":8},{"damage":0,"enemies":"3 Byrds","floor":18,"turns":2},{"damage":2,"enemies":"conspire:FuzzyDice","floor":19,"turns":3},{"damage":8,"enemies":"conspire:HollyBat","floor":20,"turns":6},{"damage":0,"enemies":"conspire:Head Lice","floor":24,"turns":3},{"damage":0,"enemies":"conspire:SneckoGhost","floor":27,"turns":3},{"damage":0,"enemies":"Snake Plant","floor":28,"turns":2},{"damage":0,"enemies":"Cultist and Chosen","floor":31,"turns":2},{"damage":20,"enemies":"Automaton","floor":33,"turns":7},{"damage":12,"enemies":"3 Darklings","floor":35,"turns":2},{"damage":0,"enemies":"Orb Walker","floor":38,"turns":2},{"damage":44,"enemies":"Giant Head","floor":41,"turns":8},{"damage":19,"enemies":"Spire Growth","floor":42,"turns":2}],"seed_played":"-1474461188988455470","potions_obtained":[{"floor":1,"key":"jedi:StrikingPotion"},{"floor":3,"key":"DistilledChaos"},{"floor":10,"key":"DistilledChaos"},{"floor":11,"key":"ColorlessPotion"},{"floor":24,"key":"Energy Potion"},{"floor":27,"key":"CultistPotion"},{"floor":33,"key":"jedi:mysterypotion"},{"floor":41,"key":"sneckomod:MuddlingPotion"}],"is_trial":false,"path_per_floor":["M","?","M","$","M","E","M","M","T","E","M","$","R","E","R","B",null,"M","M","M","?","T","R","E","R","T","E","M","$","R","M","R","B",null,"M","?","$","M","?","R","E","M"],"character_chosen":"THE_SILENT","items_purchased":["jedi:shrinkray","conspire:TreasureMap","PrismaticShard","Frozen Eye","HandDrill"],"campfire_rested":0,"item_purchase_floors":[4,4,29,29,37],"current_hp_per_floor":[59,59,59,39,39,28,28,28,28,28,28,28,28,28,28,35,58,58,56,48,48,48,48,48,48,48,48,48,48,48,48,48,28,57,45,45,45,45,45,45,1,0,0],"gold":151,"neow_bonus":"NOSTALGIA","is_daily":false,"chose_seed":false,"campfire_upgraded":6,"win_rate":0.0,"timestamp":1611870983,"path_taken":["M","?","M","?","?","E","M","M","T","E","M","$","R","E","R","BOSS","M","?","M","?","?","R","E","R","T","E","M","$","R","M","R","BOSS","M","?","$","M","?","R","E","M"],"items_purchased_type":["Relic","Relic","Relic","Relic","Relic"],"build_version":"2020-12-22","purchased_purges":2,"victory":false,"max_hp_per_floor":[66,66,66,66,66,66,66,66,66,66,66,66,66,66,66,66,66,66,66,66,66,66,66,66,66,66,66,66,66,66,66,66,66,66,66,66,66,66,66,66,66,66,66],"card_choices":[{"not_picked":["Outmaneuver","StuffTheSpire:DoubleShiv"],"picked":"Backstab","floor":1},{"not_picked":["hubris:Counter","Eviscerate","Prepared","hubris:Sniper","StuffTheSpire:Python"],"picked":"SKIP","floor":3},{"not_picked":["hubris:SlightOfHand","StuffTheSpire:MirrorStance","Underhanded Strike","Finisher"],"picked":"MostiFishMod:PerfectParry","floor":5},{"not_picked":["Blade Dance","Dagger Throw","StuffTheSpire:ReptileScales","ShadowRift","Poisoned Stab"],"picked":"SKIP","floor":6},{"not_picked":["Blade Dance","Dagger Throw","StuffTheSpire:ReptileScales","ShadowRift","Poisoned Stab"],"picked":"SKIP","floor":6},{"not_picked":["StuffTheSpire:ClusterCrunch","Dagger Spray","Predator","StuffTheSpire:ReptileScales","Underhanded Strike"],"picked":"SKIP","floor":7},{"not_picked":["Cloak And Dagger","Deflect","StuffTheSpire:ClusterCrunch","Acrobatics","Skewer"],"picked":"SKIP","floor":8},{"not_picked":["Reflex","Poisoned Stab","StuffTheSpire:Sprint","MostiFishMod:SpreadingSpore","hubris:Sniper"],"picked":"SKIP","floor":10},{"not_picked":["Quick Slash","MostiFishMod:PoisonShield","Bouncing Flask","Bane","jedi:pocketpoison"],"picked":"SKIP","floor":11},{"not_picked":["Masterful Stab","StuffTheSpire:BrimstoneBlast","Flying Knee","PiercingWail","Blade Dance"],"picked":"SKIP","floor":14},{"not_picked":["Storm of Steel","Unload","MostiFishMod:LethalBlade","After Image"],"picked":"A Thousand Cuts","floor":16},{"not_picked":["Flying Knee","Accuracy","Outmaneuver","Backflip","Leg Sweep"],"picked":"SKIP","floor":18},{"not_picked":["hubris:SlightOfHand","Terror","Outmaneuver","Deadly Poison","StuffTheSpire:BumpUp"],"picked":"SKIP","floor":19},{"not_picked":["Bane","MostiFishMod:PerfectParry","Underhanded Strike","jedi:pocketpoison"],"picked":"Slice+1","floor":20},{"not_picked":["StuffTheSpire:ClusterCrunch","REME_GreenPollution","Storm of Steel","Calculated Gamble"],"picked":"MostiFishMod:VineMother","floor":24},{"not_picked":["StuffTheSpire:Sprint","Slice","StuffTheSpire:ClusterCrunch","jedi:unstablefumes","Grand Finale"],"picked":"SKIP","floor":27},{"not_picked":["StuffTheSpire:Python","StuffTheSpire:BumpUp+1","StuffTheSpire:Injection","Backflip"],"picked":"hubris:Sniper+1","floor":28},{"not_picked":["champ:DefensiveShout","BowlingBash","Crescendo+1","champ:ShieldWall","Deadly Poison"],"picked":"SKIP","floor":31},{"not_picked":["hubris:Prefetch","MostiFishMod:DarkDeal","Exhume","Brilliance"],"picked":"hexamod:SixthSeal","floor":33},{"not_picked":["MostiFishMod:Nomercy","champ:PreciseThrust","Evolve","hubris:SlightOfHand+1","testmod-PainDetonator+1"],"picked":"SKIP","floor":35},{"not_picked":["Infernal Blade+1","champ:BerserkersShout","Backflip","Clothesline"],"picked":"MostiFishMod:PerfectParry","floor":38},{"not_picked":["hexamod:SixthSeal","Streamline","StuffTheSpire:DoubleShiv","bronze:DelayedGuard"],"picked":"hexamod:FirstSeal","floor":41}],"player_experience":448331,"relics_obtained":[{"floor":1,"key":"SynthV:TestCard"},{"floor":6,"key":"PreservedInsect"},{"floor":9,"key":"StuffTheSpire:Mouthbags"},{"floor":10,"key":"aspiration:Lifesprig"},{"floor":14,"key":"OriginationStaff"},{"floor":24,"key":"jedi:archwizardhat"},{"floor":26,"key":"Whetstone"},{"floor":27,"key":"Ninja Scroll"},{"floor":41,"key":"testmod-TurbochargingSystem"}],"event_choices":[{"cards_removed":["MostiFishMod:VineMother"],"damage_healed":0,"gold_gain":0,"player_choice":"Removed Power","damage_taken":0,"max_hp_gain":0,"max_hp_loss":0,"event_name":"Falling","floor":36,"gold_loss":0},{"damage_healed":0,"gold_gain":0,"player_choice":"Gave Potion","damage_taken":0,"relics_obtained":["MiniBlackHole"],"max_hp_gain":0,"max_hp_loss":0,"event_name":"WeMeetAgain","floor":39,"gold_loss":0}],"is_beta":false,"boss_relics":[{"not_picked":["halation:Prosthetics","FixedStarFall"],"picked":"energizedSpire:DeadBattery"},{"not_picked":["aspiration:RitualDagger","energizedSpire:RedRose"],"picked":"ChiXiaoBlade"}],"items_purged_floors":[12,29],"is_endless":false,"potions_floor_spawned":[1,3,10,11,24,27,33,41],"killed_by":"Spire Growth","ascension_level":16}}