{"host":"43vb3u4kiuosyd1s","time":1611817703,"event":{"mods":["BaseMod","HololiveMod","Koishi","Minty Spire (QoL Compilation)","StSLib"],"gold_per_floor":[85,109,128,128,151,219,294,294,294,313,370,320,350,383,383,531,531,564,564,611,651,566,624,723,723,748,748,789,847,847,847,847,1018,1018,1064,870,870,889,913,976,976,737,764,812,812,812,812],"floor_reached":48,"language":"KOR","playtime":2383,"items_purged":["Defend_G","Hololive_ManjiGathering"],"score":1111,"play_id":"29eeee26-e03d-487b-b8a4-fbdfc328e267","local_time":"20210128160823","is_ascension_mode":false,"campfire_choices":[{"data":"Hololive_CallSakuraMiko","floor":8,"key":"SMITH"},{"data":"Hololive_CallSpadeEcho","floor":15,"key":"SMITH"},{"data":"1","floor":25,"key":"LIFT"},{"data":"2","floor":30,"key":"LIFT"},{"data":"Hololive_CallAmaneKanata","floor":32,"key":"SMITH"},{"data":"Hololive_CallInugamiKorone","floor":41,"key":"SMITH"},{"data":"Hololive_SummonFox","floor":45,"key":"SMITH"}],"circlet_count":0,"master_deck":["Hololive_Defend","Hololive_Defend","Hololive_CallSakuraMiko+1","Hololive_CallCivia","Hololive_CallShiranuiFlare","Hololive_CallShirakamiFubuki","Hololive_CallNekomataOkayu","Hololive_CandyCastle","Hololive_ILoveYou","Hololive_FlyingPonyTail","Hololive_CocoNews","Hololive_FlyingPonyTail","Hololive_CallTokoyamiTowa","Hololive_CallSpadeEcho+1","Hololive_CallInugamiKorone+1","Hololive_Thief","Hololive_Thief","Hololive_CallAmaneKanata+1","Hololive_CallKiryuuCoco+1","Hololive_CallNatsuiroMatsuri","Hololive_CallYogiri","Hololive_IdolExercise","Hololive_SummonFox+1","Hololive_FlareMind"],"relics":["Hololive_TheStar","Bag of Marbles","Golden Idol","Oddly Smooth Stone","Thread and Needle","SacredBark","HornCleat","Girya","Bronze Scales","Smiling Mask","Vajra","Regal Pillow","Blood Vial","Dead Branch","Happy Flower","Bottled Tornado"],"acts_visited":["Exordium","TheCity","TheBeyond"],"potions_floor_usage":[10,11,21,47],"damage_taken":[{"damage":0,"enemies":"Cultist","floor":1,"turns":3},{"damage":0,"enemies":"Jaw Worm","floor":2,"turns":5},{"damage":0,"enemies":"Small Slimes","floor":3,"turns":3},{"damage":0,"enemies":"Blue Slaver","floor":5,"turns":4},{"damage":0,"enemies":"Lagavulin","floor":6,"turns":11},{"damage":0,"enemies":"Lots of Slimes","floor":10,"turns":2},{"damage":0,"enemies":"3 Sentries","floor":11,"turns":6},{"damage":0,"enemies":"3 Louse","floor":13,"turns":4},{"damage":0,"enemies":"Looter","floor":14,"turns":3},{"damage":0,"enemies":"Slime Boss","floor":16,"turns":5},{"damage":0,"enemies":"Shell Parasite","floor":18,"turns":4},{"damage":0,"enemies":"3 Byrds","floor":20,"turns":5},{"damage":0,"enemies":"3 Cultists","floor":21,"turns":4},{"damage":0,"enemies":"Gremlin Leader","floor":23,"turns":5},{"damage":0,"enemies":"Sentry and Sphere","floor":28,"turns":3},{"damage":0,"enemies":"Book of Stabbing","floor":29,"turns":3},{"damage":0,"enemies":"Champ","floor":33,"turns":4},{"damage":0,"enemies":"3 Darklings","floor":35,"turns":4},{"damage":0,"enemies":"Orb Walker","floor":38,"turns":2},{"damage":0,"enemies":"Nemesis","floor":40,"turns":3},{"damage":0,"enemies":"Reptomancer","floor":44,"turns":4},{"damage":0,"enemies":"Time Eater","floor":47,"turns":3}],"seed_played":"2174585261443664427","potions_obtained":[{"floor":2,"key":"Explosive Potion"},{"floor":10,"key":"Energy Potion"},{"floor":14,"key":"Fire Potion"},{"floor":16,"key":"AttackPotion"},{"floor":20,"key":"Weak Potion"},{"floor":23,"key":"SpeedPotion"},{"floor":33,"key":"Strength Potion"},{"floor":40,"key":"LiquidMemories"}],"is_trial":false,"path_per_floor":["M","M","M","?","M","E","?","R","T","M","E","?","M","M","R","B",null,"M","?","M","M","?","E","?","R","T","?","M","E","R","?","R","B",null,"M","$","?","M","T","E","R","$","T","E","R","?","B",null],"character_chosen":"Hololive_HololiveCharacter","items_purchased":["Vajra","Hololive_SummonFox","Hololive_FlareMind"],"campfire_rested":0,"item_purchase_floors":[36,42,42],"current_hp_per_floor":[35,35,35,33,33,33,22,22,22,22,22,22,22,22,22,22,33,33,33,33,33,33,33,33,33,33,33,33,33,33,33,33,33,33,33,33,33,33,33,33,33,33,33,33,33,33,33],"gold":812,"neow_bonus":"RANDOM_COMMON_RELIC","is_daily":false,"chose_seed":false,"campfire_upgraded":5,"win_rate":0.0,"timestamp":1611817703,"path_taken":["M","M","M","?","M","E","?","R","T","M","E","?","M","M","R","BOSS","M","?","M","?","?","E","?","R","T","?","?","E","R","?","R","BOSS","M","$","?","?","?","E","R","$","T","E","R","?","BOSS"],"items_purchased_type":["Relic","Card","Card"],"build_version":"2020-12-22","purchased_purges":2,"victory":true,"max_hp_per_floor":[35,35,35,33,33,33,33,33,33,33,33,33,33,33,33,33,33,33,33,33,33,33,33,33,33,33,33,33,33,33,33,33,33,33,33,33,33,33,33,33,33,33,33,33,33,33,33],"card_choices":[{"not_picked":["Hololive_FlyingPonyTail","Hololive_CallYukihanaLamy","Hololive_HuntDinosaur"],"picked":"Hololive_CandyCastle","floor":1},{"not_picked":["Hololive_Breathe","Hololive_RevenueBasedLive","Hololive_Teleport"],"picked":"Hololive_ILoveYou","floor":2},{"not_picked":["Hololive_Breathe","Hololive_CallArtia","Hololive_ManjiGathering"],"picked":"Hololive_FlyingPonyTail","floor":3},{"not_picked":["Hololive_Trident","Hololive_CallFriendA","Hololive_LuckPotion"],"picked":"Hololive_CocoNews","floor":5},{"not_picked":["Hololive_HuntDinosaur","Hololive_Yoholoon","Hololive_LuckPotion","Hololive_OvertimeWork"],"picked":"SKIP","floor":6},{"not_picked":["Hololive_CallNekomataOkayu","Hololive_Drill","Hololive_CallShirakamiFubuki"],"picked":"Hololive_FlyingPonyTail","floor":10},{"not_picked":["Hololive_OvertimeWork","Hololive_CocoNews","Hololive_Trident"],"picked":"Hololive_CallTokoyamiTowa","floor":11},{"not_picked":["Hololive_Drill","Hololive_StarCraft","Hololive_CallAkiRosenthal"],"picked":"Hololive_CallSpadeEcho","floor":13},{"not_picked":["Hololive_LuckPotion","Hololive_CallFriendA","Hololive_HuntDinosaur"],"picked":"Hololive_CallInugamiKorone","floor":14},{"not_picked":["Hololive_StarCraft","Hololive_ASMR","Hololive_ScarfAndHalo"],"picked":"Hololive_Thief","floor":16},{"not_picked":["Hololive_RevenueBasedLive","Hololive_CocoNews","Hololive_Sequa","Hololive_Breathe"],"picked":"SKIP","floor":18},{"not_picked":["Hololive_RevenueBasedLive","Hololive_LuckPotion","Hololive_CallMomosuzuNene"],"picked":"Hololive_CallAmaneKanata","floor":20},{"not_picked":["Hololive_Rebound","Hololive_FlyingPonyTail","Hololive_Trident","Hololive_CocoNews"],"picked":"SKIP","floor":21},{"not_picked":["Hololive_Yoholoon","Hololive_CallRoboco+1","Hololive_CallYogiri"],"picked":"Hololive_CallKiryuuCoco+1","floor":23},{"not_picked":["Hololive_Psychosis","Hololive_Rebound","Hololive_Drill","Hololive_LuckPotion"],"picked":"SKIP","floor":28},{"not_picked":["Hololive_CallTokinoSora","Hololive_Psychosis+1","Hololive_ScarfAndHalo"],"picked":"Hololive_CallNatsuiroMatsuri","floor":29},{"not_picked":["Hololive_Breathe+1","Hololive_RevenueBasedLive","Hololive_Rebound","Hololive_HuntDinosaur"],"picked":"SKIP","floor":35},{"not_picked":["Hololive_Drill+1","Hololive_HuntDinosaur+1","Hololive_OvertimeWork+1","Hololive_Trident+1"],"picked":"SKIP","floor":38},{"not_picked":["Hololive_LuckPotion+1","Hololive_CallMinatoAqua","Hololive_Watashimo"],"picked":"Hololive_IdolExercise","floor":40},{"not_picked":["Hololive_HuntDinosaur","Hololive_CocoNews+1","Hololive_Trident+1","Hololive_CallCivia+1"],"picked":"SKIP","floor":44}],"player_experience":185791,"relics_obtained":[{"floor":6,"key":"Oddly Smooth Stone"},{"floor":11,"key":"Thread and Needle"},{"floor":23,"key":"Girya"},{"floor":26,"key":"Bronze Scales"},{"floor":29,"key":"Smiling Mask"},{"floor":39,"key":"Blood Vial"},{"floor":40,"key":"Dead Branch"},{"floor":43,"key":"Happy Flower"},{"floor":44,"key":"Bottled Tornado"}],"event_choices":[{"damage_healed":0,"gold_gain":0,"player_choice":"Lose Max HP","damage_taken":0,"relics_obtained":["Golden Idol"],"max_hp_gain":0,"max_hp_loss":2,"event_name":"Golden Idol","floor":4,"gold_loss":0},{"damage_healed":0,"gold_gain":75,"player_choice":"Gather Gold","damage_taken":11,"max_hp_gain":0,"max_hp_loss":0,"event_name":"World of Goop","floor":7,"gold_loss":0},{"cards_removed":["Hololive_Strike"],"damage_healed":0,"gold_gain":0,"player_choice":"Card Removal","damage_taken":0,"max_hp_gain":0,"max_hp_loss":0,"event_name":"The Cleric","floor":12,"gold_loss":50},{"damage_healed":0,"gold_gain":0,"player_choice":"Copied","damage_taken":0,"max_hp_gain":0,"max_hp_loss":0,"event_name":"Duplicator","floor":19,"gold_loss":0,"cards_obtained":["Hololive_Thief"]},{"damage_healed":0,"gold_gain":0,"player_choice":"Obtained Relic","damage_taken":0,"relics_obtained":["HornCleat"],"max_hp_gain":0,"max_hp_loss":0,"event_name":"Addict","floor":22,"gold_loss":85},{"damage_healed":0,"gold_gain":99,"player_choice":"Stole From Cult","damage_taken":0,"max_hp_gain":0,"max_hp_loss":0,"event_name":"Nest","floor":24,"gold_loss":0},{"cards_removed":["Hololive_Strike"],"damage_healed":0,"gold_gain":0,"player_choice":"Took Card","damage_taken":0,"max_hp_gain":0,"max_hp_loss":0,"event_name":"NoteForYourself","floor":27,"gold_loss":0,"cards_obtained":["Defend_G"]},{"damage_healed":0,"gold_gain":0,"player_choice":"Read","damage_taken":0,"max_hp_gain":0,"max_hp_loss":0,"event_name":"The Library","floor":31,"gold_loss":0,"cards_obtained":["Hololive_CallYogiri"]},{"damage_healed":0,"gold_gain":0,"player_choice":"Gave Potion","damage_taken":0,"relics_obtained":["Regal Pillow"],"max_hp_gain":0,"max_hp_loss":0,"event_name":"WeMeetAgain","floor":37,"gold_loss":0},{"damage_healed":0,"gold_gain":0,"player_choice":"Took Portal","damage_taken":0,"max_hp_gain":0,"max_hp_loss":0,"event_name":"SecretPortal","floor":46,"gold_loss":0}],"is_beta":false,"boss_relics":[{"not_picked":["Philosopher\u0027s Stone","Empty Cage"],"picked":"SacredBark"},{"not_picked":["Velvet Choker","Snecko Eye","Cursed Key"]}],"items_purged_floors":[36,42],"is_endless":false,"potions_floor_spawned":[2,10,14,16,20,23,33,40],"ascension_level":0}}