{"host":"2ttsipbxjlhedj1t","time":1611818637,"event":{"mods":["2.2 Compatiblity","Act Like it!","BaseMod","Colored Map","Colored Powertips","Curses Come First","Highlight Path","Minty Spire (QoL Compilation)","Quick Restart","Robot Space Explorer","Shop Mod","StSLib"],"gold_per_floor":[115,115,115,132,232,232,244,255,306,306,325,341,341,356,356,452,452,466,466,466,481,69,96,96,114,114,126,144,163,174,24,24,24,24],"floor_reached":33,"language":"ENG","playtime":2896,"items_purged":["RobotSpaceExplorer:Electroshield+1"],"score":288,"play_id":"ef0c9843-8fdc-4643-9db0-b0f7723dc9a1","local_time":"20210128022357","is_ascension_mode":false,"campfire_choices":[{"data":"RobotSpaceExplorer:Blitz","floor":6.0,"key":"SMITH"},{"data":"RobotSpaceExplorer:RigExplosive","floor":13.0,"key":"SMITH"},{"data":"RobotSpaceExplorer:Electroshield","floor":15.0,"key":"SMITH"},{"data":"RobotSpaceExplorer:Comet","floor":32,"key":"SMITH"}],"circlet_count":0,"master_deck":["RobotSpaceExplorer:Defend","RobotSpaceExplorer:Defend","RobotSpaceExplorer:Defend","RobotSpaceExplorer:Scan","RobotSpaceExplorer:MiniLasers","RobotSpaceExplorer:Blitz+1","RobotSpaceExplorer:StunGrenade","RobotSpaceExplorer:RigExplosive+1","RobotSpaceExplorer:Probe","RobotSpaceExplorer:SurgingStrike","RobotSpaceExplorer:Probe","RobotSpaceExplorer:Comet+1","Shame","Bite","Bite","Bite","Bite","Bite","RobotSpaceExplorer:Pulsar","RobotSpaceExplorer:ChargingLaser","RobotSpaceExplorer:StarLightning","RobotSpaceExplorer:JunkDive"],"relics":["RobotSpaceExplorer:RoboCore","Pen Nib","Oddly Smooth Stone","Pear","Mercury Hourglass","Du-Vu Doll","Meat on the Bone","Anchor","HandDrill"],"acts_visited":["Exordium","TheCity"],"potions_floor_usage":[28,29,33,33,33,33],"damage_taken":[{"damage":0.0,"enemies":"Cultist","floor":1.0,"turns":3.0},{"damage":1.0,"enemies":"2 Louse","floor":4.0,"turns":3.0},{"damage":0.0,"enemies":"Small Slimes","floor":7.0,"turns":4.0},{"damage":0.0,"enemies":"Red Slaver","floor":8.0,"turns":2.0},{"damage":7.0,"enemies":"Exordium Wildlife","floor":11.0,"turns":3.0},{"damage":6.0,"enemies":"3 Louse","floor":12.0,"turns":4.0},{"damage":0.0,"enemies":"Looter","floor":14.0,"turns":2.0},{"damage":5.0,"enemies":"Hexaghost","floor":16.0,"turns":8.0},{"damage":8.0,"enemies":"Chosen","floor":18.0,"turns":5.0},{"damage":3.0,"enemies":"2 Thieves","floor":21.0,"turns":3.0},{"damage":7.0,"enemies":"Slavers","floor":23.0,"turns":5.0},{"damage":13.0,"enemies":"Snake Plant","floor":25.0,"turns":4.0},{"damage":7.0,"enemies":"Snecko","floor":27.0,"turns":4.0},{"damage":18,"enemies":"Centurion and Healer","floor":28,"turns":4},{"damage":0,"enemies":"Cultist and Chosen","floor":29,"turns":4},{"damage":0,"enemies":"Chosen and Byrds","floor":30,"turns":4},{"damage":81,"enemies":"Champ","floor":33,"turns":8}],"seed_played":"-467519878290820115","potions_obtained":[{"floor":4.0,"key":"Strength Potion"},{"floor":7.0,"key":"SkillPotion"},{"floor":14.0,"key":"ColorlessPotion"},{"floor":21.0,"key":"Block Potion"},{"floor":27.0,"key":"LiquidBronze"},{"floor":30,"key":"Weak Potion"}],"is_trial":false,"path_per_floor":["M","?","?","M","?","R","M","M","T","T","M","M","R","M","R","B",null,"M","?","?","M","$","E","?","M","T","M","M","M","M","$","R","B"],"character_chosen":"RobotSpaceExplorer","items_purchased":["Du-Vu Doll","PowerPotion","HandDrill"],"campfire_rested":0,"item_purchase_floors":[22,22,31],"current_hp_per_floor":[75,75,75,74,74,74,74,74,74,84,77,71,71,71,71,66,85,77,77,59,59,59,59,59,56,56,54,47,59,59,59,59,0,0],"gold":24,"neow_bonus":"TRANSFORM_CARD","is_daily":false,"chose_seed":false,"campfire_upgraded":4,"win_rate":0.0,"timestamp":1611818637,"path_taken":["M","?","?","M","?","R","M","?","T","?","M","M","R","M","R","BOSS","M","?","?","M","$","E","?","M","T","M","?","M","M","$","R","BOSS"],"items_purchased_type":["Relic","Potion","Relic"],"build_version":"2020-12-22","purchased_purges":1,"victory":false,"max_hp_per_floor":[75,75,75,75,75,75,75,75,75,85,85,85,85,85,85,85,85,85,85,59,59,59,59,59,59,59,59,59,59,59,59,59,59,59],"card_choices":[{"not_picked":["RobotSpaceExplorer:ScrapMissile","RobotSpaceExplorer:MetalStrike","RobotSpaceExplorer:ImprovisedAttack"],"picked":"SKIP","floor":1.0},{"not_picked":["RobotSpaceExplorer:DoubleFind","RobotSpaceExplorer:SlimeMissile"],"picked":"RobotSpaceExplorer:StunGrenade","floor":4.0},{"not_picked":["RobotSpaceExplorer:SlimeMissile","RobotSpaceExplorer:Ammunition"],"picked":"RobotSpaceExplorer:Electroshield","floor":7.0},{"not_picked":["RobotSpaceExplorer:Multitool","RobotSpaceExplorer:Probe"],"picked":"RobotSpaceExplorer:RigExplosive","floor":8.0},{"not_picked":["RobotSpaceExplorer:ShovelStrike","RobotSpaceExplorer:ScrapMissile"],"picked":"RobotSpaceExplorer:Probe","floor":11.0},{"not_picked":["RobotSpaceExplorer:DoubleBlock","RobotSpaceExplorer:ScrapMissile"],"picked":"RobotSpaceExplorer:SurgingStrike","floor":12.0},{"not_picked":["RobotSpaceExplorer:DualCore","RobotSpaceExplorer:StarDust"],"picked":"RobotSpaceExplorer:Probe","floor":14.0},{"not_picked":["RobotSpaceExplorer:BlastShield","RobotSpaceExplorer:Autoloader"],"picked":"RobotSpaceExplorer:Comet","floor":16.0},{"not_picked":["RobotSpaceExplorer:SlimeMissile","RobotSpaceExplorer:SelfCleaning","RobotSpaceExplorer:MiniDrones"],"picked":"SKIP","floor":18.0},{"not_picked":["RobotSpaceExplorer:MiniDrones","RobotSpaceExplorer:SwiftStep+1","RobotSpaceExplorer:FrostMissile"],"picked":"SKIP","floor":21.0},{"not_picked":["RobotSpaceExplorer:LaserBurst","RobotSpaceExplorer:FreezingShield+1","RobotSpaceExplorer:GlueShot"],"picked":"SKIP","floor":23.0},{"not_picked":["RobotSpaceExplorer:RigExplosive","RobotSpaceExplorer:MetalStrike"],"picked":"RobotSpaceExplorer:Pulsar","floor":25.0},{"not_picked":["RobotSpaceExplorer:Electropulse+1","RobotSpaceExplorer:Electroshield"],"picked":"RobotSpaceExplorer:ChargingLaser","floor":27.0},{"not_picked":["RobotSpaceExplorer:BigMissile","RobotSpaceExplorer:ToxicBomb"],"picked":"RobotSpaceExplorer:StarLightning","floor":28},{"not_picked":["RobotSpaceExplorer:ShockKick","RobotSpaceExplorer:MiniDrones"],"picked":"RobotSpaceExplorer:JunkDive","floor":29},{"not_picked":["RobotSpaceExplorer:DoubleBlock","RobotSpaceExplorer:SlimeMissile","RobotSpaceExplorer:Ammunition"],"picked":"SKIP","floor":30}],"player_experience":365047,"relics_obtained":[{"floor":9.0,"key":"Oddly Smooth Stone"},{"floor":10.0,"key":"Pear"},{"floor":23.0,"key":"Meat on the Bone"},{"floor":26.0,"key":"Anchor"}],"event_choices":[{"damage_healed":0.0,"max_hp_gain":0.0,"max_hp_loss":0.0,"gold_gain":0.0,"event_name":"Big Fish","player_choice":"Box","floor":2.0,"gold_loss":0.0,"damage_taken":0.0,"relics_obtained":["Pen Nib"],"cards_obtained":["Regret"]},{"cards_removed":["Regret"],"damage_healed":0.0,"max_hp_gain":0.0,"max_hp_loss":0.0,"gold_gain":0.0,"event_name":"Living Wall","player_choice":"Forget","floor":3.0,"gold_loss":0.0,"damage_taken":0.0},{"damage_healed":0.0,"max_hp_gain":0.0,"max_hp_loss":0.0,"gold_gain":100.0,"event_name":"Wheel of Change","player_choice":"Gold","floor":5.0,"gold_loss":0.0,"damage_taken":0.0},{"damage_healed":0.0,"max_hp_gain":0.0,"max_hp_loss":0.0,"gold_gain":0.0,"event_name":"Addict","player_choice":"Stole Relic","floor":19.0,"gold_loss":0.0,"damage_taken":0.0,"relics_obtained":["Mercury Hourglass"],"cards_obtained":["Shame"]},{"damage_healed":0.0,"max_hp_gain":0.0,"max_hp_loss":26.0,"gold_gain":0.0,"event_name":"Vampires","player_choice":"Became a vampire","floor":20.0,"gold_loss":0.0,"damage_taken":0.0,"cards_obtained":["Bite","Bite","Bite","Bite","Bite"]},{"damage_healed":0.0,"max_hp_gain":0.0,"max_hp_loss":0.0,"gold_gain":0.0,"event_name":"Wheel of Change","player_choice":"Full Heal","floor":24.0,"gold_loss":0.0,"damage_taken":0.0}],"is_beta":false,"boss_relics":[{"not_picked":["Pandora\u0027s Box","Runic Dome","Runic Pyramid"]}],"items_purged_floors":[22],"is_endless":false,"potions_floor_spawned":[4,7,12,14,21,27,28,30],"killed_by":"Champ","ascension_level":0}}