{"host":"7gewg82ormp6yt4e","time":1611839891,"event":{"mods":["BaseMod","Block Reminder","Colored Map","DeckTracker","Highlight Path","Minty Spire (QoL Compilation)","Relic Stats","StSLib","ojb\u0027s Info Mod"],"gold_per_floor":[110,1,151,151,151,151,178,178,178,195,195,195,195],"floor_reached":12,"language":"JPN","playtime":248,"items_purged":[],"score":198,"play_id":"95e3c143-75bb-44ba-b7e5-9dfb91da5154","local_time":"20210128221811","is_ascension_mode":true,"campfire_choices":[{"data":"Streamline","floor":6,"key":"SMITH"},{"data":"Chaos","floor":8,"key":"SMITH"},{"data":"FTL","floor":11,"key":"SMITH"}],"circlet_count":0,"master_deck":["AscendersBane","Strike_B+1","Strike_B","Strike_B","Strike_B","Defend_B","Defend_B","Defend_B","Defend_B","Zap+1","Dualcast","Chaos+1","Streamline+1","Doubt","FTL+1","Capacitor"],"relics":["Cracked Core","NeowsBlessing","Juzu Bracelet","Blue Candle","Meat on the Bone"],"acts_visited":["Exordium"],"potions_floor_usage":[12],"damage_taken":[{"damage":0,"enemies":"Small Slimes","floor":1,"turns":1},{"damage":0,"enemies":"Lagavulin","floor":7,"turns":1},{"damage":0,"enemies":"2 Louse","floor":10,"turns":1},{"damage":39,"enemies":"3 Sentries","floor":12,"turns":7}],"seed_played":"9097713686913292898","potions_obtained":[{"floor":7,"key":"FocusPotion"}],"is_trial":false,"path_per_floor":["M","$","?","?","?","R","E","R","T","M","R","E"],"character_chosen":"DEFECT","items_purchased":["Streamline","Fire Potion"],"campfire_rested":0,"item_purchase_floors":[2,2],"current_hp_per_floor":[64,64,64,46,25,25,25,25,25,37,37,0,0],"gold":195,"neow_bonus":"THREE_ENEMY_KILL","is_daily":false,"chose_seed":false,"campfire_upgraded":3,"win_rate":0.0,"timestamp":1611839891,"path_taken":["M","$","?","?","?","R","E","R","T","M","R","E"],"items_purchased_type":["Card","Potion"],"build_version":"2020-12-22","purchased_purges":0,"victory":false,"max_hp_per_floor":[71,71,71,71,71,71,71,71,71,71,71,71,71],"relic_stats":{"counters":[4,10],"Blue Candle":[1],"Juzu Bracelet":0,"obtain_stats":[{"NeowsBlessing":0,"Blue Candle":7,"Juzu Bracelet":4,"Cracked Core":0,"Meat on the Bone":9},{"NeowsBlessing":0,"Blue Candle":2,"Juzu Bracelet":1,"Cracked Core":0,"Meat on the Bone":2},{"NeowsBlessing":0,"Blue Candle":2,"Juzu Bracelet":1,"Cracked Core":0,"Meat on the Bone":2}],"Meat on the Bone":12},"card_choices":[{"not_picked":["Turbo","Heatsinks"],"picked":"Chaos","floor":1},{"not_picked":["Sweeping Beam","Auto Shields"],"picked":"FTL","floor":7},{"not_picked":["Leap","Static Discharge"],"picked":"Capacitor","floor":10}],"player_experience":2716125,"relics_obtained":[{"floor":7,"key":"Blue Candle"},{"floor":9,"key":"Meat on the Bone"}],"event_choices":[{"damage_healed":0,"gold_gain":150,"player_choice":"AGREE","damage_taken":0,"max_hp_gain":0,"max_hp_loss":0,"event_name":"Liars Game","floor":3,"gold_loss":0,"cards_obtained":["Doubt"]},{"damage_healed":0,"gold_gain":0,"player_choice":"Success","damage_taken":18,"relics_obtained":["Juzu Bracelet"],"max_hp_gain":0,"max_hp_loss":0,"event_name":"Scrap Ooze","floor":4,"gold_loss":0},{"damage_healed":0,"gold_gain":0,"player_choice":"Entered Light","damage_taken":21,"max_hp_gain":0,"max_hp_loss":0,"event_name":"Shining Light","floor":5,"gold_loss":0,"cards_upgraded":["Strike_B","Zap"]}],"is_beta":false,"boss_relics":[],"items_purged_floors":[],"is_endless":false,"potions_floor_spawned":[7],"killed_by":"3 Sentries","ascension_level":20}}