{"host":"2hea6pl5vmah38iy","time":1611806855,"event":{"mods":["AchievementEnabler","BaseMod","Colored Map","DeckTracker","Keyboard Shortcuts","Minty Spire (QoL Compilation)","Rare Cards Sparkle","StSLib","SuperFastMode","everything is the same but u backflip on backflip"],"gold_per_floor":[113,133,133,149,74,74,90,124,124,124,124,24,35,35,35,113,113,132,160,160,30,40,40,75,75,75],"floor_reached":25,"language":"KOR","playtime":837,"items_purged":["Strike_B","Strike_B","Strike_B"],"score":590,"play_id":"fa7b8924-c2fa-40af-a1ad-d689a6f8e84b","local_time":"20210128130735","is_ascension_mode":true,"campfire_choices":[{"data":"Darkness","floor":6.0,"key":"SMITH"},{"data":"Dualcast","floor":10.0,"key":"SMITH"},{"data":"Hologram","floor":15.0,"key":"SMITH"},{"data":"Multi-Cast","floor":23,"key":"SMITH"}],"circlet_count":0,"master_deck":["AscendersBane","Strike_B","Defend_B","Defend_B","Defend_B","Defend_B+1","Zap","Dualcast+1","Darkness+1","Undo+1","Hologram+1","Lockon","Skim","Turbo","Multi-Cast+1","Genetic Algorithm","Capacitor","Skim","Redo"],"relics":["Cracked Core","Boot","Toy Ornithopter","Omamori","Sundial","Calling Bell","Symbiotic Virus","Du-Vu Doll","War Paint","Red Mask","The Courier","Darkstone Periapt"],"acts_visited":["Exordium","TheCity"],"potions_floor_usage":[19,24],"damage_taken":[{"damage":2.0,"enemies":"2 Louse","floor":1.0,"turns":3.0},{"damage":2.0,"enemies":"Cultist","floor":2.0,"turns":4.0},{"damage":4.0,"enemies":"Small Slimes","floor":4.0,"turns":3.0},{"damage":8.0,"enemies":"Blue Slaver","floor":7.0,"turns":4.0},{"damage":4.0,"enemies":"Lagavulin","floor":8.0,"turns":6.0},{"damage":8.0,"enemies":"Exordium Wildlife","floor":13.0,"turns":3.0},{"damage":11.0,"enemies":"The Guardian","floor":16.0,"turns":7.0},{"damage":0,"enemies":"Chosen","floor":18,"turns":3},{"damage":10,"enemies":"Masked Bandits","floor":19,"turns":3},{"damage":22,"enemies":"3 Byrds","floor":22,"turns":5},{"damage":21,"enemies":"Gremlin Leader","floor":24,"turns":4},{"damage":1,"enemies":"Cultist and Chosen","floor":25,"turns":3}],"seed_played":"5101041533349288807","potions_obtained":[{"floor":1.0,"key":"Ancient Potion"},{"floor":2.0,"key":"PotionOfCapacity"},{"floor":3.0,"key":"SkillPotion"},{"floor":16.0,"key":"SteroidPotion"},{"floor":18,"key":"DistilledChaos"},{"floor":22,"key":"Weak Potion"}],"is_trial":false,"path_per_floor":["M","M","?","M","$","R","M","E","T","R","?","$","M","?","R","B",null,"M","?","?","$","M","R","E","M"],"character_chosen":"DEFECT","items_purchased":["Capacitor"],"campfire_rested":0,"item_purchase_floors":[21],"current_hp_per_floor":[62,60,60,56,56,56,48,44,44,44,26,26,18,18,18,12,56,56,51,51,51,29,29,13,12,12],"gold":75,"neow_bonus":"RANDOM_COMMON_RELIC","is_daily":false,"chose_seed":false,"campfire_upgraded":4,"win_rate":0.0,"timestamp":1611806855,"path_taken":["M","M","?","M","?","R","M","E","T","R","?","?","?","?","R","BOSS","M","?","?","?","M","R","E","?"],"items_purchased_type":["Card"],"build_version":"2020-12-22","purchased_purges":3,"victory":false,"max_hp_per_floor":[71,71,71,71,71,71,71,71,71,71,71,71,71,71,71,71,71,71,71,71,71,71,71,71,71,71],"card_choices":[{"not_picked":["Reinforced Body","Beam Cell"],"picked":"Darkness","floor":1.0},{"not_picked":["Skim","Sweeping Beam"],"picked":"Undo","floor":2.0},{"not_picked":["Auto Shields","Cold Snap"],"picked":"Hologram","floor":4.0},{"not_picked":["Rebound","Go for the Eyes"],"picked":"Lockon","floor":7.0},{"not_picked":["Doom and Gloom","Consume"],"picked":"Skim","floor":8.0},{"not_picked":["Static Discharge","Ball Lightning"],"picked":"Turbo","floor":13.0},{"not_picked":["Core Surge","Echo Form"],"picked":"Multi-Cast","floor":16.0},{"not_picked":["Rip and Tear","Barrage"],"picked":"Genetic Algorithm","floor":18},{"not_picked":["Leap","Compile Driver"],"picked":"Skim","floor":22},{"not_picked":["Multi-Cast","Coolheaded"],"picked":"Redo","floor":24}],"player_experience":526648,"relics_obtained":[{"floor":8.0,"key":"Toy Ornithopter"},{"floor":9.0,"key":"Omamori"},{"floor":17.0,"key":"Symbiotic Virus"},{"floor":17.0,"key":"Du-Vu Doll"},{"floor":17.0,"key":"War Paint"},{"floor":19,"key":"Red Mask"},{"floor":24,"key":"Darkstone Periapt"}],"event_choices":[{"damage_healed":0.0,"max_hp_gain":0.0,"max_hp_loss":0.0,"gold_gain":0.0,"event_name":"Lab","player_choice":"Got Potions","floor":3.0,"gold_loss":0.0,"damage_taken":0.0},{"damage_healed":0.0,"max_hp_gain":0.0,"max_hp_loss":0.0,"gold_gain":0.0,"event_name":"Scrap Ooze","player_choice":"Success","floor":11.0,"gold_loss":0.0,"damage_taken":18.0,"relics_obtained":["Sundial"]},{"damage_healed":0.0,"max_hp_gain":0.0,"max_hp_loss":0.0,"gold_gain":0.0,"event_name":"Liars Game","player_choice":"Ignored","floor":14.0,"gold_loss":0.0,"damage_taken":0.0},{"damage_healed":0,"gold_gain":0,"player_choice":"Fought Bandits","damage_taken":0,"max_hp_gain":0,"max_hp_loss":0,"event_name":"Masked Bandits","floor":19,"gold_loss":0},{"damage_healed":0,"gold_gain":0,"player_choice":"Stole Relic","damage_taken":0,"relics_obtained":["The Courier"],"max_hp_gain":0,"max_hp_loss":0,"event_name":"Addict","floor":20,"gold_loss":0,"cards_obtained":["Shame"]}],"is_beta":false,"boss_relics":[{"not_picked":["Tiny House","Black Star"],"picked":"Calling Bell"}],"items_purged_floors":[5,12,21],"is_endless":false,"potions_floor_spawned":[1,2,4,16,18,22],"killed_by":"Cultist and Chosen","ascension_level":17}}