{"host":"j4g6ia6asvpyu2b0","time":1611873986,"event":{"mods":["BaseMod","Colored Map","Minty Spire (QoL Compilation)","Permanent Neow","Quick Restart","Relic Stats","StSLib","Unceasing Turn Reminder"],"gold_per_floor":[111,111,121,33,33,33,51,51,51,51,68,101,116,143,143,143,143],"floor_reached":16,"language":"ENG","playtime":452,"items_purged":[],"score":143,"play_id":"12859e8a-29ef-424a-987b-d395d9845ee3","local_time":"20210128154626","is_ascension_mode":true,"campfire_choices":[{"data":"True Grit","floor":6,"key":"SMITH"},{"data":"Anger","floor":8,"key":"SMITH"},{"data":"Metallicize","floor":10,"key":"SMITH"},{"data":"Flame Barrier","floor":15,"key":"SMITH"}],"circlet_count":0,"master_deck":["Strike_R","Strike_R","Strike_R","Strike_R","Strike_R","Defend_R","Defend_R","Defend_R","Defend_R","Bash+1","Anger+1","Metallicize+1","True Grit+1","Thunderclap","Flame Barrier+1","Ghostly Armor","Limit Break"],"relics":["Burning Blood","Charon\u0027s Ashes","TungstenRod","MealTicket","Strawberry"],"acts_visited":["Exordium"],"potions_floor_usage":[14,16],"damage_taken":[{"damage":9,"enemies":"Jaw Worm","floor":1,"turns":4},{"damage":4,"enemies":"Cultist","floor":3,"turns":4},{"damage":0,"enemies":"2 Louse","floor":7,"turns":2},{"damage":12,"enemies":"Gremlin Gang","floor":11,"turns":6},{"damage":27,"enemies":"Gremlin Nob","floor":12,"turns":5},{"damage":10,"enemies":"Looter","floor":13,"turns":2},{"damage":28,"enemies":"Lagavulin","floor":14,"turns":7},{"damage":42,"enemies":"Slime Boss","floor":16,"turns":7}],"seed_played":"7475837135328934426","potions_obtained":[{"floor":3,"key":"HeartOfIron"},{"floor":7,"key":"Regen Potion"},{"floor":14,"key":"BlessingOfTheForge"}],"is_trial":false,"path_per_floor":["M","?","M","$","?","R","M","R","T","R","M","E","M","E","R","B"],"character_chosen":"IRONCLAD","items_purchased":["Metallicize","True Grit"],"campfire_rested":0,"item_purchase_floors":[4,4],"current_hp_per_floor":[69,69,71,71,71,71,72,72,72,72,66,45,41,41,41,0,0],"gold":143,"neow_bonus":"ONE_RARE_RELIC","is_daily":false,"chose_seed":false,"campfire_upgraded":4,"win_rate":0.0,"timestamp":1611873986,"path_taken":["M","?","M","?","?","R","M","R","T","R","M","E","?","E","R","BOSS"],"items_purchased_type":["Card","Card"],"build_version":"2020-12-22","purchased_purges":0,"victory":false,"max_hp_per_floor":[72,72,72,72,72,72,72,72,72,72,72,72,72,79,79,79,79],"relic_stats":{"counters":[8,37],"MealTicket":0,"Charon\u0027s Ashes":[41],"obtain_stats":[{"Strawberry":14,"MealTicket":12,"Charon\u0027s Ashes":0,"Burning Blood":0,"TungstenRod":2},{"Strawberry":7,"MealTicket":5,"Charon\u0027s Ashes":0,"Burning Blood":0,"TungstenRod":1},{"Strawberry":30,"MealTicket":21,"Charon\u0027s Ashes":0,"Burning Blood":0,"TungstenRod":4}],"Burning Blood":37,"TungstenRod":19},"card_choices":[{"not_picked":["Wild Strike","Clash"],"picked":"Pommel Strike","floor":1},{"not_picked":["Combust","Fire Breathing"],"picked":"Anger","floor":3},{"not_picked":["Headbutt","Blood for Blood"],"picked":"Thunderclap","floor":7},{"not_picked":["Sword Boomerang","True Grit"],"picked":"Flame Barrier","floor":11},{"not_picked":["Anger","Iron Wave","Reckless Charge"],"picked":"SKIP","floor":12},{"not_picked":["Thunderclap","Clash"],"picked":"Ghostly Armor","floor":13},{"not_picked":["Wild Strike","Flex"],"picked":"Limit Break","floor":14}],"player_experience":1063294,"relics_obtained":[{"floor":12,"key":"MealTicket"},{"floor":14,"key":"Strawberry"}],"event_choices":[{"cards_removed":["Pommel Strike"],"damage_healed":0,"gold_gain":0,"player_choice":"Gave Card","damage_taken":0,"relics_obtained":["TungstenRod"],"max_hp_gain":0,"max_hp_loss":0,"event_name":"WeMeetAgain","floor":2,"gold_loss":0},{"damage_healed":0,"gold_gain":0,"player_choice":"Upgraded","damage_taken":0,"max_hp_gain":0,"max_hp_loss":0,"event_name":"Upgrade Shrine","floor":5,"gold_loss":0,"cards_upgraded":["Bash"]}],"is_beta":false,"boss_relics":[],"items_purged_floors":[],"is_endless":false,"potions_floor_spawned":[3,7,14],"killed_by":"Slime Boss","ascension_level":6}}