{"host":"nz11ypxva4e39b7q","time":1611847748,"event":{"mods":["BaseMod","Better Third Choice","Better Vampires","Colored Map","Minty Spire (QoL Compilation)","Quick Restart","StSLib"],"gold_per_floor":[112,112,77,227,243,243,24,56,79,79,90,122,122,154,154,225,225,237,237,254,254,254],"floor_reached":21,"language":"ENG","playtime":958,"items_purged":["Doubt"],"score":590,"play_id":"c21eb1bf-c1b2-4ab2-8d34-025c84a61530","local_time":"20210128162908","is_ascension_mode":true,"campfire_choices":[{"data":"Sweeping Beam","floor":6.0,"key":"SMITH"},{"data":"Cold Snap","floor":10.0,"key":"SMITH"},{"data":"Capacitor","floor":15.0,"key":"SMITH"}],"circlet_count":0,"master_deck":["AscendersBane","Strike_B","Strike_B","Strike_B","Strike_B","Defend_B","Defend_B","Defend_B","Defend_B","Zap","Dualcast","Sweeping Beam+1","Sanctity+1","Cold Snap","Cold Snap+1","Hello World","Compile Driver","Capacitor+1","Buffer","Ball Lightning","Recycle","Seek"],"relics":["Cracked Core","NeowsBlessing","Smiling Mask","Membership Card","FossilizedHelix","Pen Nib","Thread and Needle","Strawberry","Runic Pyramid"],"acts_visited":["Exordium","TheCity"],"potions_floor_usage":[],"damage_taken":[{"damage":0.0,"enemies":"Small Slimes","floor":1.0,"turns":1.0},{"damage":0.0,"enemies":"Jaw Worm","floor":5.0,"turns":1.0},{"damage":0.0,"enemies":"Lagavulin","floor":8.0,"turns":1.0},{"damage":0.0,"enemies":"2 Louse","floor":11.0,"turns":2.0},{"damage":15.0,"enemies":"Gremlin Nob","floor":12.0,"turns":4.0},{"damage":0.0,"enemies":"3 Sentries","floor":14.0,"turns":6.0},{"damage":0.0,"enemies":"The Guardian","floor":16.0,"turns":14.0},{"damage":40.0,"enemies":"3 Byrds","floor":18.0,"turns":6.0},{"damage":9,"enemies":"Shell Parasite","floor":20,"turns":11},{"damage":0,"enemies":"Cultist and Chosen","floor":21,"turns":3}],"seed_played":"7826806008107541773","potions_obtained":[{"floor":8.0,"key":"EntropicBrew"},{"floor":12.0,"key":"FocusPotion"}],"is_trial":false,"path_per_floor":["M","?","?","?","M","R","$","E","T","R","M","E","?","E","R","B",null,"M","?","M","M"],"character_chosen":"DEFECT","items_purchased":["Membership Card"],"campfire_rested":0,"item_purchase_floors":[7],"current_hp_per_floor":[64,28,45,45,45,45,45,45,45,45,45,30,30,37,37,37,68,28,28,19,19,19],"gold":254,"neow_bonus":"THREE_ENEMY_KILL","is_daily":false,"chose_seed":false,"campfire_upgraded":3,"win_rate":0.0,"timestamp":1611847748,"path_taken":["M","?","?","?","M","R","$","E","T","R","M","E","?","E","R","BOSS","M","?","M","?"],"items_purchased_type":["Relic"],"build_version":"2020-12-22","purchased_purges":1,"victory":false,"max_hp_per_floor":[71,71,71,71,71,71,71,71,71,71,71,71,71,78,78,78,78,78,78,78,78,78],"card_choices":[{"not_picked":["Streamline","Consume"],"picked":"Sweeping Beam","floor":1.0},{"not_picked":["Streamline","Rebound"],"picked":"Cold Snap","floor":5.0},{"not_picked":["Streamline","Force Field"],"picked":"Cold Snap","floor":8.0},{"not_picked":["Redo","Aggregate"],"picked":"Hello World","floor":11.0},{"not_picked":["Hyperbeam","Stack"],"picked":"Compile Driver","floor":12.0},{"not_picked":["Fission","Beam Cell"],"picked":"Capacitor","floor":14.0},{"not_picked":["Core Surge","Multi-Cast"],"picked":"Buffer","floor":16.0},{"not_picked":["Turbo","Sweeping Beam"],"picked":"Ball Lightning","floor":18.0},{"not_picked":["Leap","Genetic Algorithm","Blizzard"],"picked":"SKIP","floor":20}],"player_experience":1008683,"relics_obtained":[{"floor":8.0,"key":"FossilizedHelix"},{"floor":9.0,"key":"Pen Nib"},{"floor":12.0,"key":"Thread and Needle"},{"floor":14.0,"key":"Strawberry"}],"event_choices":[{"damage_healed":17.0,"max_hp_gain":0.0,"max_hp_loss":0.0,"gold_gain":0.0,"event_name":"The Cleric","player_choice":"Healed","floor":3.0,"gold_loss":35.0,"damage_taken":0.0},{"damage_healed":0.0,"max_hp_gain":0.0,"max_hp_loss":0.0,"gold_gain":150.0,"event_name":"betterThird:BetterSerpent","player_choice":"AGREE","floor":4.0,"gold_loss":0.0,"damage_taken":77.0},{"damage_healed":0.0,"max_hp_gain":0.0,"max_hp_loss":0.0,"gold_gain":0.0,"event_name":"Accursed Blacksmith","player_choice":"Forge","floor":13.0,"gold_loss":0.0,"damage_taken":0.0,"cards_upgraded":["Sanctity"]},{"damage_healed":0,"gold_gain":0,"player_choice":"2 cards matched","damage_taken":0,"max_hp_gain":0,"max_hp_loss":0,"event_name":"Match and Keep!","floor":19,"gold_loss":0,"cards_obtained":["Recycle","Seek"]}],"is_beta":false,"boss_relics":[{"not_picked":["SlaversCollar","Snecko Eye"],"picked":"Runic Pyramid"}],"items_purged_floors":[7],"is_endless":false,"potions_floor_spawned":[8,12],"killed_by":"Cultist and Chosen","ascension_level":20}}