{"host":"2se5dq1do2gp0x9k","time":1611849259,"event":{"mods":["AchievementEnabler","BaseMod","Block Reminder","Colored Map","Colored Powertips","Minty Spire (QoL Compilation)","Relic Stats","StSLib","SuperFastMode"],"gold_per_floor":[113,123,48,67,31,64,64,64,64,93,93,112,123,10,10,83,83,96,146,146,157,175,200,200,200,200],"floor_reached":25,"language":"ENG","playtime":890,"items_purged":["Strike_B"],"score":462,"play_id":"f45d2aef-8908-459e-a9e2-3cadf0152a94","local_time":"20210128075419","is_ascension_mode":true,"campfire_choices":[{"data":"Sunder","floor":7,"key":"SMITH"},{"floor":8,"key":"REST"},{"floor":15,"key":"REST"},{"floor":24,"key":"REST"}],"circlet_count":0,"master_deck":["AscendersBane","Strike_B","Strike_B","Strike_B","Defend_B","Defend_B","Defend_B","Defend_B","Zap","Dualcast","Lockon","Glacier","Hologram+1","Sunder+1","Cold Snap","Electrodynamics","Aggregate","Ball Lightning","Coolheaded","Steam","Hologram","Glacier","Multi-Cast","Chill"],"relics":["Cracked Core","NeowsBlessing","WingedGreaves","Eternal Feather","Gremlin Horn","Nuclear Battery","Nilry\u0027s Codex","Thread and Needle"],"acts_visited":["Exordium","TheCity"],"potions_floor_usage":[16,23],"damage_taken":[{"damage":0,"enemies":"Cultist","floor":1,"turns":1},{"damage":0,"enemies":"2 Louse","floor":2,"turns":2},{"damage":0,"enemies":"Small Slimes","floor":4,"turns":1},{"damage":33,"enemies":"3 Sentries","floor":6,"turns":8},{"damage":40,"enemies":"Gremlin Nob","floor":10,"turns":4},{"damage":2,"enemies":"Blue Slaver","floor":12,"turns":5},{"damage":0,"enemies":"2 Fungi Beasts","floor":13,"turns":2},{"damage":5,"enemies":"The Guardian","floor":16,"turns":15},{"damage":8,"enemies":"Chosen","floor":18,"turns":4},{"damage":2,"enemies":"3 Byrds","floor":21,"turns":2},{"damage":8,"enemies":"3 Cultists","floor":22,"turns":5},{"damage":24,"enemies":"Gremlin Leader","floor":23,"turns":6},{"damage":39,"enemies":"Book of Stabbing","floor":25,"turns":6}],"seed_played":"1864183083546684149","potions_obtained":[{"floor":2,"key":"Regen Potion"},{"floor":10,"key":"Weak Potion"},{"floor":18,"key":"Strength Potion"}],"is_trial":false,"path_per_floor":["M","M","$","M","$","E","R","R","T","E","?","M","M","$","R","B",null,"M","?","?","M","M","E","R","E"],"character_chosen":"DEFECT","items_purchased":["Sunder","Coolheaded","Steam"],"campfire_rested":3,"item_purchase_floors":[5,14,14],"current_hp_per_floor":[64,64,64,64,64,31,31,52,52,12,12,10,10,10,43,53,67,59,59,38,36,28,4,37,0,0],"gold":200,"neow_bonus":"THREE_ENEMY_KILL","is_daily":false,"chose_seed":false,"campfire_upgraded":1,"win_rate":0.0,"timestamp":1611849259,"path_taken":["M","?","?","M","$","E","R","R","T","E","?","?","?","?","R","BOSS","M","?","?","M","M","E","R","E"],"items_purchased_type":["Card","Card","Card"],"build_version":"2020-12-22","purchased_purges":1,"victory":false,"max_hp_per_floor":[71,71,71,71,71,71,71,71,71,71,71,71,71,71,71,71,71,71,71,71,71,71,71,71,71,71],"relic_stats":{"Gremlin Horn":[10,10],"counters":[13,61],"Eternal Feather":24,"obtain_stats":[{"NeowsBlessing":0,"Gremlin Horn":10,"Nilry\u0027s Codex":20,"Eternal Feather":9,"Thread and Needle":23,"WingedGreaves":6,"Cracked Core":0,"Nuclear Battery":17},{"NeowsBlessing":0,"Gremlin Horn":5,"Nilry\u0027s Codex":9,"Eternal Feather":4,"Thread and Needle":12,"WingedGreaves":4,"Cracked Core":0,"Nuclear Battery":8},{"NeowsBlessing":0,"Gremlin Horn":16,"Nilry\u0027s Codex":42,"Eternal Feather":12,"Thread and Needle":55,"WingedGreaves":12,"Cracked Core":0,"Nuclear Battery":38}]},"card_choices":[{"not_picked":["Coolheaded","Steam"],"picked":"Lockon","floor":1},{"not_picked":["Hologram","Capacitor"],"picked":"Glacier","floor":2},{"not_picked":["Sweeping Beam","Force Field"],"picked":"Hologram","floor":4},{"not_picked":["Skim","BootSequence"],"picked":"Cold Snap","floor":6},{"not_picked":["Steam","Turbo"],"picked":"Electrodynamics","floor":10},{"not_picked":["BootSequence","Stack"],"picked":"Aggregate","floor":12},{"not_picked":["Streamline","Stack"],"picked":"Ball Lightning","floor":13},{"not_picked":["Go for the Eyes","Gash"],"picked":"Hologram","floor":18},{"not_picked":["Gash","Genetic Algorithm"],"picked":"Glacier","floor":21},{"not_picked":["Barrage","Go for the Eyes"],"picked":"Multi-Cast","floor":22},{"not_picked":["Leap","Turbo"],"picked":"Chill","floor":23}],"player_experience":3959513,"relics_obtained":[{"floor":6,"key":"WingedGreaves"},{"floor":9,"key":"Eternal Feather"},{"floor":10,"key":"Gremlin Horn"},{"floor":20,"key":"Nilry\u0027s Codex"},{"floor":23,"key":"Thread and Needle"}],"event_choices":[{"damage_healed":0,"gold_gain":0,"player_choice":"Upgraded","damage_taken":0,"max_hp_gain":0,"max_hp_loss":0,"event_name":"Upgrade Shrine","floor":11,"gold_loss":0,"cards_upgraded":["Hologram"]},{"damage_healed":0,"gold_gain":50,"player_choice":"Stole From Cult","damage_taken":0,"max_hp_gain":0,"max_hp_loss":0,"event_name":"Nest","floor":19,"gold_loss":0},{"damage_healed":0,"gold_gain":0,"player_choice":"Obtained Book","damage_taken":21,"max_hp_gain":0,"max_hp_loss":0,"event_name":"Cursed Tome","floor":20,"gold_loss":0}],"is_beta":false,"boss_relics":[{"not_picked":["SacredBark","Runic Dome"],"picked":"Nuclear Battery"}],"items_purged_floors":[3],"is_endless":false,"potions_floor_spawned":[2,10,18],"killed_by":"Book of Stabbing","ascension_level":20}}