{"host":"CK","time":1611803486,"event":{"mods":["2.2 Compatiblity","BaseMod","Bestiary","Block Reminder","Colored Powertips","DeckTracker","Displayed Cursed Tome","Minty Spire (QoL Compilation)","Permanent Neow","Slay-I","Unknown Chances"],"gold_per_floor":[114,124,142,159,55,84,84,95,175,175,201,227,302,322,322,395,395,413,424,435,2,2,2,35,35,60,60,60],"floor_reached":27,"language":"ENG","playtime":1757,"items_purged":["Strike_G","Strike_G"],"score":486,"play_id":"33d2a877-a2ff-40b5-b5f5-9f557ffcf0e7","local_time":"20210127191126","is_ascension_mode":true,"campfire_choices":[{"data":"Glass Knife","floor":7,"key":"SMITH"},{"data":"Strike_G","floor":10,"key":"PURGE"},{"data":"Strike_G","floor":15,"key":"PURGE"},{"floor":23,"key":"REST"}],"circlet_count":0,"master_deck":["AscendersBane","Defend_G","Defend_G","Defend_G","Defend_G","Survivor","Neutralize","Dagger Spray","Deadly Poison","Cloak And Dagger","Poisoned Stab","All Out Attack","Bane","Glass Knife+1","Deadly Poison","Bouncing Flask","Noxious Fumes","Venomology","Catalyst"],"relics":["Ring of the Snake","Peace Pipe","Pantograph","The Specimen","Odd Mushroom","Velvet Choker","Art of War","Omamori","PreservedInsect","Vajra"],"acts_visited":["Exordium","TheCity"],"potions_floor_usage":[4,6,16,16,19,19,24,24,24],"damage_taken":[{"damage":1,"enemies":"Jaw Worm","floor":1,"turns":4},{"damage":0,"enemies":"Small Slimes","floor":2,"turns":4},{"damage":0,"enemies":"2 Louse","floor":3,"turns":2},{"damage":1,"enemies":"Exordium Wildlife","floor":4,"turns":3},{"damage":16,"enemies":"Lagavulin","floor":6,"turns":6},{"damage":0,"enemies":"3 Louse","floor":8,"turns":2},{"damage":14,"enemies":"3 Sentries","floor":11,"turns":6},{"damage":6,"enemies":"The Mushroom Lair","floor":12,"turns":3},{"damage":0,"enemies":"Looter","floor":14,"turns":3},{"damage":16,"enemies":"Slime Boss","floor":16,"turns":7},{"damage":9,"enemies":"Chosen","floor":18,"turns":4},{"damage":14,"enemies":"3 Byrds","floor":19,"turns":3},{"damage":18,"enemies":"Centurion and Healer","floor":20,"turns":5},{"damage":23,"enemies":"Slavers","floor":24,"turns":4},{"damage":18,"enemies":"Snecko","floor":27,"turns":2}],"seed_played":"-8842070973284318796","potions_obtained":[{"floor":1,"key":"Strength Potion"},{"floor":2,"key":"Energy Potion"},{"floor":8,"key":"Block Potion"},{"floor":12,"key":"SkillPotion"},{"floor":19,"key":"FearPotion"}],"is_trial":false,"path_per_floor":["M","M","M","M","$","E","R","M","T","R","E","?","?","M","R","B",null,"M","M","M","$","?","R","E","?","T","M"],"character_chosen":"THE_SILENT","items_purchased":["Bane","Art of War","Omamori"],"campfire_rested":1,"item_purchase_floors":[5,21,21],"current_hp_per_floor":[58,58,58,57,57,41,41,41,41,41,27,21,10,10,10,19,50,41,27,9,9,9,27,4,16,16,0,0],"gold":60,"neow_bonus":"TRANSFORM_TWO_CARDS","is_daily":false,"chose_seed":false,"campfire_upgraded":1,"win_rate":0.0,"timestamp":1611803486,"path_taken":["M","M","M","M","$","E","R","M","T","R","E","?","?","M","R","BOSS","M","M","M","$","?","R","E","?","T","M"],"items_purchased_type":["Card","Relic","Relic"],"build_version":"2020-12-18","purchased_purges":2,"victory":false,"max_hp_per_floor":[60,60,60,60,60,60,60,60,60,60,60,60,60,60,60,60,60,60,60,60,60,60,60,60,60,60,60,60],"card_choices":[{"not_picked":["Skewer","PiercingWail"],"picked":"Cloak And Dagger","floor":1},{"not_picked":["Blade Dance","Bane"],"picked":"Poisoned Stab","floor":2},{"not_picked":["PiercingWail","Skewer"],"picked":"All Out Attack","floor":3},{"not_picked":["Tactician","Cloak And Dagger","Distraction"],"picked":"SKIP","floor":4},{"not_picked":["Masterful Stab","Deflect"],"picked":"Glass Knife","floor":6},{"not_picked":["Outmaneuver","Prepared"],"picked":"Deadly Poison","floor":8},{"not_picked":["Concentrate","Terror","PiercingWail"],"picked":"SKIP","floor":11},{"not_picked":["Deflect","Dagger Throw"],"picked":"Bouncing Flask","floor":12},{"not_picked":["Dodge and Roll","Footwork"],"picked":"Noxious Fumes","floor":14},{"not_picked":["Bullet Time","Envenom"],"picked":"Venomology","floor":16},{"not_picked":["Outmaneuver+1","Deflect","Masterful Stab"],"picked":"SKIP","floor":18},{"not_picked":["Flying Knee","Acrobatics"],"picked":"Catalyst","floor":19},{"not_picked":["Heel Hook","Bane","Dagger Spray"],"picked":"SKIP","floor":20},{"not_picked":["Flying Knee","Bane","Acrobatics"],"picked":"SKIP","floor":24}],"player_experience":1214437,"relics_obtained":[{"floor":6,"key":"Peace Pipe"},{"floor":9,"key":"Pantograph"},{"floor":11,"key":"The Specimen"},{"floor":12,"key":"Odd Mushroom"},{"floor":24,"key":"PreservedInsect"},{"floor":26,"key":"Vajra"}],"event_choices":[{"damage_healed":0,"gold_gain":0,"player_choice":"Fought Mushrooms","damage_taken":0,"max_hp_gain":0,"max_hp_loss":0,"event_name":"Mushrooms","floor":12,"gold_loss":0},{"damage_healed":0,"gold_gain":75,"player_choice":"Gather Gold","damage_taken":11,"max_hp_gain":0,"max_hp_loss":0,"event_name":"World of Goop","floor":13,"gold_loss":0},{"damage_healed":0,"gold_gain":0,"player_choice":"Smashed Altar","damage_taken":0,"max_hp_gain":0,"max_hp_loss":0,"event_name":"Forgotten Altar","floor":22,"gold_loss":0,"cards_obtained":["Decay"]},{"damage_healed":12,"gold_gain":0,"player_choice":"Heal","damage_taken":0,"max_hp_gain":0,"max_hp_loss":0,"event_name":"The Library","floor":25,"gold_loss":0}],"is_beta":true,"boss_relics":[{"not_picked":["Busted Crown","Philosopher\u0027s Stone"],"picked":"Velvet Choker"}],"items_purged_floors":[5,21],"is_endless":false,"potions_floor_spawned":[1,2,8,12,19,20],"killed_by":"Snecko","ascension_level":20}}