{"host":"minw3mmpo4s8ujtp","time":1611805870,"event":{"mods":["A Magickal Journey","BaseMod","Bestiary","ChefMod","Hermit","Jorbs\u0027s Wanderer Trilogy","Minty Spire (QoL Compilation)","Quick Restart","Railgun Mod","Relic Stats","Shade Mod","StSLib","The Mystic","The Necromancer","The Runesmith","TheHero","Treasure Hunter"],"gold_per_floor":[111,129,129,98,109,135,135,170,221,235,158,188,214,22,22,118,118,135,146,165,175,175,206,206,216,216,216,396,396,348,368,368,369,369],"floor_reached":33,"language":"ENG","playtime":3009,"items_purged":[],"score":351,"play_id":"aa97d0bf-5887-414f-a029-f33d8624209c","local_time":"20210127225110","is_ascension_mode":true,"campfire_choices":[{"floor":7.0,"key":"REST"},{"floor":15.0,"key":"REST"},{"floor":24.0,"key":"REST"},{"floor":27.0,"key":"REST"},{"floor":29.0,"key":"REST"},{"floor":32,"key":"REST"}],"circlet_count":0,"master_deck":["Strike_W","Strike_W","Strike_W","Strike_W","Defend_W","Defend_W","Defend_W","Defend_W","Negative_Energy_Arrows","Bone_Wall","Reap_The_Weak","Bone_Shift","Negative_Energy_Sphere","Vampiric_Strike","TH:DeckOfManyThings","Vampiric_Strike","TH:Mimic","Finger_Of_Death","TH:CopperCoins","Vampiric_Strike","Summon_Undead_Army","TH:CopperCoins","Grasp_Heart","Grasp_Heart","Vampiric_Strike","TH:DeckOfManyThings","Summon_Death_Knight","Negative_Energy_Javelin","Bone_Bullets+1","Negative_Energy_Mist+1","Negative_Energy_Bomb","TH:DeckOfManyThings","Finger_Of_Death+1","Death_March_Dance","Vampiric_Strike"],"relics":["Vampire_Amulet","Runesmith:Nanobots","Centennial Puzzle","MealTicket","Mummified Hand","DollysMirror","SacredBark","Omamori","Blue Candle"],"acts_visited":["Exordium","TheCity"],"potions_floor_usage":[31,33,33],"damage_taken":[{"damage":6.0,"enemies":"2 Louse","floor":1.0,"turns":2.0},{"damage":8.0,"enemies":"Small Slimes","floor":2.0,"turns":4.0},{"damage":12.0,"enemies":"Jaw Worm","floor":5.0,"turns":5.0},{"damage":62.0,"enemies":"Lagavulin","floor":6.0,"turns":11.0},{"damage":30.0,"enemies":"3 Sentries","floor":8.0,"turns":7.0},{"damage":7.0,"enemies":"Large Slime","floor":10.0,"turns":4.0},{"damage":39.0,"enemies":"Gremlin Nob","floor":13.0,"turns":5.0},{"damage":87.0,"enemies":"Slime Boss","floor":16.0,"turns":14.0},{"damage":24.0,"enemies":"3 Byrds","floor":18.0,"turns":5.0},{"damage":19.0,"enemies":"Spheric Guardian","floor":19.0,"turns":5.0},{"damage":18.0,"enemies":"Snake Plant","floor":20.0,"turns":4.0},{"damage":19.0,"enemies":"Cultist and Chosen","floor":21.0,"turns":4.0},{"damage":0.0,"enemies":"Centurion and Healer","floor":22.0,"turns":1.0},{"damage":22.0,"enemies":"Gremlin Leader","floor":23.0,"turns":5.0},{"damage":27.0,"enemies":"Snake Plant","floor":25.0,"turns":4.0},{"damage":10,"enemies":"Cultist and Chosen","floor":31,"turns":4},{"damage":144,"enemies":"Champ","floor":33,"turns":13}],"seed_played":"-6998009360158829861","potions_obtained":[{"floor":2.0,"key":"Regen Potion"},{"floor":6.0,"key":"Regen Potion"},{"floor":8.0,"key":"Strength Potion"},{"floor":16.0,"key":"AttackPotion"},{"floor":18.0,"key":"EntropicBrew"},{"floor":20.0,"key":"PowerPotion"},{"floor":23.0,"key":"Strength Potion"}],"is_trial":false,"path_per_floor":["M","M","?","?","M","E","R","E","T","M","$","?","E","$","R","B",null,"M","M","M","M","M","E","R","M","T","R","?","R","$","M","R","B"],"character_chosen":"NECROMANCER","items_purchased":["Summon_Undead_Army","DollysMirror","Vampiric_Strike","Death_March_Dance"],"campfire_rested":6,"item_purchase_floors":[11,14,14,30],"current_hp_per_floor":[73,69,74,74,64,23,47,27,27,32,47,47,29,44,68,6,80,63,47,34,25,25,11,35,13,13,37,5,29,44,41,65,0,0],"gold":369,"neow_bonus":"ONE_RANDOM_RARE_CARD","is_daily":false,"chose_seed":false,"campfire_upgraded":0,"win_rate":0.0,"timestamp":1611805870,"path_taken":["M","M","?","?","M","E","R","E","T","M","$","?","E","?","R","BOSS","M","M","M","M","M","E","R","M","T","R","?","R","$","?","R","BOSS"],"items_purchased_type":["Card","Relic","Card","Card"],"build_version":"2020-12-22","purchased_purges":0,"victory":false,"max_hp_per_floor":[75,75,80,80,80,80,80,80,80,80,80,80,80,80,80,80,80,80,80,80,80,80,80,80,80,80,80,80,80,80,80,80,80,80],"relic_stats":{"Centennial Puzzle":[33],"counters":[17,97],"Mummified Hand":[8],"Blue Candle":[0],"MealTicket":45,"obtain_stats":[{"Runesmith:Nanobots":6,"Centennial Puzzle":8,"Mummified Hand":13,"DollysMirror":14,"SacredBark":17,"Blue Candle":26,"MealTicket":9,"Vampire_Amulet":0,"Omamori":23},{"Runesmith:Nanobots":4,"Centennial Puzzle":5,"Mummified Hand":7,"DollysMirror":7,"SacredBark":8,"Blue Candle":15,"MealTicket":5,"Vampire_Amulet":0,"Omamori":14},{"Runesmith:Nanobots":22,"Centennial Puzzle":29,"Mummified Hand":38,"DollysMirror":38,"SacredBark":52,"Blue Candle":80,"MealTicket":29,"Vampire_Amulet":0,"Omamori":76}]},"card_choices":[{"not_picked":["Blood_Whip","Finger_Of_Death"],"picked":"Bone_Shift","floor":1.0},{"not_picked":["Toxic_Smoke_Screen","Spectral_Armor"],"picked":"Negative_Energy_Sphere","floor":2.0},{"not_picked":["Blood_Curse","Cloudkill"],"picked":"Vampiric_Strike","floor":5.0},{"not_picked":["TH:EnergyPotion"],"picked":"TH:DeckOfManyThings","floor":6.0},{"not_picked":["Life_Tap","Bone_Shift"],"picked":"Vampiric_Strike","floor":6.0},{"not_picked":["TH:TreasureMap"],"picked":"TH:Mimic","floor":8.0},{"not_picked":["Blood_Whip","Bone_Shift"],"picked":"Finger_Of_Death","floor":8.0},{"not_picked":["TH:PixieDust"],"picked":"TH:CopperCoins","floor":9.0},{"not_picked":["Negative_Energy_Shield","Bone_Bullets"],"picked":"Vampiric_Strike","floor":10.0},{"not_picked":["TH:PixieDust"],"picked":"TH:CopperCoins","floor":13.0},{"not_picked":["Epidemic","Bone_Shift"],"picked":"Grasp_Heart","floor":13.0},{"not_picked":["TH:BikiniMail"],"picked":"TH:DeckOfManyThings","floor":16.0},{"not_picked":["Hellfire","Requiem"],"picked":"Summon_Death_Knight","floor":16.0},{"not_picked":["Negative_Energy_Mist","Consume_Illness+1"],"picked":"Negative_Energy_Javelin","floor":18.0},{"not_picked":["Bones_to_Steel","Flesh_Made_Foul"],"picked":"Bone_Bullets+1","floor":19.0},{"not_picked":["Negative_Energy_Shield","Spectral_Armor+1"],"picked":"Negative_Energy_Mist+1","floor":20.0},{"not_picked":["Spectral_Armor","Bones_to_Steel"],"picked":"Negative_Energy_Bomb","floor":21.0},{"not_picked":["TH:ArmorSpikes"],"picked":"TH:DeckOfManyThings","floor":23.0},{"not_picked":["Bone_Armory","Blood_Curse+1"],"picked":"Finger_Of_Death+1","floor":23.0},{"not_picked":["Death_Coil","Shackles_Of_Pain","Violent_Necrosis"],"picked":"SKIP","floor":25.0},{"not_picked":["TH:ElvenBoots","TH:ArmorSpikes"],"picked":"SKIP","floor":26.0},{"not_picked":["Bones_to_Steel","Death_Knell"],"picked":"Vampiric_Strike","floor":31}],"player_experience":233902,"relics_obtained":[{"floor":6.0,"key":"Runesmith:Nanobots"},{"floor":8.0,"key":"Centennial Puzzle"},{"floor":9.0,"key":"MealTicket"},{"floor":13.0,"key":"Mummified Hand"},{"floor":23.0,"key":"Omamori"},{"floor":26.0,"key":"Blue Candle"}],"event_choices":[{"damage_healed":0.0,"max_hp_gain":5.0,"max_hp_loss":0.0,"gold_gain":0.0,"event_name":"Big Fish","player_choice":"Donut","floor":3.0,"gold_loss":0.0,"damage_taken":0.0},{"damage_healed":0.0,"max_hp_gain":0.0,"max_hp_loss":0.0,"gold_gain":0.0,"event_name":"World of Goop","player_choice":"Left Gold","floor":4.0,"gold_loss":31.0,"damage_taken":0.0},{"damage_healed":0.0,"max_hp_gain":0.0,"max_hp_loss":0.0,"gold_gain":30.0,"event_name":"Dead Adventurer","player_choice":"Searched \u00271\u0027 times","floor":12.0,"gold_loss":0.0,"damage_taken":0.0},{"damage_healed":0.0,"max_hp_gain":0.0,"max_hp_loss":0.0,"gold_gain":180.0,"event_name":"Knowing Skull","player_choice":"POTION GOLD GOLD POTION ","floor":28.0,"potions_obtained":["Regen Potion","DistilledChaos"],"gold_loss":0.0,"damage_taken":32.0,"cards_obtained":[]}],"is_beta":false,"boss_relics":[{"not_picked":["Fusion Hammer","Sozu"],"picked":"SacredBark"}],"items_purged_floors":[],"is_endless":false,"potions_floor_spawned":[2,6,8,16,18,20,23],"killed_by":"Champ","ascension_level":1}}