{"host":"aukiz5jlacd3g5yc","time":1611803244,"event":{"mods":["2.2 Compatiblity","BaseMod","Bestiary","Colored Map","Colored Powertips","Downfall","GifTheSpireLib","Minty Spire (QoL Compilation)","Permanent Neow","Quick Restart","Random Character Button","Rare Cards Sparkle","Relic Sorter","Relic Stats","Replay The Spire","StSLib","everything is the same but u backflip on backflip","slay the spire mod where everything is the same but ironclad has a cowboy hat"],"gold_per_floor":[115,40,40,40,60,60,60,60],"floor_reached":7,"language":"ENG","playtime":205,"items_purged":["Strike_R"],"score":41,"play_id":"d37bc077-234b-4fbd-b2f7-9df3e045c0d8","local_time":"20210127210724","is_ascension_mode":true,"campfire_choices":[{"data":"Eruption","floor":6,"key":"SMITH"}],"circlet_count":0,"master_deck":["Strike_R","Strike_R","Strike_R","Defend_R","Defend_R","Defend_R","Dropkick","Eruption+1","Pummel"],"relics":["Replay:M_SmolderingBlood","The Courier"],"acts_visited":["Exordium"],"potions_floor_usage":[],"damage_taken":[{"damage":12,"enemies":"2 Louse","floor":1,"turns":2},{"damage":21,"enemies":"Jaw Worm","floor":5,"turns":4},{"damage":62,"enemies":"Lagavulin","floor":7,"turns":5}],"seed_played":"1443047611914297867","potions_obtained":[{"floor":1,"key":"GamblersBrew"}],"is_trial":false,"path_per_floor":["M","$","?","?","M","R","E"],"character_chosen":"IRONCLAD","items_purchased":[],"campfire_rested":0,"item_purchase_floors":[],"current_hp_per_floor":[66,66,66,63,42,42,0,0],"gold":60,"neow_bonus":"REMOVE_TWO","is_daily":false,"chose_seed":false,"campfire_upgraded":1,"win_rate":0.0,"timestamp":1611803244,"path_taken":["M","$","?","?","M","R","E"],"items_purchased_type":[],"build_version":"2020-12-22","purchased_purges":1,"victory":false,"max_hp_per_floor":[72,72,72,72,72,72,72,72],"relic_stats":{"counters":[3,11],"obtain_stats":[{"Replay:M_SmolderingBlood":3,"The Courier":4,"Burning Blood":0},{"Replay:M_SmolderingBlood":1,"The Courier":1,"Burning Blood":0},{"Replay:M_SmolderingBlood":2,"The Courier":2,"Burning Blood":0}]},"card_choices":[{"not_picked":["Defy Death","Pommel Strike"],"picked":"Dropkick","floor":1},{"not_picked":["Second Wind","Pommel Strike"],"picked":"Pummel","floor":5}],"player_experience":363591,"relics_obtained":[],"event_choices":[{"damage_healed":0,"gold_gain":0,"player_choice":"Success","damage_taken":3,"relics_obtained":["The Courier"],"max_hp_gain":0,"max_hp_loss":0,"event_name":"Scrap Ooze","floor":4,"gold_loss":0}],"is_beta":false,"boss_relics":[],"items_purged_floors":[2],"is_endless":false,"potions_floor_spawned":[1],"killed_by":"Lagavulin","ascension_level":1}}