{"host":"hpvsbp715q3lql9o","time":1611830534,"event":{"mods":["BaseMod","Downfall","Friendly Minions","Marisa£®ÏF”Í°°ƒß¿Ì…≥£©","Minty Spire (QoL Compilation)","Remilia£®¿Ÿ√◊¿Ú—«£©","Replay The Spire","StSLib","The Administrix","The Construct","The Cursed","The Servant 0.9.4"],"gold_per_floor":[99,118,136,136,151,161,184,184,53,53,67,79,89,124,137,137,137,137],"floor_reached":16,"language":"ZHS","playtime":1952,"items_purged":[],"score":106,"play_id":"e4ff8a86-a603-4c67-8d88-d1e7707cb395","local_time":"20210128184214","is_ascension_mode":false,"campfire_choices":[{"data":"Guardian:CurlUp","floor":1,"key":"SMITH"},{"data":"Guardian:TimeSifter","floor":8,"key":"SMITH"},{"data":"Guardian:Planning","floor":10,"key":"SMITH"}],"circlet_count":0,"master_deck":["Guardian:Strike_Guardian","Guardian:Strike_Guardian","Guardian:Strike_Guardian","Guardian:Strike_Guardian","Guardian:Defend_Guardian","Guardian:Defend_Guardian","Guardian:Defend_Guardian","Guardian:Defend_Guardian","Guardian:CurlUp+1","Guardian:TwinSlam","Guardian:PrimingBeam","Guardian:TimeSifter+1","Guardian:Planning+1","Guardian:BronzeOrb","Guardian:ShieldSpikes","Guardian:ShieldCharger","Guardian:Clone","Guardian:Planning","Guardian:Incinerate"],"relics":["Guardian:ModeShifter","Happy Flower","Nunchaku","Replay:Bottled Steam"],"acts_visited":["Exordium"],"potions_floor_usage":[14],"damage_taken":[{"damage":0,"enemies":"2 Louse","floor":2,"turns":4},{"damage":0,"enemies":"Small Slimes","floor":3,"turns":3},{"damage":0,"enemies":"Cultist","floor":5,"turns":4},{"damage":5,"enemies":"Exordium Thugs","floor":6,"turns":6},{"damage":0,"enemies":"downfall:FleeingMerchant","floor":9,"turns":4},{"damage":3,"enemies":"Lots of Slimes","floor":11,"turns":5},{"damage":2,"enemies":"Blue Slaver","floor":12,"turns":3},{"damage":1,"enemies":"Large Slime","floor":13,"turns":5},{"damage":13,"enemies":"3 Sentries","floor":14,"turns":13},{"damage":6,"enemies":"Exordium Wildlife","floor":15,"turns":5},{"damage":60,"enemies":"DF_ARCHETYPE_STREAMLINE","floor":16,"turns":14}],"seed_played":"-7382115832775824161","potions_obtained":[{"floor":3,"key":"DuplicationPotion"},{"floor":12,"key":"Ancient Potion"},{"floor":15,"key":"Elixir"}],"is_trial":false,"path_per_floor":["R","M","M","?","M","M","T","R","$","R","M","M","M","E","M","B"],"character_chosen":"GUARDIAN","items_purchased":["Guardian:BronzeOrb","Guardian:Gem_White"],"campfire_rested":0,"item_purchase_floors":[9,9],"current_hp_per_floor":[88,88,88,76,76,71,71,71,71,71,68,66,65,52,46,0,0,0],"gold":137,"neow_bonus":"TEN_PERCENT_HP_BONUS","is_daily":false,"chose_seed":false,"campfire_upgraded":3,"win_rate":0.0,"timestamp":1611830534,"path_taken":["R","M","M","?","M","M","T","R","$","R","M","M","M","E","M","BOSS"],"items_purchased_type":["Card","Card"],"build_version":"2020-12-22","purchased_purges":0,"victory":false,"max_hp_per_floor":[88,88,88,88,88,88,88,88,88,88,88,88,88,88,88,88,88,88],"card_choices":[{"not_picked":["Guardian:ShieldCharger","Guardian:CrystalBeam"],"picked":"Guardian:PrimingBeam","floor":2},{"not_picked":["Guardian:Suspension","Guardian:Recover"],"picked":"Guardian:Gem_Green","floor":3},{"not_picked":["Guardian:ShieldSpikes","Guardian:Reroute"],"picked":"Guardian:Gem_Red","floor":5},{"not_picked":["Guardian:Planning","Guardian:Incinerate"],"picked":"Guardian:TimeSifter","floor":6},{"not_picked":["Guardian:WalkerClaw","Guardian:BronzeArmor"],"picked":"Guardian:Planning","floor":9},{"not_picked":["Guardian:PrismaticBeam","Guardian:Gem_Lightblue"],"picked":"Guardian:ShieldSpikes","floor":11},{"not_picked":["Guardian:Gem_Lightblue","Guardian:Gem_Purple"],"picked":"Guardian:ShieldCharger","floor":12},{"not_picked":["Guardian:PrismaticBeam","Guardian:GuardianWhirl"],"picked":"Guardian:Clone","floor":13},{"not_picked":["Guardian:Clone","Guardian:Gem_Green"],"picked":"Guardian:Planning","floor":14},{"not_picked":["Guardian:PrismaticBeam","Guardian:Gem_Lightblue"],"picked":"Guardian:Incinerate","floor":15}],"player_experience":234743,"relics_obtained":[{"floor":7,"key":"Nunchaku"},{"floor":14,"key":"Replay:Bottled Steam"}],"event_choices":[{"damage_healed":0,"gold_gain":0,"player_choice":"Success","damage_taken":12,"relics_obtained":["Happy Flower"],"max_hp_gain":0,"max_hp_loss":0,"event_name":"Scrap Ooze","floor":4,"gold_loss":0}],"is_beta":false,"boss_relics":[],"items_purged_floors":[],"is_endless":false,"potions_floor_spawned":[3,12,15],"killed_by":"DF_ARCHETYPE_STREAMLINE","ascension_level":0}}