{"host":"6xsbn6ynqlzwllfm","time":1611852106,"event":{"mods":["2.2 Compatiblity","BaseMod","Bestiary","Colored Map","Colored Powertips","Curses Come First","Highlight Path","Keyboard Shortcuts","Minty Spire (QoL Compilation)","Relic Stats","Slay the Relics Exporter","StSLib","SuperFastMode"],"gold_per_floor":[114,125,125,135,150,150,181,181,255,269,269,269],"floor_reached":11,"language":"ENG","playtime":1357,"items_purged":[],"score":105,"play_id":"e5eb1827-f5b0-4c23-8b9f-f3f59f5f50db","local_time":"20210128114146","is_ascension_mode":true,"campfire_choices":[{"data":"FlyingSleeves","floor":6,"key":"SMITH"},{"data":"LessonLearned","floor":8,"key":"SMITH"}],"circlet_count":0,"master_deck":["Strike_P","Strike_P","Strike_P","Strike_P","Defend_P","Defend_P","Defend_P","Defend_P","Eruption+1","Vigilance","CutThroughFate","FlyingSleeves+1","ThirdEye","Wireheading","LessonLearned+1","Prostrate"],"relics":["PureWater","Omamori","Du-Vu Doll","Bag of Preparation","Meat on the Bone"],"acts_visited":["Exordium"],"potions_floor_usage":[7],"damage_taken":[{"damage":0,"enemies":"Jaw Worm","floor":1,"turns":6},{"damage":7,"enemies":"2 Louse","floor":2,"turns":2},{"damage":0,"enemies":"Cultist","floor":4,"turns":3},{"damage":0,"enemies":"Large Slime","floor":5,"turns":5},{"damage":8,"enemies":"3 Sentries","floor":7,"turns":6},{"damage":5,"enemies":"Blue Slaver","floor":10,"turns":5},{"damage":64,"enemies":"Gremlin Nob","floor":11,"turns":4}],"seed_played":"-5854555913457287592","potions_obtained":[{"floor":1,"key":"BottledMiracle"},{"floor":7,"key":"LiquidBronze"}],"is_trial":false,"path_per_floor":["M","M","?","M","M","R","E","R","T","M","E"],"character_chosen":"WATCHER","items_purchased":[],"campfire_rested":0,"item_purchase_floors":[],"current_hp_per_floor":[65,58,58,58,58,58,50,50,50,45,0,0],"gold":269,"neow_bonus":"RANDOM_COMMON_RELIC","is_daily":false,"chose_seed":false,"campfire_upgraded":2,"win_rate":0.0,"timestamp":1611852106,"path_taken":["M","M","?","M","M","R","E","R","T","M","E"],"items_purchased_type":[],"build_version":"2020-12-22","purchased_purges":0,"victory":false,"max_hp_per_floor":[72,72,72,72,72,72,72,72,72,72,72,72],"relic_stats":{"counters":[7,31],"Bag of Preparation":[4],"obtain_stats":[{"Du-Vu Doll":3,"Omamori":0,"Bag of Preparation":7,"PureWater":0,"Meat on the Bone":9},{"Du-Vu Doll":2,"Omamori":0,"Bag of Preparation":5,"PureWater":0,"Meat on the Bone":5},{"Du-Vu Doll":8,"Omamori":0,"Bag of Preparation":22,"PureWater":0,"Meat on the Bone":22}],"Meat on the Bone":0},"card_choices":[{"not_picked":["Swivel","Nirvana"],"picked":"CutThroughFate","floor":1},{"not_picked":["Evaluate","EmptyBody"],"picked":"FlyingSleeves","floor":2},{"not_picked":["FlyingSleeves","BowlingBash"],"picked":"ThirdEye","floor":4},{"not_picked":["SignatureMove","Crescendo"],"picked":"Wireheading","floor":5},{"not_picked":["CutThroughFate","Establishment"],"picked":"LessonLearned","floor":7},{"not_picked":["Pray","ClearTheMind"],"picked":"Prostrate","floor":10}],"player_experience":1179294,"relics_obtained":[{"floor":7,"key":"Bag of Preparation"},{"floor":9,"key":"Meat on the Bone"}],"event_choices":[{"damage_healed":0,"gold_gain":0,"player_choice":"Box","damage_taken":0,"relics_obtained":["Du-Vu Doll"],"max_hp_gain":0,"max_hp_loss":0,"event_name":"Big Fish","floor":3,"gold_loss":0,"cards_obtained":["Regret"]}],"is_beta":false,"boss_relics":[],"items_purged_floors":[],"is_endless":false,"potions_floor_spawned":[1,7],"killed_by":"Gremlin Nob","ascension_level":8}}