{"host":"5kirneupyg4uzd3w","time":1611857765,"event":{"mods":["BaseMod","Colored Map","Custom Start","Minty Spire (QoL Compilation)","StSLib","SuperFastMode"],"gold_per_floor":[113,60,80,99,112,112,146,146,146,146,146],"floor_reached":10,"language":"KOR","playtime":4064,"items_purged":[],"score":136,"play_id":"e1e296ad-79dc-41aa-8409-9b9430463e22","local_time":"20210129031605","is_ascension_mode":true,"campfire_choices":[{"data":"Wild Strike","floor":6.0,"key":"SMITH"},{"data":"Shrug It Off","floor":8.0,"key":"SMITH"}],"circlet_count":0,"master_deck":["AscendersBane","Strike_R","Strike_R","Strike_R","Strike_R","Strike_R","Defend_R","Defend_R","Defend_R","Defend_R","Bash","Barricade","Reckless Charge","Shrug It Off","Wild Strike+1","Shrug It Off+1","Clothesline"],"relics":["Burning Blood","Oddly Smooth Stone","Lantern"],"acts_visited":["Exordium"],"potions_floor_usage":[10,10],"damage_taken":[{"damage":2.0,"enemies":"Cultist","floor":1.0,"turns":4.0},{"damage":2.0,"enemies":"Small Slimes","floor":3.0,"turns":3.0},{"damage":12.0,"enemies":"Jaw Worm","floor":4.0,"turns":4.0},{"damage":32.0,"enemies":"Lots of Slimes","floor":5.0,"turns":7.0},{"damage":19.0,"enemies":"3 Sentries","floor":7.0,"turns":13.0},{"damage":39,"enemies":"Gremlin Nob","floor":10,"turns":4}],"seed_played":"-2606890133064702037","potions_obtained":[{"floor":1.0,"key":"Swift Potion"},{"floor":5.0,"key":"Dexterity Potion"},{"floor":7.0,"key":"PowerPotion"}],"is_trial":false,"path_per_floor":["M","$","M","M","M","R","E","R","T","E"],"character_chosen":"IRONCLAD","items_purchased":["Shrug It Off"],"campfire_rested":0,"item_purchase_floors":[2],"current_hp_per_floor":[72,72,75,69,43,43,30,30,30,0,0],"gold":146,"neow_bonus":"ONE_RANDOM_RARE_CARD","is_daily":false,"chose_seed":false,"campfire_upgraded":2,"win_rate":0.0,"timestamp":1611857765,"path_taken":["M","?","M","M","M","R","E","R","T","E"],"items_purchased_type":["Card"],"build_version":"2020-12-22","purchased_purges":0,"victory":false,"max_hp_per_floor":[75,75,75,75,75,75,75,75,75,75,75],"card_choices":[{"not_picked":["Clash","Sword Boomerang"],"picked":"Reckless Charge","floor":1.0},{"not_picked":["Pommel Strike","Cleave"],"picked":"Wild Strike","floor":3.0},{"not_picked":["Hemokinesis","Warcry"],"picked":"Shrug It Off","floor":4.0},{"not_picked":["Searing Blow","Pommel Strike","Twin Strike"],"picked":"SKIP","floor":5.0},{"not_picked":["Inflame","Intimidate"],"picked":"Clothesline","floor":7.0}],"player_experience":271620,"relics_obtained":[{"floor":7.0,"key":"Oddly Smooth Stone"},{"floor":9.0,"key":"Lantern"}],"event_choices":[],"is_beta":false,"boss_relics":[],"items_purged_floors":[],"is_endless":false,"potions_floor_spawned":[1,5,7],"killed_by":"Gremlin Nob","ascension_level":20}}