{"host":"a3oe3gstxz77c7qu","time":1611859087,"event":{"mods":["2.2 Compatiblity","Act Like it!","Astrologer","BaseMod","Bestiary","Better Altar","Better Match","Better Note","Better Skull","Better Third Choice","Block Reminder","Curses Come First","Custom Start","Dark Map","Downfall","Fox Events","Friendly Minions","GifTheSpireLib","Hallownest","Hermit","Jorbs\u0027s Wanderer Trilogy","Lobotomy","LobotomyExtend","Marisa????????","Minty Spire (QoL Compilation)","Permanent Neow","Quick Restart","Relic Stats","Spire Arcade","StSLib","The Bug Knight","The Cursed","The Disciple","The Jungle","Uncapped","Unknown Chances","Wandering Minibosses"],"gold_per_floor":[99,117,117,134,165,165,268,285,305,305,305,305],"floor_reached":10,"language":"ENG","playtime":558,"items_purged":[],"score":70,"play_id":"aa9d8471-e031-415f-9afd-6dff5a4b11e1","local_time":"20210128183807","is_ascension_mode":true,"campfire_choices":[{"floor":1,"key":"RECALL"}],"circlet_count":0,"master_deck":["sneckomod:Strike","sneckomod:Strike","sneckomod:Defend","sneckomod:Defend","sneckomod:Defend","sneckomod:TailWhip","sneckomod:SnekBite","sneckomod:Unknown","sneckomod:Unknown","sneckomod:UnknownUncommonAttack","sneckomod:UnknownCommonAttack","sneckomod:UnknownX"],"relics":["sneckomod:SneckoSoul","Mango","downfall:ShatteredFragment","foxEvents:LuckyCharm","MealTicket"],"acts_visited":["Exordium"],"potions_floor_usage":[10],"damage_taken":[{"damage":2,"enemies":"2 Louse","floor":2,"turns":2},{"damage":0,"enemies":"Cultist","floor":4,"turns":2},{"damage":23,"enemies":"Colosseum Slavers","floor":5,"turns":3},{"damage":2,"enemies":"Jaw Worm","floor":8,"turns":2},{"damage":9,"enemies":"2 Fungi Beasts","floor":9,"turns":3},{"damage":23,"enemies":"3 Sentries","floor":10,"turns":4}],"seed_played":"-8766750919615474582","potions_obtained":[{"floor":4,"key":"Strength Potion"},{"floor":8,"key":"GamblersBrew"},{"floor":9,"key":"EssenceOfSteel"}],"is_trial":false,"path_per_floor":["R","M","?","M","?","?","T","M","M","E"],"character_chosen":"THE_SNECKO","items_purchased":[],"campfire_rested":0,"item_purchase_floors":[],"current_hp_per_floor":[77,75,54,54,31,31,31,29,20,0,0,0],"gold":305,"neow_bonus":"ONE_RARE_RELIC","is_daily":false,"chose_seed":false,"campfire_upgraded":0,"win_rate":0.0,"timestamp":1611859087,"path_taken":["R","M","?","M","?","?","T","?","M","E"],"items_purchased_type":[],"build_version":"2020-12-22","purchased_purges":0,"victory":false,"max_hp_per_floor":[104,104,104,104,104,104,104,104,104,104,104,104],"relic_stats":{"counters":[6,15],"MealTicket":0,"obtain_stats":[{"downfall:ShatteredFragment":3,"Mango":0,"MealTicket":7,"foxEvents:LuckyCharm":5,"sneckomod:SneckoSoul":0},{"downfall:ShatteredFragment":1,"Mango":0,"MealTicket":3,"foxEvents:LuckyCharm":3,"sneckomod:SneckoSoul":0},{"downfall:ShatteredFragment":2,"Mango":0,"MealTicket":7,"foxEvents:LuckyCharm":7,"sneckomod:SneckoSoul":0}]},"card_choices":[{"not_picked":["sneckomod:QuickBite","sneckomod:Nope","sneckomod:DiceBlock"],"picked":"SKIP","floor":2},{"not_picked":["sneckomod:TrashToTreasure","sneckomod:UnknownBlock"],"picked":"sneckomod:UnknownUncommonAttack","floor":4},{"not_picked":["sneckomod:DangerNoodle","sneckomod:QuickMove"],"picked":"sneckomod:UnknownCommonAttack","floor":8},{"not_picked":["sneckomod:UnknownUncommonAttack","sneckomod:RainOfDice"],"picked":"sneckomod:UnknownX","floor":9}],"player_experience":1106113,"relics_obtained":[{"floor":5,"key":"foxEvents:LuckyCharm"},{"floor":7,"key":"MealTicket"}],"event_choices":[],"is_beta":false,"boss_relics":[],"items_purged_floors":[],"is_endless":false,"potions_floor_spawned":[4,8,9],"killed_by":"3 Sentries","ascension_level":4}}