{"host":"2smcgt1ki1qcud40","time":1611829017,"event":{"mods":["BaseMod","Minty Spire (QoL Compilation)"],"gold_per_floor":[117,136,136,149,164,193,158,158,183,215,228,260,271,283,283,362,362,376,376,11,30,40,40,74,74,74,74,84,97,113,147,147,219,219,234,234,251,261,277,312,327,356,430,472,472,495,495,122,122,122,122,122,48,90,90],"floor_reached":56,"language":"ENG","playtime":3414,"items_purged":["Strike_R"],"score":2443,"play_id":"2b1e61a5-ef45-45e1-91e7-09282ea843d1","local_time":"20210128111657","is_ascension_mode":true,"campfire_choices":[{"floor":8.0,"key":"REST"},{"data":"Armaments","floor":15.0,"key":"SMITH"},{"floor":23.0,"key":"REST"},{"data":"Corruption","floor":25.0,"key":"SMITH"},{"floor":32.0,"key":"REST"},{"data":"Dark Embrace","floor":45.0,"key":"SMITH"},{"floor":47.0,"key":"RECALL"},{"floor":49.0,"key":"REST"},{"data":"Feel No Pain","floor":52.0,"key":"SMITH"}],"circlet_count":0,"master_deck":["AscendersBane","Strike_R","Strike_R+1","Defend_R","Defend_R","Defend_R","Defend_R","Bash","Corruption+1","Twin Strike","Pommel Strike+1","True Grit","Anger","Armaments+1","Seeing Red","Impervious","True Grit","Demon Form","CurseOfTheBell","Cleave","Rage","Power Through","Body Slam","Spot Weakness","Infernal Blade","Double Tap","Offering","Fiend Fire+1","Body Slam+1","Flame Barrier","Infernal Blade","Feel No Pain+1","Clumsy","Dark Embrace+1","Shrug It Off+1","Dark Shackles","Dark Embrace","Second Wind","Armaments+1"],"relics":["Burning Blood","Red Skull","Strawberry","Whetstone","Boot","Calling Bell","PreservedInsect","Matryoshka","Magic Flower","Dead Branch","Incense Burner","Bronze Scales","Molten Egg 2","Smiling Mask","Cursed Key","Ancient Tea Set","Sundial","Charon\u0027s Ashes","Lantern","CeramicFish","OrangePellets","Kunai"],"acts_visited":["Exordium","TheCity","TheBeyond","TheEnding"],"potions_floor_usage":[54,55],"damage_taken":[{"damage":10.0,"enemies":"Small Slimes","floor":1.0,"turns":4.0},{"damage":7.0,"enemies":"Jaw Worm","floor":2.0,"turns":3.0},{"damage":0.0,"enemies":"Cultist","floor":4.0,"turns":3.0},{"damage":20.0,"enemies":"3 Louse","floor":5.0,"turns":4.0},{"damage":45.0,"enemies":"3 Sentries","floor":6.0,"turns":11.0},{"damage":22.0,"enemies":"Lagavulin","floor":10.0,"turns":8.0},{"damage":22.0,"enemies":"Exordium Thugs","floor":11.0,"turns":4.0},{"damage":8.0,"enemies":"Gremlin Nob","floor":12.0,"turns":3.0},{"damage":4.0,"enemies":"Exordium Wildlife","floor":13.0,"turns":4.0},{"damage":0.0,"enemies":"Looter","floor":14.0,"turns":3.0},{"damage":40.0,"enemies":"Hexaghost","floor":16.0,"turns":9.0},{"damage":57.0,"enemies":"Shell Parasite","floor":18.0,"turns":6.0},{"damage":6.0,"enemies":"Spheric Guardian","floor":21.0,"turns":2.0},{"damage":53.0,"enemies":"Cultist and Chosen","floor":22.0,"turns":6.0},{"damage":5.0,"enemies":"Gremlin Leader","floor":24.0,"turns":6.0},{"damage":9.0,"enemies":"Sentry and Sphere","floor":28.0,"turns":4.0},{"damage":0.0,"enemies":"Centurion and Healer","floor":29.0,"turns":4.0},{"damage":43.0,"enemies":"Cultist and Chosen","floor":30.0,"turns":6.0},{"damage":0.0,"enemies":"Book of Stabbing","floor":31.0,"turns":1.0},{"damage":14.0,"enemies":"Automaton","floor":33.0,"turns":4.0},{"damage":8.0,"enemies":"3 Shapes","floor":35.0,"turns":3.0},{"damage":3.0,"enemies":"3 Darklings","floor":37.0,"turns":3.0},{"damage":18.0,"enemies":"Transient","floor":38.0,"turns":4.0},{"damage":2.0,"enemies":"Jaw Worm Horde","floor":39.0,"turns":2.0},{"damage":28.0,"enemies":"Giant Head","floor":40.0,"turns":5.0},{"damage":7.0,"enemies":"Maw","floor":41.0,"turns":4.0},{"damage":8.0,"enemies":"Nemesis","floor":42.0,"turns":3.0},{"damage":32.0,"enemies":"Giant Head","floor":44.0,"turns":5.0},{"damage":0.0,"enemies":"Spire Growth","floor":46.0,"turns":2.0},{"damage":60.0,"enemies":"Time Eater","floor":50.0,"turns":8.0},{"damage":15,"enemies":"Shield and Spear","floor":54,"turns":4},{"damage":42,"enemies":"The Heart","floor":55,"turns":6}],"seed_played":"-8306909626133438645","potions_obtained":[{"floor":2.0,"key":"FairyPotion"},{"floor":4.0,"key":"Fire Potion"},{"floor":10.0,"key":"BloodPotion"},{"floor":13.0,"key":"CultistPotion"},{"floor":22.0,"key":"Fruit Juice"},{"floor":24.0,"key":"SmokeBomb"},{"floor":28.0,"key":"Strength Potion"},{"floor":33.0,"key":"LiquidMemories"},{"floor":38.0,"key":"PowerPotion"},{"floor":44.0,"key":"DuplicationPotion"},{"floor":54,"key":"FearPotion"}],"is_trial":false,"path_per_floor":["M","M","?","M","M","E","?","R","T","E","M","E","M","M","R","B",null,"M","?","$","M","M","R","E","R","T","$","M","M","M","E","R","B",null,"M","?","M","M","M","E","M","E","T","E","R","M","R","$","R","B",null,"R","$","E","B",null],"character_chosen":"IRONCLAD","items_purchased":["Dead Branch","Power Through","OrangePellets","Dark Shackles","Dark Embrace","Second Wind"],"campfire_rested":4,"item_purchase_floors":[20,20,48,48,48,53],"current_hp_per_floor":[64,63,56,62,48,9,27,49,56,40,24,22,40,46,46,12,65,17,17,17,20,13,37,41,41,41,41,46,55,21,30,56,51,78,79,79,85,76,83,64,66,67,67,44,44,53,53,53,79,28,72,72,72,66,33],"gold":90,"neow_bonus":"ONE_RANDOM_RARE_CARD","is_daily":false,"chose_seed":false,"campfire_upgraded":4,"win_rate":0.0,"timestamp":1611829017,"path_taken":["M","M","?","M","M","E","?","R","T","E","M","E","M","M","R","BOSS","M","?","$","M","M","R","E","R","T","?","M","M","M","E","R","BOSS","M","?","M","M","M","E","M","E","T","E","R","M","R","?","R","BOSS","R","$","E","BOSS"],"items_purchased_type":["Relic","Card","Relic","Card","Card","Card"],"build_version":"2020-12-22","purchased_purges":1,"victory":true,"max_hp_per_floor":[75,75,75,75,75,75,75,75,82,82,82,82,82,82,82,82,82,82,82,82,82,82,82,82,82,82,82,87,87,87,87,87,87,87,87,87,87,87,87,87,87,87,87,87,87,87,87,87,87,87,87,87,87,87,87],"card_choices":[{"not_picked":["Anger","Dark Embrace"],"picked":"Twin Strike","floor":1.0},{"not_picked":["Body Slam","Disarm"],"picked":"Clothesline","floor":2.0},{"not_picked":["Twin Strike","Clash"],"picked":"Pommel Strike","floor":4.0},{"not_picked":["Blood for Blood","Disarm"],"picked":"True Grit","floor":5.0},{"not_picked":["Feel No Pain","Headbutt"],"picked":"Anger","floor":6.0},{"not_picked":["Pummel","Double Tap"],"picked":"Armaments","floor":10.0},{"not_picked":["Anger","Bloodletting"],"picked":"Seeing Red","floor":11.0},{"not_picked":["Havoc","Wild Strike"],"picked":"Impervious","floor":12.0},{"not_picked":["Feel No Pain","Warcry","Clash"],"picked":"SKIP","floor":13.0},{"not_picked":["Havoc","Clash"],"picked":"True Grit","floor":14.0},{"not_picked":["Exhume","Barricade"],"picked":"Demon Form","floor":16.0},{"not_picked":["Thunderclap","Pommel Strike"],"picked":"Cleave","floor":18.0},{"not_picked":["Flex","Anger","Pommel Strike"],"picked":"SKIP","floor":21.0},{"not_picked":["Armaments","Perfected Strike"],"picked":"Body Slam","floor":22.0},{"not_picked":["Dropkick","Anger"],"picked":"Spot Weakness","floor":24.0},{"not_picked":["Clothesline+1","Havoc","Rampage+1"],"picked":"SKIP","floor":28.0},{"not_picked":["Blood for Blood+1","Pommel Strike+1"],"picked":"Infernal Blade","floor":29.0},{"not_picked":["Wild Strike+1","Thunderclap+1"],"picked":"Double Tap","floor":30.0},{"not_picked":["Perfected Strike+1","Heavy Blade+1"],"picked":"Offering","floor":31.0},{"not_picked":["Barricade","Feed+1"],"picked":"Fiend Fire+1","floor":33.0},{"not_picked":["Iron Wave+1","Clash+1","Perfected Strike+1"],"picked":"SKIP","floor":35.0},{"not_picked":["Havoc","Cleave+1"],"picked":"Body Slam+1","floor":37.0},{"not_picked":["Shrug It Off","Perfected Strike+1"],"picked":"Flame Barrier","floor":38.0},{"not_picked":["True Grit","Clash+1","Dropkick+1"],"picked":"SKIP","floor":39.0},{"not_picked":["Wild Strike+1","Sever Soul+1","Fire Breathing"],"picked":"SKIP","floor":40.0},{"not_picked":["Clash+1","Disarm"],"picked":"Infernal Blade","floor":41.0},{"not_picked":["Shrug It Off","True Grit"],"picked":"Feel No Pain","floor":42.0},{"not_picked":["Armaments+1","Whirlwind+1"],"picked":"Dark Embrace","floor":44.0},{"not_picked":["Demon Form","Reckless Charge+1"],"picked":"Shrug It Off+1","floor":46.0},{"not_picked":["Barricade","Havoc+1"],"picked":"Armaments+1","floor":54}],"player_experience":689983,"relics_obtained":[{"floor":6.0,"key":"Red Skull"},{"floor":9.0,"key":"Strawberry"},{"floor":10.0,"key":"Whetstone"},{"floor":12.0,"key":"Boot"},{"floor":17.0,"key":"PreservedInsect"},{"floor":17.0,"key":"Matryoshka"},{"floor":17.0,"key":"Magic Flower"},{"floor":24.0,"key":"Incense Burner"},{"floor":26.0,"key":"Bronze Scales"},{"floor":26.0,"key":"Molten Egg 2"},{"floor":31.0,"key":"Smiling Mask"},{"floor":40.0,"key":"Sundial"},{"floor":42.0,"key":"Charon\u0027s Ashes"},{"floor":43.0,"key":"Lantern"},{"floor":44.0,"key":"CeramicFish"},{"floor":54,"key":"Kunai"}],"event_choices":[{"cards_removed":["Strike_R"],"damage_healed":0.0,"max_hp_gain":0.0,"max_hp_loss":0.0,"gold_gain":0.0,"event_name":"Golden Wing","player_choice":"Card Removal","floor":3.0,"gold_loss":0.0,"damage_taken":7.0},{"damage_healed":18.0,"max_hp_gain":0.0,"max_hp_loss":0.0,"gold_gain":0.0,"event_name":"The Cleric","player_choice":"Healed","floor":7.0,"gold_loss":35.0,"damage_taken":0.0},{"damage_healed":0.0,"max_hp_gain":0.0,"max_hp_loss":0.0,"gold_gain":0.0,"cards_transformed":["Strike_R"],"event_name":"Transmorgrifier","player_choice":"Transformed","floor":19.0,"gold_loss":0.0,"damage_taken":0.0,"cards_obtained":["Rage"]},{"cards_removed":["Clothesline"],"damage_healed":0.0,"max_hp_gain":0.0,"max_hp_loss":0.0,"gold_gain":0.0,"event_name":"WeMeetAgain","player_choice":"Gave Card","floor":36.0,"gold_loss":0.0,"damage_taken":0.0,"relics_obtained":["Ancient Tea Set"]}],"is_beta":false,"boss_relics":[{"not_picked":["Runic Cube","Runic Pyramid"],"picked":"Calling Bell"},{"not_picked":["Black Star","Astrolabe"],"picked":"Cursed Key"}],"items_purged_floors":[48],"is_endless":false,"potions_floor_spawned":[2,4,10,13,18,22,24,28,33,38,39,44,54],"ascension_level":18}}