{"host":"3xls0xm49ftugio7","time":1611858766,"event":{"mods":["2.2 Compatiblity","A Magickal Journey","AchievementEnabler","Act Like it!","BaseMod","Bestiary","Colored Powertips","Downfall","GifTheSpireLib","Minty Spire (QoL Compilation)","Quick Restart","Relic Stats","StSLib","slay the spire mod where everything is the same but ironclad has a cowboy hat"],"gold_per_floor":[99,111,125,1,16,16,43,75,88,100,100,112,112,147,157,256,256,156,173,193,193,193,211,236,254,254,291,34,46,46,72,96,200,200,200,217,77,101,135,188,251,293,315,115,115,174,186,186,213,213,213,257,33,33,33,33,33,33],"floor_reached":56,"language":"ENG","playtime":4155,"items_purged":["Pain","Normality","champ:Strike"],"score":1045,"play_id":"7c22a914-b2e2-49a9-9529-946b9fcd759f","local_time":"20210128203246","is_ascension_mode":true,"campfire_choices":[{"data":"champ:Execute","floor":1.0,"key":"SMITH"},{"floor":6.0,"key":"REST"},{"floor":13.0,"key":"REST"},{"data":"champ:MurderStrike","floor":18.0,"key":"SMITH"},{"floor":26.0,"key":"REST"},{"floor":30.0,"key":"REST"},{"floor":35.0,"key":"RECALL"},{"floor":44,"key":"REST"},{"floor":54,"key":"REST"}],"circlet_count":0,"master_deck":["champ:Strike","champ:Strike","champ:Defend","champ:Defend","champ:Defend","champ:Defend","champ:Execute+1","champ:Taunt+1","champ:FlashCut","champ:FocusedBerserking","champ:CheapShot","champ:ShieldWall","champ:FocusedBerserking+1","champ:BringItOn","champ:Duel","champ:EnchantCrown","champ:FlashCut","champ:RageSigil","champ:PreciseThrust","champ:MurderStrike+1","champ:RisingSlash","champ:IronFortress","champ:Lariat+1","Finesse","champ:MurderStrike","champ:CheapShot","champ:DefensiveShout+1","champ:EnchantShield","champ:Circumvent","champ:Duel","champ:DancingMaster","champ:StanceDance+1","Parasite","champ:ShieldWall+1","champ:RageSigil+1","Regret","champ:Shatter+1","champ:DefensiveShout","champ:IronFortress+1","champ:FocusedDefense","champ:Encircle","champ:CalledShot"],"relics":["champ:ChampionCrown","Dead Branch","hexamod:BolsterEngine","Ginger","Cursed Key","downfall:HeartBlessingGreen","downfall:RedIOU","CeramicFish","War Paint","SlaversCollar","Lizard Tail","Juzu Bracelet","downfall:HeartBlessingRed","downfall:HeartBlessingBlue","Incense Burner","champ:SignatureFinisher","Frozen Eye"],"acts_visited":["Exordium","TheCity","TheBeyond","TheEnding"],"potions_floor_usage":[43,47,47,47,48,49,49,49,49,49],"damage_taken":[{"damage":14.0,"enemies":"Cultist","floor":2.0,"turns":3.0},{"damage":9.0,"enemies":"2 Louse","floor":3.0,"turns":3.0},{"damage":20.0,"enemies":"downfall:FleeingMerchant","floor":4.0,"turns":4.0},{"damage":22.0,"enemies":"Small Slimes","floor":5.0,"turns":5.0},{"damage":52.0,"enemies":"Gremlin Nob","floor":8.0,"turns":5.0},{"damage":24.0,"enemies":"Red Slaver","floor":9.0,"turns":5.0},{"damage":13.0,"enemies":"Exordium Thugs","floor":10.0,"turns":4.0},{"damage":1.0,"enemies":"2 Fungi Beasts","floor":12.0,"turns":3.0},{"damage":39.0,"enemies":"Lagavulin","floor":14.0,"turns":5.0},{"damage":15.0,"enemies":"Exordium Wildlife","floor":15.0,"turns":3.0},{"damage":69.0,"enemies":"SI_SHIV_ARCHETYPE","floor":16.0,"turns":10.0},{"damage":39.0,"enemies":"Spheric Guardian","floor":19.0,"turns":4.0},{"damage":20.0,"enemies":"Snake Plant","floor":20.0,"turns":4.0},{"damage":31.0,"enemies":"Snecko","floor":23.0,"turns":5.0},{"damage":45.0,"enemies":"Gremlin Leader","floor":27.0,"turns":6.0},{"damage":31.0,"enemies":"downfall:FleeingMerchant","floor":28.0,"turns":6.0},{"damage":46.0,"enemies":"Centurion and Healer","floor":29.0,"turns":4.0},{"damage":35.0,"enemies":"Cultist and Chosen","floor":31.0,"turns":4.0},{"damage":45.0,"enemies":"3 Cultists","floor":32.0,"turns":4.0},{"damage":47.0,"enemies":"WA_ARCHETYPE_CALM","floor":33.0,"turns":8.0},{"damage":5.0,"enemies":"Orb Walker","floor":36.0,"turns":4.0},{"damage":65.0,"enemies":"downfall:FleeingMerchant","floor":37.0,"turns":6.0},{"damage":69.0,"enemies":"3 Darklings","floor":38.0,"turns":9.0},{"damage":35,"enemies":"Writhing Mass","floor":39,"turns":5},{"damage":0,"enemies":"downfall:FleeingMerchant","floor":40,"turns":1},{"damage":45,"enemies":"Reptomancer","floor":42,"turns":5},{"damage":15,"enemies":"4 Shapes","floor":43,"turns":6},{"damage":83,"enemies":"4 Shapes","floor":46,"turns":6},{"damage":64,"enemies":"Sphere and 2 Shapes","floor":47,"turns":6},{"damage":1,"enemies":"Transient","floor":48,"turns":4},{"damage":36,"enemies":"Maw","floor":49,"turns":7},{"damage":51,"enemies":"DF_ARCHETYPE_ORBS","floor":50,"turns":7},{"damage":84,"enemies":"downfall:CharBossMerchant","floor":52,"turns":9},{"damage":155,"enemies":"downfall:NeowBoss","floor":55,"turns":17},{"damage":56,"enemies":"downfall:NeowBossFinal","floor":56,"turns":3}],"seed_played":"-3147267906082367105","potions_obtained":[{"floor":3.0,"key":"SkillPotion"},{"floor":8.0,"key":"champ:TechniquePotion"},{"floor":10.0,"key":"SneckoOil"},{"floor":14.0,"key":"Fire Potion"},{"floor":16.0,"key":"Weak Potion"},{"floor":23.0,"key":"Block Potion"},{"floor":33.0,"key":"Explosive Potion"},{"floor":39,"key":"EntropicBrew"},{"floor":43,"key":"EntropicBrew"},{"floor":47,"key":"SmokeBomb"}],"is_trial":false,"path_per_floor":["R","M","M","$","M","R","T","E","M","M","?","M","R","E","M","B",null,"R","M","M","?","?","M","T","?","R","E","$","M","R","M","M","B",null,"R","M","$","M","M","$","T","E","M","R","$","?","M","M","M","B",null,"E","$","R","B","B"],"character_chosen":"THE_CHAMP","items_purchased":["champ:ShieldWall","champ:EnchantShield","Lizard Tail","Frozen Eye","champ:CalledShot"],"campfire_rested":6,"item_purchase_floors":[4,28,40,53,53],"current_hp_per_floor":[81,77,68,63,46,73,73,66,57,54,54,53,80,66,66,22,73,73,59,49,49,49,38,38,38,65,65,64,53,80,80,80,58,82,82,82,82,53,53,53,53,53,48,88,88,65,4,3,52,40,85,46,46,76,36,0,0,0],"gold":33,"neow_bonus":"ONE_RARE_RELIC","is_daily":false,"chose_seed":false,"campfire_upgraded":2,"win_rate":0.0,"timestamp":1611858766,"path_taken":["R","M","M","?","M","R","T","E","?","M","?","?","R","E","M","BOSS","R","M","M","?","?","M","T","?","R","E","$","M","R","M","M","BOSS","R","M","?","M","M","$","T","E","M","R","$","?","M","M","M","BOSS","E","$","R","BOSS","BOSS"],"items_purchased_type":["Card","Card","Relic","Relic","Card"],"build_version":"2020-12-22","purchased_purges":3,"victory":false,"max_hp_per_floor":[90,90,90,90,90,90,90,90,90,90,90,90,90,90,90,90,90,90,90,90,90,90,90,90,90,90,90,90,90,90,90,90,90,90,90,90,90,90,90,90,90,90,90,100,100,100,100,100,100,100,100,100,100,100,100,100,100,100],"relic_stats":{"Lizard Tail":50,"counters":[24,140],"Dead Branch":[88],"CeramicFish":171,"Juzu Bracelet":0,"Ginger":[42],"War Paint":["champ:Taunt","champ:FocusedBerserking"],"Cursed Key":2,"obtain_stats":[{"downfall:HeartBlessingRed":44,"Dead Branch":0,"CeramicFish":24,"champ:ChampionCrown":0,"downfall:HeartBlessingGreen":18,"Juzu Bracelet":42,"Incense Burner":46,"Ginger":0,"War Paint":27,"Cursed Key":17,"SlaversCollar":34,"Frozen Eye":53,"Lizard Tail":40,"champ:DefensiveTrainingManual":0,"downfall:HeartBlessingBlue":44,"downfall:RedIOU":22,"champ:SignatureFinisher":52,"hexamod:BolsterEngine":0},{"downfall:HeartBlessingRed":16,"Dead Branch":0,"CeramicFish":3,"champ:ChampionCrown":0,"downfall:HeartBlessingGreen":0,"Juzu Bracelet":15,"Incense Burner":17,"Ginger":0,"War Paint":4,"Cursed Key":0,"SlaversCollar":9,"Frozen Eye":22,"Lizard Tail":14,"champ:DefensiveTrainingManual":0,"downfall:HeartBlessingBlue":16,"downfall:RedIOU":2,"champ:SignatureFinisher":22,"hexamod:BolsterEngine":0},{"downfall:HeartBlessingRed":81,"Dead Branch":0,"CeramicFish":13,"champ:ChampionCrown":0,"downfall:HeartBlessingGreen":0,"Juzu Bracelet":75,"Incense Burner":87,"Ginger":0,"War Paint":19,"Cursed Key":0,"SlaversCollar":45,"Frozen Eye":120,"Lizard Tail":70,"champ:DefensiveTrainingManual":0,"downfall:HeartBlessingBlue":81,"downfall:RedIOU":8,"champ:SignatureFinisher":120,"hexamod:BolsterEngine":0}]},"card_choices":[{"not_picked":["champ:CalledShot","champ:PreemptiveStrike"],"picked":"champ:FlashCut","floor":2.0},{"not_picked":["champ:SkillfulDodge","champ:FanOfKnives"],"picked":"champ:FocusedBerserking","floor":3.0},{"not_picked":["champ:BerserkersShout","champ:RisingSlash"],"picked":"champ:CheapShot","floor":4.0},{"not_picked":["champ:ArenaPreparation","champ:EnGarde"],"picked":"champ:FocusedBerserking","floor":5.0},{"not_picked":["champ:RageSigil","champ:RecklessLeap"],"picked":"champ:BringItOn","floor":8.0},{"not_picked":["champ:EnGarde","champ:SetATrap"],"picked":"champ:Duel","floor":9.0},{"not_picked":["champ:TornadoPunch","champ:FocusedDefense","champ:BerserkersShout"],"picked":"SKIP","floor":10.0},{"not_picked":["champ:PerfectedStrike","champ:EnGarde"],"picked":"champ:FlashCut","floor":12.0},{"not_picked":["champ:CrownThrow","champ:TripleStrike"],"picked":"champ:RageSigil","floor":14.0},{"not_picked":["champ:FlashCut","champ:BringItOn"],"picked":"champ:PreciseThrust","floor":15.0},{"not_picked":["champ:VampiricStrike","champ:CheapShot"],"picked":"champ:MurderStrike","floor":16.0},{"not_picked":["champ:TornadoPunch","champ:FlashCut"],"picked":"champ:RisingSlash","floor":19.0},{"not_picked":["champ:FlashCut","champ:StrikeOfGenius"],"picked":"champ:IronFortress","floor":20.0},{"not_picked":["champ:Parry+1","champ:ShieldWall+1"],"picked":"champ:Lariat+1","floor":23.0},{"not_picked":["champ:IronFortress","champ:EnGarde"],"picked":"champ:CheapShot","floor":27.0},{"not_picked":["champ:AdrenalArmor","champ:ShieldWall"],"picked":"champ:DefensiveShout+1","floor":28.0},{"not_picked":["champ:BringItOn","champ:StanceDance","champ:DefensiveShout"],"picked":"SKIP","floor":29.0},{"not_picked":["champ:PreciseThrust","champ:FocusedBerserking"],"picked":"champ:Circumvent","floor":31.0},{"not_picked":["champ:ShieldSlam","champ:PerfectedStrike"],"picked":"champ:Duel","floor":32.0},{"not_picked":["champ:HeavySlash","champ:CheapShot"],"picked":"champ:DancingMaster","floor":33.0},{"not_picked":["champ:PerfectedStrike","champ:Endure","champ:Circumvent"],"picked":"SKIP","floor":36.0},{"not_picked":["champ:PreciseThrust","champ:DefensiveStyle","champ:BringItOn+1"],"picked":"SKIP","floor":37.0},{"not_picked":["champ:ShieldSigil","champ:BerserkersShout+1"],"picked":"champ:StanceDance+1","floor":38},{"not_picked":["champ:Haymaker+1","champ:Duel"],"picked":"champ:ShieldWall+1","floor":39},{"not_picked":["champ:EnchantSword","champ:Circumvent+1"],"picked":"champ:RageSigil+1","floor":40},{"not_picked":["champ:BladeFlurry","champ:PerfectedStrike+1"],"picked":"champ:Shatter+1","floor":42},{"not_picked":["champ:PreciseThrust","champ:StanceDance"],"picked":"champ:DefensiveShout","floor":43},{"not_picked":["champ:DefensiveStyle+1","champ:RecklessLeap"],"picked":"champ:IronFortress+1","floor":46},{"not_picked":["champ:FlashCut+1","champ:Haymaker+1","champ:FancyFootwork"],"picked":"SKIP","floor":47},{"not_picked":["champ:FaceSlap","champ:EnchantShield"],"picked":"champ:FocusedDefense","floor":49},{"not_picked":["champ:ShieldSigil","champ:Shatter+1"],"picked":"champ:Encircle","floor":52}],"player_experience":1008695,"relics_obtained":[{"floor":7.0,"key":"champ:DefensiveTrainingManual"},{"floor":8.0,"key":"hexamod:BolsterEngine"},{"floor":14.0,"key":"Ginger"},{"floor":24.0,"key":"CeramicFish"},{"floor":27.0,"key":"War Paint"},{"floor":42,"key":"Juzu Bracelet"},{"floor":46,"key":"Incense Burner"},{"floor":52,"key":"champ:SignatureFinisher"}],"event_choices":[{"damage_healed":0.0,"max_hp_gain":0.0,"max_hp_loss":0.0,"gold_gain":0.0,"event_name":"Vampires","player_choice":"Ignored","floor":21.0,"gold_loss":0.0,"damage_taken":0.0}],"is_beta":false,"boss_relics":[{"not_picked":["Tiny House","champ:PowerArmor"],"picked":"Cursed Key"},{"not_picked":["Busted Crown","Snecko Eye"],"picked":"SlaversCollar"}],"items_purged_floors":[4,28,37],"is_endless":false,"potions_floor_spawned":[3,8,10,14,16,23,27,29,33,39,43,46,47],"killed_by":"downfall:NeowBossFinal","ascension_level":6}}