{"host":"s8eu5oacnz2jj6un","time":1611873471,"event":{"mods":["AchievementEnabler","Act Like it!","Astrologer","BaseMod","Colored Powertips","Marisa????????","Minty Spire (QoL Compilation)","Remilia??????","Replay The Spire","Shop Mod","StSLib","The Senshi","The Servant 0.9.4"],"gold_per_floor":[118,173,173,184,194,229,243,243,243,97,112,66,66,16,16,118,118,134,134,152,152,169,203,203,203,281,281,300,300,300],"floor_reached":29,"language":"ENG","playtime":3091,"items_purged":["ReplayTheSpireMod:Splinters"],"score":293,"play_id":"197724e0-9130-42a7-9694-2f1dca7ca3cb","local_time":"20210128233751","is_ascension_mode":false,"campfire_choices":[{"floor":13,"key":"REST"},{"data":"Alpha","floor":15,"key":"SMITH"},{"floor":25,"key":"REST"},{"floor":27,"key":"REST"}],"circlet_count":0,"master_deck":["Strike_P","Strike_P","Strike_P","Strike_P","Defend_P","Defend_P","Defend_P","Eruption","Vigilance","PathToVictory","Replay:Vibes","CutThroughFate","Wallop","JustLucky","Wireheading","EmptyBody","Alpha+1","Meditate","InnerPeace","PathToVictory","Vault","CurseOfTheBell","Consecrate","SignatureMove","Consecrate","Brilliance","LikeWater+1","FollowUp","ClearTheMind"],"relics":["PureWater","NeowsBlessing","Mirror","Bronze Scales","Art of War","ReplayTheSpireMod:Ninjato","ReplayTheSpireMod:CursedCoin","Strawberry","Calling Bell","ReplayTheSpireMod:TigerMarble","Matryoshka","Replay:Purple Gloves","Ornamental Fan","Dream Catcher","GremlinMask","Pet Ghost","Replay:Accelerometer"],"acts_visited":["Exordium","TheCity"],"potions_floor_usage":[7,18,20,28],"damage_taken":[{"damage":0,"enemies":"Cultist","floor":1,"turns":1},{"damage":0,"enemies":"2 Louse","floor":4,"turns":1},{"damage":0,"enemies":"Jaw Worm","floor":5,"turns":1},{"damage":14,"enemies":"Lagavulin","floor":6,"turns":6},{"damage":12,"enemies":"Large Slime","floor":7,"turns":5},{"damage":5,"enemies":"Blue Slaver","floor":11,"turns":3},{"damage":0,"enemies":"Slime Boss","floor":16,"turns":4},{"damage":20,"enemies":"Shell Parasite","floor":18,"turns":4},{"damage":10,"enemies":"2 Thieves","floor":20,"turns":5},{"damage":21,"enemies":"Centurion and Healer","floor":22,"turns":5},{"damage":43,"enemies":"Gremlin Leader","floor":23,"turns":5},{"damage":21,"enemies":"Snake Plant","floor":28,"turns":3},{"damage":40,"enemies":"Book of Stabbing","floor":29,"turns":6}],"seed_played":"-4011186063209056927","potions_obtained":[{"floor":4,"key":"Block Potion"},{"floor":11,"key":"Adrenaline Potion"},{"floor":18,"key":"AttackPotion"},{"floor":22,"key":"Fire Potion"}],"is_trial":false,"path_per_floor":["M","?","?","M","M","E","M","T","T","$","M","$","R","?","R","B",null,"M","?","M","?","M","E","?","R","T","R","M","E"],"character_chosen":"WATCHER","items_purchased":["Meditate","ReplayTheSpireMod:CursedCoin","PathToVictory","Strawberry"],"campfire_rested":3,"item_purchase_floors":[10,12,12,12],"current_hp_per_floor":[72,72,72,72,72,58,46,46,46,46,41,48,71,71,71,71,79,59,59,49,75,54,11,11,34,34,57,36,0,0],"gold":300,"neow_bonus":"THREE_ENEMY_KILL","is_daily":false,"chose_seed":false,"campfire_upgraded":1,"win_rate":0.0,"timestamp":1611873471,"path_taken":["M","?","?","M","?","E","M","?","T","$","M","$","R","?","R","BOSS","M","?","?","?","M","E","?","R","T","R","M","E"],"items_purchased_type":["Card","Relic","Card","Relic"],"build_version":"2020-12-22","purchased_purges":1,"victory":false,"max_hp_per_floor":[72,72,72,72,72,72,72,72,72,72,72,79,79,79,79,79,79,79,79,79,79,79,79,79,79,79,79,79,79,79],"card_choices":[{"not_picked":["FlurryOfBlows","InnerPeace"],"picked":"PathToVictory","floor":1},{"not_picked":["ThirdEye","JustLucky"],"picked":"Replay:Vibes","floor":2},{"not_picked":["CrushJoints","Halt"],"picked":"CutThroughFate","floor":2},{"not_picked":["Protect","Replay:DivineShield"],"picked":"JustLucky","floor":4},{"not_picked":["Wallop","CutThroughFate"],"picked":"Wireheading","floor":5},{"not_picked":["Wallop","CarveReality"],"picked":"EmptyBody","floor":6},{"not_picked":["Weave","Replay:ManipulateFuture"],"picked":"Alpha","floor":7},{"not_picked":["SashWhip","BowlingBash"],"picked":"InnerPeace","floor":11},{"not_picked":["Wish","SpiritShield"],"picked":"Vault","floor":16},{"not_picked":["WheelKick+1","TalkToTheHand"],"picked":"Consecrate","floor":18},{"not_picked":["SashWhip+1","Replay:Battleflow+1"],"picked":"SignatureMove","floor":20},{"not_picked":["Worship","Indignation"],"picked":"Consecrate","floor":22},{"not_picked":["FlyingSleeves","FlurryOfBlows"],"picked":"Brilliance","floor":23},{"not_picked":["Replay:AtTheReady+1","SashWhip"],"picked":"LikeWater+1","floor":25},{"not_picked":["ReachHeaven","FlyingSleeves+1"],"picked":"FollowUp","floor":27},{"not_picked":["ClearTheMind","CarveReality","Weave+1"],"picked":"SKIP","floor":28},{"not_picked":["CarveReality","Weave+1"],"picked":"ClearTheMind","floor":28}],"player_experience":744054,"relics_obtained":[{"floor":2,"key":"Mirror"},{"floor":6,"key":"Bronze Scales"},{"floor":8,"key":"Art of War"},{"floor":9,"key":"ReplayTheSpireMod:Ninjato"},{"floor":17,"key":"ReplayTheSpireMod:TigerMarble"},{"floor":17,"key":"Matryoshka"},{"floor":17,"key":"Replay:Purple Gloves"},{"floor":23,"key":"Dream Catcher"},{"floor":26,"key":"Pet Ghost"},{"floor":26,"key":"Replay:Accelerometer"}],"event_choices":[{"damage_healed":0,"gold_gain":0,"cards_transformed":["Defend_P"],"player_choice":"Transformed","damage_taken":0,"max_hp_gain":0,"max_hp_loss":0,"event_name":"Transmorgrifier","floor":3,"gold_loss":0,"cards_obtained":["Wallop"]},{"cards_removed":["Languid"],"damage_healed":0,"gold_gain":0,"player_choice":"Card Removal","damage_taken":0,"max_hp_gain":0,"max_hp_loss":0,"event_name":"The Cleric","floor":14,"gold_loss":50},{"damage_healed":0,"gold_gain":0,"player_choice":"Opened","damage_taken":0,"relics_obtained":["Ornamental Fan"],"max_hp_gain":0,"max_hp_loss":0,"event_name":"The Mausoleum","floor":19,"gold_loss":0},{"damage_healed":26,"gold_gain":0,"player_choice":"Heal","damage_taken":0,"max_hp_gain":0,"max_hp_loss":0,"event_name":"The Library","floor":21,"gold_loss":0},{"damage_healed":0,"gold_gain":0,"player_choice":"Trade","damage_taken":0,"relics_obtained":["GremlinMask"],"max_hp_gain":0,"max_hp_loss":0,"event_name":"FaceTrader","floor":24,"gold_loss":0}],"is_beta":false,"boss_relics":[{"not_picked":["Replay:Bronze Core","Black Star"],"picked":"Calling Bell"}],"items_purged_floors":[10],"is_endless":false,"potions_floor_spawned":[4,11,18,22],"killed_by":"Book of Stabbing","ascension_level":0}}