{"host":"dhlnk6yox2l1s6up","time":1611873070,"event":{"mods":["BaseMod","Bestiary","Colored Map","Highlight Path","Minty Spire (QoL Compilation)","Relic Stats","StSLib"],"gold_per_floor":[114,189,189,200,213,213,247,247,247,290,290,51,51,39,39,158,158,182,205,205,205,228,272,272,305,331,370,370,370,370],"floor_reached":29,"language":"ENG","playtime":1360,"items_purged":[],"score":419,"play_id":"5e7e99ac-859d-4597-b125-afdcf212e1cc","local_time":"20210128163110","is_ascension_mode":true,"campfire_choices":[{"data":"Compile Driver","floor":6,"key":"SMITH"},{"floor":11,"key":"REST"},{"data":"Barrage","floor":13,"key":"SMITH"},{"data":"Fusion","floor":15,"key":"SMITH"},{"data":"Coolheaded","floor":24,"key":"SMITH"},{"floor":28,"key":"REST"}],"circlet_count":0,"master_deck":["Strike_B","Strike_B","Strike_B","Defend_B","Defend_B","Defend_B","Zap","Dualcast","Master of Strategy","Steam","Self Repair","Compile Driver+1","Barrage+1","Conserve Battery","Fusion+1","Coolheaded+1","Gash","Biased Cognition","Capacitor","Rip and Tear+1","Steam","Go for the Eyes","Coolheaded","Beam Cell+1","Loop+1","Compile Driver","Gash"],"relics":["Cracked Core","White Beast Statue","Golden Idol","Peace Pipe","PreservedInsect","Runic Capacitor","SlaversCollar","Bottled Tornado","Dream Catcher","Lantern","Symbiotic Virus"],"acts_visited":["Exordium","TheCity"],"potions_floor_usage":[16,23,23,25,25,27],"damage_taken":[{"damage":2,"enemies":"Jaw Worm","floor":1,"turns":3},{"damage":0,"enemies":"Small Slimes","floor":4,"turns":3},{"damage":0,"enemies":"2 Louse","floor":5,"turns":3},{"damage":26,"enemies":"3 Sentries","floor":7,"turns":10},{"damage":24,"enemies":"Lagavulin","floor":10,"turns":7},{"damage":6,"enemies":"Exordium Thugs","floor":14,"turns":4},{"damage":24,"enemies":"Slime Boss","floor":16,"turns":6},{"damage":19,"enemies":"Chosen","floor":18,"turns":5},{"damage":15,"enemies":"Spheric Guardian","floor":19,"turns":5},{"damage":21,"enemies":"Centurion and Healer","floor":22,"turns":8},{"damage":21,"enemies":"Book of Stabbing","floor":23,"turns":5},{"damage":21,"enemies":"Slavers","floor":25,"turns":4},{"damage":11,"enemies":"Book of Stabbing","floor":27,"turns":3},{"damage":38,"enemies":"Slavers","floor":29,"turns":1}],"seed_played":"-3153506833712706534","potions_obtained":[{"floor":10,"key":"LiquidMemories"},{"floor":14,"key":"PowerPotion"},{"floor":16,"key":"Energy Potion"},{"floor":18,"key":"EssenceOfSteel"},{"floor":19,"key":"PowerPotion"},{"floor":22,"key":"LiquidMemories"},{"floor":23,"key":"EssenceOfSteel"},{"floor":25,"key":"DistilledChaos"},{"floor":27,"key":"SneckoOil"}],"is_trial":false,"path_per_floor":["M","?","?","M","M","R","E","?","T","E","R","$","R","M","R","B",null,"M","M","?","?","M","E","R","E","T","E","R","E"],"character_chosen":"DEFECT","items_purchased":["Runic Capacitor","Fusion","Coolheaded"],"campfire_rested":2,"item_purchase_floors":[12,12,12],"current_hp_per_floor":[48,37,37,37,44,44,25,25,25,8,28,28,28,29,29,12,55,43,35,58,58,44,30,30,16,16,12,32,0,0],"gold":370,"neow_bonus":"RANDOM_COLORLESS_2","is_daily":false,"chose_seed":false,"campfire_upgraded":4,"win_rate":0.0,"timestamp":1611873070,"path_taken":["M","?","?","M","M","R","E","?","T","E","R","$","R","?","R","BOSS","M","M","?","?","M","E","R","E","T","E","R","E"],"items_purchased_type":["Relic","Card","Card"],"build_version":"2020-12-22","purchased_purges":0,"victory":false,"max_hp_per_floor":[75,75,75,75,75,75,75,69,69,69,69,69,69,69,69,69,69,69,69,69,69,69,69,69,69,69,69,69,69,69],"relic_stats":{"Peace Pipe":0,"Dream Catcher":1,"counters":[14,67],"Golden Idol":76,"PreservedInsect":168,"obtain_stats":[{"Peace Pipe":9,"SlaversCollar":17,"Dream Catcher":25,"Lantern":26,"Golden Idol":8,"PreservedInsect":10,"Runic Capacitor":12,"Bottled Tornado":23,"Cracked Core":0,"Symbiotic Virus":27,"White Beast Statue":7},{"Peace Pipe":4,"SlaversCollar":7,"Dream Catcher":12,"Lantern":12,"Golden Idol":4,"PreservedInsect":5,"Runic Capacitor":5,"Bottled Tornado":11,"Cracked Core":0,"Symbiotic Virus":13,"White Beast Statue":4},{"Peace Pipe":19,"SlaversCollar":36,"Dream Catcher":63,"Lantern":63,"Golden Idol":19,"PreservedInsect":26,"Runic Capacitor":26,"Bottled Tornado":59,"Cracked Core":0,"Symbiotic Virus":66,"White Beast Statue":19}]},"card_choices":[{"not_picked":["Transmutation","Thinking Ahead"],"picked":"Master of Strategy","floor":0},{"not_picked":["Redo","Leap"],"picked":"Steam","floor":1},{"not_picked":["Go for the Eyes","Steam"],"picked":"Self Repair","floor":4},{"not_picked":["White Noise","Chill"],"picked":"Compile Driver","floor":5},{"not_picked":["Storm","Leap"],"picked":"Barrage","floor":7},{"not_picked":["Steam","Ball Lightning"],"picked":"Conserve Battery","floor":10},{"not_picked":["BootSequence","Turbo"],"picked":"Gash","floor":14},{"not_picked":["Seek","Fission"],"picked":"Biased Cognition","floor":16},{"not_picked":["Gash+1","Turbo"],"picked":"Capacitor","floor":18},{"not_picked":["Skim","Conserve Battery"],"picked":"Rip and Tear+1","floor":19},{"not_picked":["FTL","Rebound+1"],"picked":"Coolheaded","floor":22},{"not_picked":["Undo","Compile Driver"],"picked":"Beam Cell+1","floor":23},{"not_picked":["Tempest","Hyperbeam"],"picked":"Loop+1","floor":25},{"not_picked":["Beam Cell+1","White Noise"],"picked":"Compile Driver","floor":27},{"not_picked":["Streamline+1","Recycle+1"],"picked":"Gash","floor":28}],"player_experience":6000854,"relics_obtained":[{"floor":7,"key":"White Beast Statue"},{"floor":9,"key":"Peace Pipe"},{"floor":10,"key":"PreservedInsect"},{"floor":23,"key":"Bottled Tornado"},{"floor":25,"key":"Dream Catcher"},{"floor":26,"key":"Lantern"},{"floor":27,"key":"Symbiotic Virus"}],"event_choices":[{"damage_healed":0,"gold_gain":75,"player_choice":"Gather Gold","damage_taken":11,"max_hp_gain":0,"max_hp_loss":0,"event_name":"World of Goop","floor":2,"gold_loss":0},{"damage_healed":0,"gold_gain":0,"player_choice":"Ignored","damage_taken":0,"max_hp_gain":0,"max_hp_loss":0,"event_name":"Liars Game","floor":3,"gold_loss":0},{"damage_healed":0,"gold_gain":0,"player_choice":"Lose Max HP","damage_taken":0,"relics_obtained":["Golden Idol"],"max_hp_gain":0,"max_hp_loss":6,"event_name":"Golden Idol","floor":8,"gold_loss":0},{"damage_healed":23,"gold_gain":0,"player_choice":"Heal","damage_taken":0,"max_hp_gain":0,"max_hp_loss":0,"event_name":"The Library","floor":20,"gold_loss":0},{"damage_healed":0,"gold_gain":0,"cards_transformed":["Strike_B","Defend_B"],"player_choice":"Became Test Subject","damage_taken":0,"max_hp_gain":0,"max_hp_loss":0,"event_name":"Drug Dealer","floor":21,"gold_loss":0,"cards_obtained":["Steam","Go for the Eyes"]}],"is_beta":false,"boss_relics":[{"not_picked":["Busted Crown","FrozenCore"],"picked":"SlaversCollar"}],"items_purged_floors":[],"is_endless":false,"potions_floor_spawned":[10,14,16,18,19,22,23,25,27],"killed_by":"Slavers","ascension_level":9}}