{"host":"brnfk772nsb90w3t","time":1611840635,"event":{"mods":["AchievementEnabler","BaseMod","Colored Powertips","Downfall","Highlight Path","Minty Spire (QoL Compilation)","Quick Restart","Shop Mod","StSLib","SuperFastMode"],"gold_per_floor":[115,132,132,149,149,176,192,205,231,231,247,247,267,292,292,394,394,405,365,384,59,75,100,100,126,126,126,126,144,158,188,188,285,285,298,312,312,322,322,347,5,5,5,32,63,89,25,39,39,39],"floor_reached":51,"language":"ENG","playtime":3858,"items_purged":["Strike_G"],"score":904,"play_id":"e61965f4-2721-4d44-b2e4-dee3748661cb","local_time":"20210128213035","is_ascension_mode":false,"campfire_choices":[{"floor":12.0,"key":"REST"},{"floor":15.0,"key":"REST"},{"data":"Neutralize","floor":24.0,"key":"SMITH"},{"floor":28.0,"key":"REST"},{"data":"Strike_G","floor":32.0,"key":"PURGE"},{"data":"Strike_G","floor":42.0,"key":"PURGE"},{"data":"Strike_G","floor":49.0,"key":"PURGE"}],"circlet_count":0,"master_deck":["Defend_G","Defend_G","Defend_G+1","Defend_G","Defend_G","Survivor","Neutralize+1","Prepared","Neutralize+1","Cloak And Dagger+1","Venomology","Accuracy","After Image","Adrenaline","Blade Dance+1","Cloak And Dagger+1","Dodge and Roll+1","Backstab","Cloak And Dagger+1","Storm of Steel+1","Cloak And Dagger+1","Caltrops+1","Bullet Time+1","Blade Dance+1","Deflect+1","Secret Weapon+1","Purity+1","Infinite Blades","Blade Dance+1"],"relics":["Ring of the Snake","Pear","Omamori","Toy Ornithopter","War Paint","Calling Bell","Potion Belt","Toxic Egg 2","Du-Vu Doll","Mango","TungstenRod","Tiny Chest","White Beast Statue","Enchiridion","Peace Pipe","Black Star","Lantern","Ginger","Membership Card","Ornamental Fan","Mummified Hand","Bag of Marbles","Anchor","MawBank","Vajra"],"acts_visited":["Exordium","TheCity","TheBeyond"],"potions_floor_usage":[50,50,50,50,50,50],"damage_taken":[{"damage":8.0,"enemies":"Jaw Worm","floor":1.0,"turns":6.0},{"damage":0.0,"enemies":"Small Slimes","floor":2.0,"turns":3.0},{"damage":1.0,"enemies":"Cultist","floor":4.0,"turns":4.0},{"damage":58.0,"enemies":"3 Sentries","floor":6.0,"turns":18.0},{"damage":8.0,"enemies":"Exordium Wildlife","floor":7.0,"turns":7.0},{"damage":2.0,"enemies":"Red Slaver","floor":8.0,"turns":6.0},{"damage":2.0,"enemies":"Blue Slaver","floor":11.0,"turns":6.0},{"damage":4.0,"enemies":"Exordium Thugs","floor":13.0,"turns":6.0},{"damage":27.0,"enemies":"Lagavulin","floor":14.0,"turns":11.0},{"damage":22.0,"enemies":"The Guardian","floor":16.0,"turns":24.0},{"damage":7.0,"enemies":"Chosen","floor":18.0,"turns":7.0},{"damage":2.0,"enemies":"3 Byrds","floor":20.0,"turns":6.0},{"damage":4.0,"enemies":"Centurion and Healer","floor":22.0,"turns":9.0},{"damage":54.0,"enemies":"Gremlin Leader","floor":23.0,"turns":11.0},{"damage":14.0,"enemies":"Slavers","floor":25.0,"turns":6.0},{"damage":2.0,"enemies":"Snecko","floor":29.0,"turns":6.0},{"damage":0.0,"enemies":"Snake Plant","floor":30.0,"turns":7.0},{"damage":0.0,"enemies":"Book of Stabbing","floor":31.0,"turns":7.0},{"damage":37.0,"enemies":"Automaton","floor":33.0,"turns":11.0},{"damage":0.0,"enemies":"3 Darklings","floor":35.0,"turns":6.0},{"damage":0.0,"enemies":"3 Shapes","floor":36.0,"turns":4.0},{"damage":17.0,"enemies":"3 Darklings","floor":38.0,"turns":5.0},{"damage":8.0,"enemies":"Reptomancer","floor":40.0,"turns":9.0},{"damage":0.0,"enemies":"Giant Head","floor":45.0,"turns":5.0},{"damage":0.0,"enemies":"Writhing Mass","floor":46.0,"turns":8.0},{"damage":8.0,"enemies":"Sphere and 2 Shapes","floor":48.0,"turns":4.0},{"damage":85,"enemies":"Time Eater","floor":50,"turns":12}],"seed_played":"7444826983617449531","potions_obtained":[{"floor":1.0,"key":"AttackPotion"},{"floor":4.0,"key":"bronze:BurnAndBuffPotion"},{"floor":8.0,"key":"ColorlessPotion"},{"floor":11.0,"key":"Ancient Potion"},{"floor":22.0,"key":"FearPotion"},{"floor":23.0,"key":"GhostInAJar"},{"floor":25.0,"key":"Dexterity Potion"},{"floor":31.0,"key":"DistilledChaos"},{"floor":33.0,"key":"Energy Potion"},{"floor":35.0,"key":"SpeedPotion"},{"floor":36.0,"key":"LiquidBronze"},{"floor":38.0,"key":"DistilledChaos"},{"floor":40.0,"key":"PowerPotion"},{"floor":48.0,"key":"DuplicationPotion"}],"is_trial":false,"path_per_floor":["M","M","?","M","?","E","M","M","T","?","M","R","M","E","R","B",null,"M","?","M","$","M","E","R","E","T","?","R","M","M","E","R","B",null,"M","M","?","M","?","E","$","R","T","T","E","M","$","M","R","B",null],"character_chosen":"THE_SILENT","items_purchased":["Cloak And Dagger+1","Mango","Membership Card","Infinite Blades","Ornamental Fan","Vajra"],"campfire_rested":3,"item_purchase_floors":[21,21,41,41,41,47],"current_hp_per_floor":[69,69,69,68,68,20,12,10,10,10,8,34,40,18,44,22,87,86,86,84,98,94,65,65,51,51,39,69,67,72,77,77,45,101,101,101,97,85,85,82,82,82,82,82,87,101,101,93,93,51],"gold":39,"neow_bonus":"TEN_PERCENT_HP_BONUS","is_daily":false,"chose_seed":false,"campfire_upgraded":1,"win_rate":0.0,"timestamp":1611840635,"path_taken":["M","M","?","M","?","E","?","M","T","?","?","R","M","E","R","BOSS","M","?","M","?","M","E","R","E","T","?","R","M","M","E","R","BOSS","M","M","?","M","?","E","$","R","T","?","E","M","?","M","R","BOSS"],"items_purchased_type":["Card","Relic","Relic","Card","Relic","Relic"],"build_version":"2020-12-22","purchased_purges":1,"victory":true,"max_hp_per_floor":[77,77,77,77,77,87,87,87,87,87,87,87,87,87,87,87,87,87,87,87,101,101,101,101,101,101,101,101,101,101,101,101,101,101,101,101,101,101,101,101,101,101,101,101,101,101,101,101,101,101],"card_choices":[{"not_picked":["Bouncing Flask","Acrobatics","Expertise"],"picked":"SKIP","floor":1.0},{"not_picked":["Dodge and Roll","Predator","Eviscerate"],"picked":"SKIP","floor":2.0},{"not_picked":["Outmaneuver","Dagger Throw"],"picked":"Prepared","floor":4.0},{"not_picked":["Caltrops","Distraction"],"picked":"Cloak And Dagger","floor":6.0},{"not_picked":["Skewer","Deadly Poison"],"picked":"Venomology","floor":7.0},{"not_picked":["Dodge and Roll","Concentrate","Flying Knee"],"picked":"SKIP","floor":8.0},{"not_picked":["Prepared","Slice","Underhanded Strike"],"picked":"SKIP","floor":11.0},{"not_picked":["Bouncing Flask","Poisoned Stab"],"picked":"Accuracy","floor":13.0},{"not_picked":["Skewer","Riddle With Holes"],"picked":"After Image","floor":14.0},{"not_picked":["Grand Finale","Die Die Die"],"picked":"Adrenaline","floor":16.0},{"not_picked":["Dagger Throw","Heel Hook"],"picked":"Blade Dance+1","floor":18.0},{"not_picked":["Finisher","Riddle With Holes","Underhanded Strike"],"picked":"SKIP","floor":20.0},{"not_picked":["Bane","Quick Slash"],"picked":"Dodge and Roll+1","floor":22.0},{"not_picked":["Terror+1","Underhanded Strike"],"picked":"Backstab","floor":23.0},{"not_picked":["Backflip+1","Blur+1"],"picked":"Cloak And Dagger+1","floor":25.0},{"not_picked":["Acrobatics+1","Dagger Throw"],"picked":"Storm of Steel+1","floor":29.0},{"not_picked":["Sucker Punch+1","Choke"],"picked":"Cloak And Dagger+1","floor":30.0},{"not_picked":["Escape Plan+1","Quick Slash"],"picked":"Caltrops+1","floor":31.0},{"not_picked":["Wraith Form v2","Night Terror+1"],"picked":"Bullet Time+1","floor":33.0},{"not_picked":["Underhanded Strike","Choke"],"picked":"Blade Dance+1","floor":35.0},{"not_picked":["Leg Sweep+1","Eviscerate+1"],"picked":"Deflect+1","floor":36.0},{"not_picked":["Sadistic Nature","Deep Breath+1"],"picked":"Secret Weapon+1","floor":37.0},{"not_picked":["Sadistic Nature","Transmutation+1"],"picked":"Purity+1","floor":37.0},{"not_picked":["Cloak And Dagger+1","Backflip+1"],"picked":"Footwork+1","floor":38.0},{"not_picked":["Dodge and Roll+1","Slice","Setup+1"],"picked":"SKIP","floor":40.0},{"not_picked":["Wraith Form v2","Dagger Throw+1","Backflip+1"],"picked":"SKIP","floor":45.0},{"not_picked":["Prepared+1","Catalyst+1","Deflect+1"],"picked":"SKIP","floor":46.0},{"not_picked":["Prepared+1","Sucker Punch+1"],"picked":"Blade Dance+1","floor":48.0}],"player_experience":626745,"relics_obtained":[{"floor":6.0,"key":"Pear"},{"floor":9.0,"key":"Omamori"},{"floor":14.0,"key":"War Paint"},{"floor":17.0,"key":"Potion Belt"},{"floor":17.0,"key":"Toxic Egg 2"},{"floor":17.0,"key":"Du-Vu Doll"},{"floor":23.0,"key":"TungstenRod"},{"floor":25.0,"key":"Tiny Chest"},{"floor":26.0,"key":"White Beast Statue"},{"floor":27.0,"key":"Enchiridion"},{"floor":31.0,"key":"Peace Pipe"},{"floor":40.0,"key":"Lantern"},{"floor":40.0,"key":"Ginger"},{"floor":43.0,"key":"Mummified Hand"},{"floor":44.0,"key":"Bag of Marbles"},{"floor":45.0,"key":"Anchor"},{"floor":45.0,"key":"MawBank"}],"event_choices":[{"cards_removed":["Strike_G"],"damage_healed":0.0,"max_hp_gain":0.0,"max_hp_loss":0.0,"gold_gain":0.0,"event_name":"Living Wall","player_choice":"Forget","floor":3.0,"gold_loss":0.0,"damage_taken":0.0},{"damage_healed":0.0,"max_hp_gain":0.0,"max_hp_loss":0.0,"gold_gain":0.0,"event_name":"Match and Keep!","player_choice":"1 cards matched","floor":5.0,"gold_loss":0.0,"damage_taken":0.0,"cards_obtained":["Neutralize"]},{"damage_healed":0.0,"max_hp_gain":0.0,"max_hp_loss":0.0,"gold_gain":0.0,"event_name":"WeMeetAgain","player_choice":"Gave Potion","floor":10.0,"gold_loss":0.0,"damage_taken":0.0,"relics_obtained":["Toy Ornithopter"]},{"damage_healed":0.0,"max_hp_gain":0.0,"max_hp_loss":0.0,"gold_gain":0.0,"event_name":"Designer","player_choice":"Upgrade","floor":19.0,"gold_loss":40.0,"damage_taken":0.0,"cards_upgraded":["Neutralize"]},{"damage_healed":0.0,"max_hp_gain":0.0,"max_hp_loss":0.0,"gold_gain":0.0,"event_name":"Cursed Tome","player_choice":"Obtained Book","floor":27.0,"gold_loss":0.0,"damage_taken":16.0},{"damage_healed":0.0,"max_hp_gain":0.0,"max_hp_loss":0.0,"gold_gain":0.0,"event_name":"SensoryStone","player_choice":"Memory 2","floor":37.0,"gold_loss":0.0,"damage_taken":5.0},{"cards_removed":["Footwork"],"damage_healed":0.0,"max_hp_gain":0.0,"max_hp_loss":0.0,"gold_gain":0.0,"event_name":"Falling","player_choice":"Removed Power","floor":39.0,"gold_loss":0.0,"damage_taken":0.0}],"is_beta":false,"boss_relics":[{"not_picked":["Tiny House","SacredBark"],"picked":"Calling Bell"},{"not_picked":["Runic Dome","Coffee Dripper"],"picked":"Black Star"}],"items_purged_floors":[41],"is_endless":false,"potions_floor_spawned":[1,4,8,11,22,23,25,29,30,31,33,35,36,38,40,45,46,48],"ascension_level":0}}