{"host":"na09lpbrez4gbfiz","time":1611847366,"event":{"mods":["Act Like it!","BaseMod","BetterRewards","Colored Map","Colored Powertips","DeckTracker","Googly Eyes","Highlight Path","Minty Spire (QoL Compilation)","Quick Restart","Spicy Shops","StSLib","SuperFastMode","Synergy Search"],"gold_per_floor":[110,110,110,35,58,91,91,112,112,112,187,187,210,32,32,161,161,182,182,57,81,104,104,204,204,204,204,204,204],"floor_reached":28,"language":"ENG","playtime":480,"items_purged":["Regret","Strike_R","Defend_R"],"score":395,"play_id":"dd337259-4d80-4070-931d-ff1352a404d0","local_time":"20210128162246","is_ascension_mode":true,"campfire_choices":[{"data":"Rampage","floor":7.0,"key":"SMITH"},{"data":"Bash","floor":10.0,"key":"SMITH"},{"data":"Defend_R","floor":12.0,"key":"SMITH"},{"data":"Bloodletting","floor":15.0,"key":"SMITH"},{"data":"Berserk","floor":23.0,"key":"SMITH"},{"data":"Combust","floor":25.0,"key":"SMITH"},{"data":"Bite","floor":27.0,"key":"SMITH"}],"circlet_count":0,"master_deck":["AscendersBane","Defend_R","Defend_R","Defend_R+1","Bash+1","Rampage+1","Bloodletting+1","Berserk+1","Combust+1","Bite","Bite","Bite","Bite","Bite+1"],"relics":["Burning Blood","NeowsBlessing","Ice Cream","Golden Idol","Red Skull","Self Forming Clay","ClockworkSouvenir","Busted Crown","Meat on the Bone"],"acts_visited":["Exordium","TheCity"],"potions_floor_usage":[28],"damage_taken":[{"damage":0.0,"enemies":"Jaw Worm","floor":1.0,"turns":1.0},{"damage":0.0,"enemies":"Small Slimes","floor":5.0,"turns":1.0},{"damage":0.0,"enemies":"3 Sentries","floor":6.0,"turns":2.0},{"damage":0.0,"enemies":"2 Louse","floor":8.0,"turns":4.0},{"damage":3.0,"enemies":"Looter","floor":13.0,"turns":4.0},{"damage":59.0,"enemies":"Slime Boss","floor":16.0,"turns":10.0},{"damage":21.0,"enemies":"Spheric Guardian","floor":18.0,"turns":5.0},{"damage":27.0,"enemies":"Shell Parasite","floor":21.0,"turns":5.0},{"damage":27.0,"enemies":"Snecko","floor":22.0,"turns":5.0},{"damage":65,"enemies":"Book of Stabbing","floor":28,"turns":5}],"seed_played":"-8759468371476341388","potions_obtained":[{"floor":1.0,"key":"AttackPotion"},{"floor":5.0,"key":"FearPotion"},{"floor":13.0,"key":"Regen Potion"},{"floor":18.0,"key":"EssenceOfSteel"},{"floor":21.0,"key":"Energy Potion"}],"is_trial":false,"path_per_floor":["M","?","?","$","M","E","R","M","T","R","?","R","M","$","R","B",null,"M","?","$","M","M","R","?","R","T","R","E"],"character_chosen":"IRONCLAD","items_purchased":["ClockworkSouvenir"],"campfire_rested":0,"item_purchase_floors":[14],"current_hp_per_floor":[78,78,58,58,64,70,70,76,76,76,65,65,68,68,68,27,67,52,52,52,47,40,40,40,40,40,40,0,0],"gold":204,"neow_bonus":"THREE_ENEMY_KILL","is_daily":false,"chose_seed":false,"campfire_upgraded":7,"win_rate":0.0,"timestamp":1611847366,"path_taken":["M","?","?","?","?","E","R","M","T","R","?","R","M","$","R","BOSS","M","?","$","M","M","R","?","R","T","R","E"],"items_purchased_type":["Relic"],"build_version":"2020-12-22","purchased_purges":3,"victory":false,"max_hp_per_floor":[80,80,80,80,80,80,80,80,80,80,80,80,80,80,80,80,80,80,56,56,56,56,56,56,56,56,56,56,56],"card_choices":[{"not_picked":["Whirlwind","Thunderclap","Wild Strike"],"picked":"SKIP","floor":1.0},{"not_picked":["Iron Wave","Clothesline","Intimidate"],"picked":"SKIP","floor":5.0},{"not_picked":["Clothesline","Whirlwind"],"picked":"Rampage","floor":6.0},{"not_picked":["Twin Strike","Pommel Strike","Sentinel"],"picked":"SKIP","floor":8.0},{"not_picked":["Battle Trance","Flame Barrier"],"picked":"Bloodletting","floor":13.0},{"not_picked":["Corruption","Exhume"],"picked":"Berserk","floor":16.0},{"not_picked":[],"picked":"Combust","floor":18.0},{"not_picked":["Havoc+1"],"picked":"SKIP","floor":21.0},{"not_picked":["Warcry"],"picked":"SKIP","floor":22.0}],"player_experience":184007,"relics_obtained":[{"floor":6.0,"key":"Red Skull"},{"floor":9.0,"key":"Self Forming Clay"},{"floor":26.0,"key":"Meat on the Bone"}],"event_choices":[{"damage_healed":0.0,"max_hp_gain":0.0,"max_hp_loss":0.0,"gold_gain":0.0,"event_name":"Big Fish","player_choice":"Box","floor":2.0,"gold_loss":0.0,"damage_taken":0.0,"relics_obtained":["Ice Cream"],"cards_obtained":["Regret"]},{"damage_healed":0.0,"max_hp_gain":0.0,"max_hp_loss":0.0,"gold_gain":0.0,"event_name":"Golden Idol","player_choice":"Take Damage","floor":3.0,"gold_loss":0.0,"damage_taken":20.0,"relics_obtained":["Golden Idol"]},{"damage_healed":0.0,"max_hp_gain":0.0,"max_hp_loss":0.0,"gold_gain":75.0,"event_name":"World of Goop","player_choice":"Gather Gold","floor":11.0,"gold_loss":0.0,"damage_taken":11.0},{"damage_healed":0.0,"max_hp_gain":0.0,"max_hp_loss":24.0,"gold_gain":0.0,"event_name":"Vampires","player_choice":"Became a vampire","floor":19.0,"gold_loss":0.0,"damage_taken":0.0,"cards_obtained":["Bite","Bite","Bite","Bite","Bite"]},{"damage_healed":0.0,"max_hp_gain":0.0,"max_hp_loss":0.0,"gold_gain":100.0,"event_name":"Golden Shrine","player_choice":"Pray","floor":24.0,"gold_loss":0.0,"damage_taken":0.0}],"is_beta":false,"boss_relics":[{"not_picked":["Mark of Pain","Ectoplasm"],"picked":"Busted Crown"}],"items_purged_floors":[4,14,20],"is_endless":false,"potions_floor_spawned":[1,5,13,18,21,22],"killed_by":"Book of Stabbing","ascension_level":11}}