{"host":"szp1d6dso4pv7ddl","time":1611798389,"event":{"mods":["AchievementEnabler","Alarm Clock","BaseMod","Bestiary","Block Reminder","Colored Map","Colored Powertips","Curses Come First","Dark Map","Displayed Cursed Tome","Highlight Path","Minty Spire (QoL Compilation)","Permanent Neow","Quick Restart","Relic Sorter","Relic Stats","StSLib","Synergy Search"],"gold_per_floor":[117,42,42,62,62,62,72,83,83,83,98,109,122,122,122,219,219,239,164,164,174,174,174,174,174,225,225,225,225,245,245,245,245,245],"floor_reached":33,"language":"ENG","playtime":832,"items_purged":["Warcry"],"score":235,"play_id":"6065fd55-8e4e-432a-816c-198f256d64e1","local_time":"20210127174629","is_ascension_mode":false,"campfire_choices":[{"data":"Bash","floor":6,"key":"SMITH"},{"data":"Strike_R","floor":10,"key":"SMITH"},{"floor":15,"key":"REST"},{"data":"True Grit","floor":23,"key":"SMITH"},{"data":"Offering","floor":25,"key":"SMITH"},{"data":"Strike_R","floor":29,"key":"SMITH"},{"data":"Anger","floor":32,"key":"SMITH"}],"circlet_count":0,"master_deck":["Strike_R","Strike_R","Strike_R+1","Strike_R+1","Defend_R","Defend_R","Defend_R","Bash+1","Anger+1","True Grit+1","Offering+1","Anger+1"],"relics":["Burning Blood","Pear","Thread and Needle","Sozu","Eternal Feather","Juzu Bracelet"],"acts_visited":["Exordium","TheCity"],"potions_floor_usage":[16,16,16,16],"damage_taken":[{"damage":1,"enemies":"Jaw Worm","floor":1,"turns":4},{"damage":6,"enemies":"Cultist","floor":4,"turns":3},{"damage":11,"enemies":"2 Louse","floor":7,"turns":3},{"damage":20,"enemies":"Looter","floor":8,"turns":3},{"damage":7,"enemies":"Blue Slaver","floor":11,"turns":2},{"damage":11,"enemies":"Red Slaver","floor":12,"turns":3},{"damage":18,"enemies":"Exordium Thugs","floor":13,"turns":3},{"damage":15,"enemies":"Slime Boss","floor":16,"turns":10},{"damage":11,"enemies":"Spheric Guardian","floor":18,"turns":4},{"damage":8,"enemies":"Chosen","floor":21,"turns":4},{"damage":11,"enemies":"Snake Plant","floor":30,"turns":4},{"damage":93,"enemies":"Automaton","floor":33,"turns":6}],"seed_played":"4364219242466924155","potions_obtained":[{"floor":8,"key":"EntropicBrew"},{"floor":11,"key":"SneckoOil"}],"is_trial":false,"path_per_floor":["M","$","?","M","$","R","M","M","T","R","M","M","M","?","R","B",null,"M","?","?","M","$","R","?","R","T","?","$","R","M","?","R","B"],"character_chosen":"IRONCLAD","items_purchased":[],"campfire_rested":1,"item_purchase_floors":[],"current_hp_per_floor":[80,80,80,80,80,80,75,61,71,71,70,65,53,35,62,71,90,85,85,85,83,83,83,83,89,89,89,89,90,85,85,90,0,0],"gold":245,"neow_bonus":"TRANSFORM_CARD","is_daily":false,"chose_seed":false,"campfire_upgraded":6,"win_rate":0.0,"timestamp":1611798389,"path_taken":["M","$","?","M","$","R","M","M","T","R","M","M","?","?","R","BOSS","M","?","?","M","$","R","?","R","T","?","$","R","M","?","R","BOSS"],"items_purchased_type":[],"build_version":"2020-12-22","purchased_purges":1,"victory":false,"max_hp_per_floor":[80,80,80,80,80,80,80,80,90,90,90,90,90,90,90,90,90,90,90,90,90,90,90,90,90,90,90,90,90,90,90,90,90,90],"relic_stats":{"Sozu":1,"counters":[12,49],"Eternal Feather":12,"Juzu Bracelet":1,"obtain_stats":[{"Sozu":17,"Pear":9,"Thread and Needle":14,"Eternal Feather":24,"Juzu Bracelet":26,"Burning Blood":0},{"Sozu":8,"Pear":4,"Thread and Needle":7,"Eternal Feather":10,"Juzu Bracelet":10,"Burning Blood":0},{"Sozu":31,"Pear":13,"Thread and Needle":21,"Eternal Feather":39,"Juzu Bracelet":39,"Burning Blood":0}],"Burning Blood":61},"card_choices":[{"not_picked":["Perfected Strike","Havoc"],"picked":"Anger","floor":1},{"not_picked":["Entrench","Havoc","Body Slam"],"picked":"SKIP","floor":4},{"not_picked":["Combust","Body Slam","Wild Strike"],"picked":"SKIP","floor":7},{"not_picked":["Twin Strike","Body Slam","Blood for Blood"],"picked":"SKIP","floor":8},{"not_picked":["Pommel Strike","Sentinel","Sword Boomerang"],"picked":"SKIP","floor":11},{"not_picked":["Reckless Charge","Cleave","Flex"],"picked":"SKIP","floor":12},{"not_picked":["True Grit","Twin Strike","Shockwave"],"picked":"SKIP","floor":13},{"not_picked":["Twin Strike","Shockwave"],"picked":"True Grit","floor":13},{"not_picked":["Immolate","Reaper"],"picked":"Offering","floor":16},{"not_picked":["Inflame","Cleave","Bloodletting"],"picked":"SKIP","floor":18},{"not_picked":["Iron Wave","Warcry","Carnage+1"],"picked":"SKIP","floor":21},{"not_picked":["Wild Strike+1","Clash"],"picked":"Anger","floor":30}],"player_experience":1299988,"relics_obtained":[{"floor":9,"key":"Pear"},{"floor":26,"key":"Juzu Bracelet"}],"event_choices":[{"damage_healed":0,"gold_gain":0,"player_choice":"Forge","damage_taken":0,"max_hp_gain":0,"max_hp_loss":0,"event_name":"Accursed Blacksmith","floor":3,"gold_loss":0,"cards_upgraded":["Anger"]},{"damage_healed":0,"gold_gain":0,"player_choice":"Success","damage_taken":18,"relics_obtained":["Thread and Needle"],"max_hp_gain":0,"max_hp_loss":0,"event_name":"Scrap Ooze","floor":14,"gold_loss":0},{"cards_removed":["Strike_R"],"damage_healed":0,"gold_gain":0,"player_choice":"Gave Gold","damage_taken":0,"max_hp_gain":0,"max_hp_loss":0,"event_name":"Beggar","floor":19,"gold_loss":75},{"damage_healed":0,"gold_gain":0,"player_choice":"Ignored","damage_taken":0,"max_hp_gain":0,"max_hp_loss":0,"event_name":"Ghosts","floor":20,"gold_loss":0},{"damage_healed":0,"gold_gain":0,"player_choice":"Gave Potion","damage_taken":0,"relics_obtained":["Eternal Feather"],"max_hp_gain":0,"max_hp_loss":0,"event_name":"WeMeetAgain","floor":24,"gold_loss":0},{"damage_healed":0,"gold_gain":0,"player_choice":"Ignored","damage_taken":0,"max_hp_gain":0,"max_hp_loss":0,"event_name":"Cursed Tome","floor":27,"gold_loss":0},{"damage_healed":0,"gold_gain":0,"player_choice":"0 cards matched","damage_taken":0,"max_hp_gain":0,"max_hp_loss":0,"event_name":"Match and Keep!","floor":31,"gold_loss":0,"cards_obtained":[]}],"is_beta":false,"boss_relics":[{"not_picked":["Philosopher\u0027s Stone","SlaversCollar"],"picked":"Sozu"}],"items_purged_floors":[2],"is_endless":false,"potions_floor_spawned":[8,11,30],"killed_by":"Automaton","ascension_level":0}}