{"host":"zsnmfqgcm92hlreo","time":1611826901,"event":{"mods":["AchievementEnabler","BaseMod","Bestiary","Block Reminder","Colored Powertips","Minty Spire (QoL Compilation)","Permanent Neow","Quick Restart","Relic Stats","Weighted Paths"],"gold_per_floor":[110,123,137,153,228,261,261,293,347,365,285,210,236,252,252,326,326,336,336,346,114,129,129,161,161,161,171,171,171,198,198,198,198,198],"floor_reached":33,"language":"ENG","playtime":1444,"items_purged":["Strike_P"],"score":760,"play_id":"b907ae9d-ac09-464c-8af7-d157381e9d8f","local_time":"20210128034141","is_ascension_mode":true,"campfire_choices":[{"floor":7.0,"key":"REST"},{"floor":15.0,"key":"RECALL"},{"floor":23.0,"key":"REST"},{"floor":25.0,"key":"REST"},{"floor":28.0,"key":"REST"},{"floor":32,"key":"REST"}],"circlet_count":0,"master_deck":["AscendersBane","Defend_P","Defend_P","Defend_P","Defend_P","Eruption","Vigilance","CarveReality","Consecrate+1","Wallop","JustLucky","Ragnarok","Consecrate","Consecrate","Wallop","Halt+1","SignatureMove","LessonLearned","Crescendo+1","RitualDagger","ThirdEye+1","LikeWater+1","ClearTheMind+1","Blasphemy+1","Sanctity+1","SpiritShield+1","Vengeance+1"],"relics":["Fusion Hammer","Toxic Egg 2","Kunai","Blood Vial","Strawberry","Black Star","Regal Pillow","WingedGreaves","Boot","Darkstone Periapt","Pocketwatch","Lizard Tail","FaceOfCleric"],"acts_visited":["Exordium","TheCity"],"potions_floor_usage":[30,33],"damage_taken":[{"damage":4.0,"enemies":"Jaw Worm","floor":1.0,"turns":6.0},{"damage":9.0,"enemies":"2 Louse","floor":2.0,"turns":2.0},{"damage":2.0,"enemies":"Small Slimes","floor":3.0,"turns":3.0},{"damage":4.0,"enemies":"Exordium Thugs","floor":4.0,"turns":2.0},{"damage":0.0,"enemies":"Gremlin Nob","floor":6.0,"turns":2.0},{"damage":0.0,"enemies":"Lagavulin","floor":8.0,"turns":4.0},{"damage":0.0,"enemies":"Lots of Slimes","floor":10.0,"turns":2.0},{"damage":0.0,"enemies":"Gremlin Nob","floor":13.0,"turns":2.0},{"damage":6.0,"enemies":"3 Louse","floor":14.0,"turns":2.0},{"damage":36.0,"enemies":"Slime Boss","floor":16.0,"turns":9.0},{"damage":22.0,"enemies":"Chosen","floor":18.0,"turns":4.0},{"damage":5.0,"enemies":"Spheric Guardian","floor":20.0,"turns":3.0},{"damage":21.0,"enemies":"Snake Plant","floor":22.0,"turns":4.0},{"damage":43.0,"enemies":"Slavers","floor":24.0,"turns":5.0},{"damage":24.0,"enemies":"Snecko","floor":27.0,"turns":5.0},{"damage":56,"enemies":"Gremlin Leader","floor":30,"turns":7},{"damage":107,"enemies":"Collector","floor":33,"turns":11}],"seed_played":"8580292175095646004","potions_obtained":[{"floor":1.0,"key":"Dexterity Potion"},{"floor":2.0,"key":"FearPotion"},{"floor":3.0,"key":"EntropicBrew"},{"floor":10.0,"key":"Energy Potion"},{"floor":22.0,"key":"DuplicationPotion"},{"floor":24.0,"key":"Dexterity Potion"},{"floor":27.0,"key":"Explosive Potion"}],"is_trial":false,"path_per_floor":["M","M","M","M","?","E","R","E","T","M","$","?","E","M","R","B",null,"M","?","M","$","M","R","E","R","T","M","R","?","E","?","R","B"],"character_chosen":"WATCHER","items_purchased":["Wallop","Regal Pillow"],"campfire_rested":5,"item_purchase_floors":[11,21],"current_hp_per_floor":[57,48,46,42,31,31,51,51,51,53,53,53,62,58,58,24,62,42,36,33,33,14,51,10,47,47,25,62,62,8,8,45,0,0],"gold":198,"neow_bonus":"BOSS_RELIC","is_daily":false,"chose_seed":false,"campfire_upgraded":0,"win_rate":0.0,"timestamp":1611826901,"path_taken":["M","M","M","M","?","E","R","E","T","M","$","?","E","M","R","BOSS","M","?","M","$","M","R","E","R","T","M","R","?","E","?","R","BOSS"],"items_purchased_type":["Card","Relic"],"build_version":"2020-12-22","purchased_purges":1,"victory":false,"max_hp_per_floor":[68,68,68,68,68,68,68,68,68,68,68,68,75,75,75,75,75,75,75,75,75,75,75,75,75,75,75,75,75,75,75,75,75,75],"relic_stats":{"Blood Vial":22,"Darkstone Periapt":0,"Regal Pillow":60,"Lizard Tail":37,"FaceOfCleric":0,"counters":[17,73],"Black Star":2,"Kunai":[29],"Boot":[19],"obtain_stats":[{"Darkstone Periapt":26,"Regal Pillow":21,"Boot":24,"Blood Vial":9,"Lizard Tail":30,"FaceOfCleric":31,"Strawberry":13,"Fusion Hammer":0,"WingedGreaves":24,"Black Star":17,"Kunai":8,"PureWater":0,"Toxic Egg 2":6,"Pocketwatch":30},{"Darkstone Periapt":14,"Regal Pillow":12,"Boot":14,"Blood Vial":6,"Lizard Tail":16,"FaceOfCleric":16,"Strawberry":8,"Fusion Hammer":0,"WingedGreaves":14,"Black Star":10,"Kunai":6,"PureWater":0,"Toxic Egg 2":5,"Pocketwatch":16},{"Darkstone Periapt":50,"Regal Pillow":41,"Boot":50,"Blood Vial":19,"Lizard Tail":62,"FaceOfCleric":62,"Strawberry":23,"Fusion Hammer":0,"WingedGreaves":50,"Black Star":34,"Kunai":19,"PureWater":0,"Toxic Egg 2":15,"Pocketwatch":62}],"Pocketwatch":[8]},"card_choices":[{"not_picked":["Meditate","CutThroughFate"],"picked":"CarveReality","floor":1.0},{"not_picked":["Vengeance","FollowUp"],"picked":"Consecrate","floor":2.0},{"not_picked":["CrushJoints","Prostrate"],"picked":"Wallop","floor":3.0},{"not_picked":["SashWhip","Fasting2"],"picked":"JustLucky","floor":4.0},{"not_picked":["EmptyBody+1","WaveOfTheHand+1"],"picked":"Ragnarok","floor":6.0},{"not_picked":["Meditate+1","ClearTheMind+1"],"picked":"Consecrate","floor":8.0},{"not_picked":["FlyingSleeves","ThirdEye+1"],"picked":"Consecrate","floor":10.0},{"not_picked":["Collect+1","Pray+1"],"picked":"Halt+1","floor":13.0},{"not_picked":["BowlingBash","PathToVictory+1"],"picked":"SignatureMove","floor":14.0},{"not_picked":["ConjureBlade+1","Vault+1"],"picked":"LessonLearned","floor":16.0},{"not_picked":["Fasting2","Indignation+1"],"picked":"Crescendo+1","floor":18.0},{"not_picked":["FollowUp+1","JustLucky"],"picked":"ThirdEye+1","floor":20.0},{"not_picked":["FlyingSleeves","BowlingBash+1"],"picked":"LikeWater+1","floor":22.0},{"not_picked":["Consecrate","CutThroughFate"],"picked":"ClearTheMind+1","floor":24.0},{"not_picked":["JustLucky+1","WheelKick"],"picked":"Blasphemy+1","floor":27.0},{"not_picked":["Meditate+1","JustLucky"],"picked":"Vengeance+1","floor":30}],"player_experience":913014,"relics_obtained":[{"floor":6.0,"key":"Toxic Egg 2"},{"floor":8.0,"key":"Kunai"},{"floor":9.0,"key":"Blood Vial"},{"floor":13.0,"key":"Strawberry"},{"floor":24.0,"key":"WingedGreaves"},{"floor":24.0,"key":"Boot"},{"floor":26.0,"key":"Darkstone Periapt"},{"floor":30,"key":"Pocketwatch"},{"floor":30,"key":"Lizard Tail"}],"event_choices":[{"damage_healed":0.0,"max_hp_gain":0.0,"max_hp_loss":0.0,"gold_gain":75.0,"event_name":"World of Goop","player_choice":"Gather Gold","floor":5.0,"gold_loss":0.0,"damage_taken":11.0},{"cards_removed":["Strike_P"],"damage_healed":0.0,"max_hp_gain":0.0,"max_hp_loss":0.0,"gold_gain":0.0,"event_name":"The Cleric","player_choice":"Card Removal","floor":12.0,"gold_loss":75.0,"damage_taken":0.0},{"damage_healed":0.0,"max_hp_gain":0.0,"max_hp_loss":0.0,"gold_gain":0.0,"event_name":"Nest","player_choice":"Joined the Cult","floor":19.0,"gold_loss":0.0,"damage_taken":6.0,"cards_obtained":["RitualDagger"]},{"damage_healed":0.0,"max_hp_gain":0.0,"max_hp_loss":0.0,"gold_gain":0.0,"cards_transformed":["Strike_P","Strike_P"],"event_name":"Drug Dealer","player_choice":"Became Test Subject","floor":29.0,"gold_loss":0.0,"damage_taken":0.0,"cards_obtained":["Sanctity","SpiritShield"]},{"damage_healed":0,"gold_gain":0,"player_choice":"Trade","damage_taken":0,"relics_obtained":["FaceOfCleric"],"max_hp_gain":0,"max_hp_loss":0,"event_name":"FaceTrader","floor":31,"gold_loss":0}],"is_beta":false,"boss_relics":[{"not_picked":["SacredBark","Calling Bell"],"picked":"Black Star"}],"items_purged_floors":[21],"is_endless":false,"potions_floor_spawned":[1,2,3,10,22,24,27],"killed_by":"Collector","ascension_level":20}}