{"host":"rolltorest","time":1611875008,"event":{"mods":["BaseMod","Jorbs\u0027s Wanderer Trilogy","Koishi","Minty Spire (QoL Compilation)","Relic Stats","Robot Space Explorer","Slay the Relics Exporter","StSLib","The Servant 0.9.4"],"gold_per_floor":[112,112,124,49,61,61,87,87,87,103,129,129,142,162,162,240,240,256,276,276,295,63,89,89,89,89,89,139,153,183,202,202,273,273,293,313,53,67,67,101,101,119,119,132,142,175,185,185,185,185,185,185,185,7,39,39],"floor_reached":57,"language":"ENG","playtime":4096,"items_purged":["Strike_S","Strike_S+1","Strike_S+1"],"score":3232,"play_id":"f2aecde5-7822-436f-965d-5c70dadc1e94","local_time":"20210128150328","is_ascension_mode":true,"campfire_choices":[{"data":"Hightail","floor":6,"key":"SMITH"},{"data":"Initiator","floor":15,"key":"SMITH"},{"data":"FloweringNight","floor":25,"key":"SMITH"},{"data":"Hightail","floor":32,"key":"SMITH"},{"floor":49,"key":"RECALL"},{"data":"RealityMarble","floor":53,"key":"SMITH"}],"circlet_count":0,"master_deck":["AscendersBane","Strike_S+1","Defend_S+1","Defend_S+1","Defend_S+1","KidneyShot","Exchange","Hightail+1","DoubleEdge","Luminosity","Gouge","Hightail+1","Initiator+1","RealityMarble+1","SpecialFormula","FloweringNight+1","Moonlight","Manipulate","ShiftingGears","Alleviate","BottledTime","Rearm","Rewind+1","Dilation","MoonPhase+1","Alleviate+1","SilverMatrix+1","Reset+1","ShatteredReality+1","Collapse","Luminosity+1","Defy","FlawlessForm+1"],"relics":["Uniform","NeowsBlessing","Torii","Ornamental Fan","Anchor","Coffee Dripper","OrangePellets","PaperSwan","CaptainsWheel","Enchiridion","Frozen Egg 2","MysterySword","Ancient Tea Set","Omamori","Bag of Preparation"],"acts_visited":["Exordium","TheCity","TheBeyond","TheEnding"],"potions_floor_usage":[23,23,40,45,55,56],"damage_taken":[{"damage":0,"enemies":"Cultist","floor":1,"turns":1},{"damage":0,"enemies":"2 Louse","floor":3,"turns":2},{"damage":0,"enemies":"Small Slimes","floor":5,"turns":1},{"damage":9,"enemies":"3 Sentries","floor":7,"turns":13},{"damage":0,"enemies":"Looter","floor":10,"turns":3},{"damage":0,"enemies":"Lagavulin","floor":11,"turns":8},{"damage":1,"enemies":"3 Louse","floor":13,"turns":4},{"damage":0,"enemies":"Red Slaver","floor":14,"turns":3},{"damage":0,"enemies":"Hexaghost","floor":16,"turns":11},{"damage":0,"enemies":"Spheric Guardian","floor":18,"turns":3},{"damage":1,"enemies":"2 Thieves","floor":19,"turns":4},{"damage":9,"enemies":"Snake Plant","floor":21,"turns":3},{"damage":27,"enemies":"Slavers","floor":23,"turns":9},{"damage":0,"enemies":"Snecko","floor":29,"turns":5},{"damage":0,"enemies":"Gremlin Leader","floor":30,"turns":5},{"damage":0,"enemies":"Cultist and Chosen","floor":31,"turns":6},{"damage":0,"enemies":"Collector","floor":33,"turns":11},{"damage":17,"enemies":"3 Shapes","floor":35,"turns":5},{"damage":0,"enemies":"3 Darklings","floor":36,"turns":8},{"damage":7,"enemies":"4 Shapes","floor":38,"turns":5},{"damage":39,"enemies":"Reptomancer","floor":40,"turns":9},{"damage":0,"enemies":"Spire Growth","floor":42,"turns":4},{"damage":0,"enemies":"Maw","floor":44,"turns":7},{"damage":1,"enemies":"Writhing Mass","floor":45,"turns":6},{"damage":0,"enemies":"Giant Head","floor":46,"turns":8},{"damage":0,"enemies":"3 Darklings","floor":47,"turns":4},{"damage":0,"enemies":"Time Eater","floor":50,"turns":13},{"damage":15,"enemies":"Awakened One","floor":51,"turns":17},{"damage":26,"enemies":"Shield and Spear","floor":55,"turns":9},{"damage":0,"enemies":"The Heart","floor":56,"turns":10}],"seed_played":"-2434562525835515498","potions_obtained":[{"floor":5,"key":"DuplicationPotion"},{"floor":11,"key":"Swift Potion"},{"floor":23,"key":"FearPotion"},{"floor":29,"key":"Ancient Potion"},{"floor":31,"key":"DuplicationPotion"},{"floor":42,"key":"AttackPotion"},{"floor":55,"key":"SkillPotion"}],"is_trial":false,"path_per_floor":["M","$","M","$","M","R","E","?","T","M","E","$","M","M","R","B",null,"M","M","?","M","$","E","?","R","T","?","?","M","E","M","R","B",null,"M","M","$","M","?","E","?","M","T","M","M","E","M","?","R","B","B",null,"R","$","E","B",null],"character_chosen":"THE_SERVANT","items_purchased":["Luminosity","OrangePellets","SilverMatrix+1","SkillPotion"],"campfire_rested":0,"item_purchase_floors":[4,22,37,54],"current_hp_per_floor":[54,54,54,54,54,54,45,45,45,45,45,45,44,44,44,44,56,56,55,55,46,46,24,24,24,24,3,3,3,8,13,13,18,50,38,43,43,41,41,7,7,12,12,17,21,26,26,26,26,31,21,48,48,48,27,32],"gold":39,"neow_bonus":"THREE_ENEMY_KILL","is_daily":false,"chose_seed":false,"campfire_upgraded":5,"win_rate":0.0,"timestamp":1611875008,"path_taken":["M","$","M","$","?","R","E","?","T","M","E","?","?","M","R","BOSS","M","M","?","M","$","E","?","R","T","?","?","M","E","?","R","BOSS","M","M","$","M","?","E","?","M","T","M","M","E","M","?","R","BOSS","BOSS","R","$","E","BOSS"],"items_purchased_type":["Card","Relic","Card","Potion"],"build_version":"2020-12-18","purchased_purges":3,"victory":true,"max_hp_per_floor":[60,60,60,60,60,60,60,60,60,60,60,60,60,60,60,60,60,60,60,60,60,60,60,60,60,60,60,60,60,60,60,60,60,60,60,60,60,60,60,60,60,60,60,60,60,60,60,57,57,57,57,57,57,57,57,57],"relic_stats":{"OrangePellets":[71],"Torii":83,"counters":[30,197],"Ornamental Fan":[244],"Bag of Preparation":[2],"obtain_stats":[{"NeowsBlessing":0,"Torii":7,"Enchiridion":27,"Uniform":0,"Omamori":46,"Bag of Preparation":55,"PaperSwan":23,"Frozen Egg 2":30,"Ancient Tea Set":40,"OrangePellets":22,"Anchor":11,"CaptainsWheel":26,"Ornamental Fan":9,"MysterySword":34,"Coffee Dripper":17},{"NeowsBlessing":0,"Torii":4,"Enchiridion":13,"Uniform":0,"Omamori":25,"Bag of Preparation":29,"PaperSwan":13,"Frozen Egg 2":15,"Ancient Tea Set":21,"OrangePellets":12,"Anchor":6,"CaptainsWheel":13,"Ornamental Fan":4,"MysterySword":17,"Coffee Dripper":9},{"NeowsBlessing":0,"Torii":17,"Enchiridion":65,"Uniform":0,"Omamori":144,"Bag of Preparation":187,"PaperSwan":65,"Frozen Egg 2":75,"Ancient Tea Set":119,"OrangePellets":56,"Anchor":28,"CaptainsWheel":65,"Ornamental Fan":17,"MysterySword":92,"Coffee Dripper":46}]},"card_choices":[{"not_picked":["Replace","TimeWarp"],"picked":"Hightail","floor":1},{"not_picked":["Revamp","Rewind"],"picked":"DoubleEdge","floor":3},{"not_picked":["Rearm","Starlight"],"picked":"Gouge","floor":5},{"not_picked":["Revamp","Comet"],"picked":"Hightail","floor":7},{"not_picked":["Replace","InstantArmor"],"picked":"Initiator","floor":10},{"not_picked":["ShiftingGears","Rewind","Unruled"],"picked":"SKIP","floor":11},{"not_picked":["Rearm","Replace"],"picked":"RealityMarble","floor":13},{"not_picked":["Potential","GearUp"],"picked":"SpecialFormula","floor":14},{"not_picked":["Duplication","Solidify"],"picked":"FloweringNight","floor":16},{"not_picked":["FastForward","Alleviate"],"picked":"Moonlight","floor":18},{"not_picked":["ShatteredReality+1","Alleviate"],"picked":"Manipulate","floor":19},{"not_picked":["Ricochet","Starlight"],"picked":"ShiftingGears","floor":21},{"not_picked":["TimeWarp","Ricochet"],"picked":"Alleviate","floor":23},{"not_picked":["Potential+1","InstantArmor"],"picked":"BottledTime","floor":29},{"not_picked":["Starlight+1","Reset"],"picked":"Rearm","floor":30},{"not_picked":["Deadline","Alleviate"],"picked":"Rewind+1","floor":31},{"not_picked":["FloweringNight+1","Duplication"],"picked":"Dilation","floor":33},{"not_picked":["TimeWarp","Alleviate"],"picked":"MoonPhase+1","floor":35},{"not_picked":["Misdirection","Potential+1"],"picked":"Alleviate+1","floor":36},{"not_picked":["ReturningBlade","ShiftingGears"],"picked":"Reset+1","floor":38},{"not_picked":["Revamp","Dilation","Starlight"],"picked":"SKIP","floor":40},{"not_picked":["ReturningBlade","Spin"],"picked":"ShatteredReality+1","floor":42},{"not_picked":["Rewind","Replace"],"picked":"Collapse","floor":44},{"not_picked":["Ricochet","DoubleEdge","ShatteredReality"],"picked":"SKIP","floor":45},{"not_picked":["Deadline","Rewind"],"picked":"Luminosity+1","floor":46},{"not_picked":["SurpressingFire+1","TimeWarp"],"picked":"Defy","floor":47},{"not_picked":["Unruled","Alleviate+1"],"picked":"FlawlessForm+1","floor":55}],"player_experience":2263142,"relics_obtained":[{"floor":7,"key":"Torii"},{"floor":9,"key":"Ornamental Fan"},{"floor":11,"key":"Anchor"},{"floor":23,"key":"PaperSwan"},{"floor":26,"key":"CaptainsWheel"},{"floor":27,"key":"Enchiridion"},{"floor":30,"key":"Frozen Egg 2"},{"floor":40,"key":"Ancient Tea Set"},{"floor":46,"key":"Omamori"},{"floor":55,"key":"Bag of Preparation"}],"event_choices":[{"cards_removed":["Defend_S"],"damage_healed":0,"gold_gain":0,"player_choice":"Purged","damage_taken":0,"max_hp_gain":0,"max_hp_loss":0,"event_name":"Purifier","floor":8,"gold_loss":0},{"damage_healed":0,"gold_gain":0,"player_choice":"Ignored","damage_taken":0,"max_hp_gain":0,"max_hp_loss":0,"event_name":"Ghosts","floor":20,"gold_loss":0},{"damage_healed":0,"gold_gain":0,"player_choice":"Simplicity","damage_taken":0,"max_hp_gain":0,"max_hp_loss":0,"event_name":"Back to Basics","floor":24,"gold_loss":0,"cards_upgraded":["Strike_S","Strike_S","Strike_S","Defend_S","Defend_S","Defend_S"]},{"damage_healed":0,"gold_gain":0,"player_choice":"Obtained Book","damage_taken":21,"max_hp_gain":0,"max_hp_loss":0,"event_name":"Cursed Tome","floor":27,"gold_loss":0},{"damage_healed":0,"gold_gain":50,"player_choice":"Pray","damage_taken":0,"max_hp_gain":0,"max_hp_loss":0,"event_name":"Golden Shrine","floor":28,"gold_loss":0},{"damage_healed":0,"gold_gain":0,"player_choice":"Ignored","damage_taken":0,"max_hp_gain":0,"max_hp_loss":0,"event_name":"Mysterious Sphere","floor":39,"gold_loss":0},{"damage_healed":0,"gold_gain":0,"player_choice":"Memory 1","damage_taken":0,"max_hp_gain":0,"max_hp_loss":0,"event_name":"SensoryStone","floor":41,"gold_loss":0},{"damage_healed":0,"gold_gain":0,"player_choice":"Max HP","damage_taken":0,"max_hp_gain":0,"max_hp_loss":3,"event_name":"Winding Halls","floor":48,"gold_loss":0}],"is_beta":true,"boss_relics":[{"not_picked":["SplendidAttire","Runic Dome"],"picked":"Coffee Dripper"},{"not_picked":["Fusion Hammer","Runic Pyramid"],"picked":"MysterySword"}],"items_purged_floors":[22,37,54],"is_endless":false,"potions_floor_spawned":[5,11,14,16,18,23,29,31,35,36,42,55],"ascension_level":20}}