{"host":"knoo6yq0od847mqf","time":1611851468,"event":{"mods":["100% Spire Juice","BaseMod","Downfall","Fiend Mod","Hubris","Koishi","Marisa????????","Minty Spire (QoL Compilation)","Replay The Spire","Spire Arcade","StSLib","The Alterego","The Blackbeard","The Bug Knight","The Marked","Wandering Minibosses","Yuri Mod"],"gold_per_floor":[18,36,54,64,14,14,14,28,28,41,41,96,96,152,152,274,274,308,345,345,345,395,395,441,471,471,516,516,78,78,205,205,224,224,78,123,159,159,159,212,245,245,245,245,245,270,270,270],"floor_reached":50,"language":"ENG","playtime":1651,"items_purged":[],"score":498,"play_id":"91f8b615-7809-4416-869d-fb223b40ce3b","local_time":"20210128173108","is_ascension_mode":false,"campfire_choices":[{"data":"blackbeard:ChaoticDefense","floor":6,"key":"SMITH"},{"data":"blackbeard:GoldenDefense","floor":11,"key":"SMITH"},{"floor":23,"key":"REST"},{"floor":25,"key":"REST"},{"data":"blackbeard:Parrot","floor":28,"key":"SMITH"},{"floor":32,"key":"REST"},{"floor":40,"key":"REST"},{"data":"blackbeard:DoubleBottom","floor":46,"key":"SMITH"},{"data":"blackbeard:InfiniteBarrage","floor":49,"key":"SMITH"}],"circlet_count":0,"master_deck":["yuri:NoEscape+1","blackbeard:BlackbeardStrike","blackbeard:BlackbeardStrike","blackbeard:BlackbeardStrike","blackbeard:BlackbeardStrike","blackbeard:IntimidatingStrike","blackbeard:BlackbeardDefend","blackbeard:BlackbeardDefend","blackbeard:BlackbeardDefend+1","blackbeard:Cutlass","blackbeard:JollyRoger","blackbeard:RearmingStrike","blackbeard:BeatUp","blackbeard:ChaoticDefense+1","blackbeard:GoldenDefense+1","blackbeard:Bandana","blackbeard:RemoveScurvy","blackbeard:InfiniteBarrage+1","blackbeard:Spear+1","blackbeard:Parrot+1","blackbeard:GoldenStrike","blackbeard:DoubleBottom+1","Necronomicurse","blackbeard:SmithingHammer+1","blackbeard:GoldenStrike","blackbeard:ReapersScythe+1","blackbeard:GoldenRain","blackbeard:PiratesWill+1","blackbeard:GoldenDefense+1","blackbeard:Murder","blackbeard:SmithingHammer+1"],"relics":["blackbeard:LoadTheCannons","Replay:Multitool","Blue Candle","Sundial","hubris:TinFlute","hubris:Icosahedron","hubris:Teleporter","ChewingGum","Necronomicon","Omamori","hubris:GlazedTorus","Philosopher\u0027s Stone","War Paint","Replay:Baseball"],"acts_visited":["Exordium","TheCity","TheBeyond"],"potions_floor_usage":[19,50,50,50],"damage_taken":[{"damage":0,"enemies":"Small Slimes","floor":1,"turns":2},{"damage":1,"enemies":"Jaw Worm","floor":2,"turns":3},{"damage":0,"enemies":"2 Louse","floor":3,"turns":3},{"damage":0,"enemies":"Lots of Slimes","floor":4,"turns":2},{"damage":11,"enemies":"3 Louse","floor":8,"turns":2},{"damage":3,"enemies":"Exordium Wildlife","floor":10,"turns":2},{"damage":10,"enemies":"HollowMod:MossKnight","floor":12,"turns":6},{"damage":21,"enemies":"Lagavulin","floor":14,"turns":6},{"damage":21,"enemies":"Slime Boss","floor":16,"turns":8},{"damage":26,"enemies":"2 Thieves","floor":18,"turns":4},{"damage":21,"enemies":"Centurion and Healer","floor":19,"turns":4},{"damage":2,"enemies":"Snake Plant","floor":27,"turns":5},{"damage":7,"enemies":"Sentry and Sphere","floor":29,"turns":6},{"damage":1,"enemies":"Champ","floor":33,"turns":7},{"damage":12,"enemies":"Orb Walker","floor":35,"turns":3},{"damage":26,"enemies":"3 Darklings","floor":38,"turns":5},{"damage":16,"enemies":"Writhing Mass","floor":39,"turns":5},{"damage":0,"enemies":"Maw","floor":44,"turns":5},{"damage":73,"enemies":"Replay:Hell Engine","floor":50,"turns":7}],"seed_played":"7306328709286645783","potions_obtained":[{"floor":1,"key":"hexamod:SoulburnPotion"},{"floor":4,"key":"bronze:BurnAndBuffPotion"},{"floor":10,"key":"Weak Potion"},{"floor":19,"key":"Swift Potion"},{"floor":27,"key":"champ:CounterPotion"}],"is_trial":false,"path_per_floor":["M","M","M","M","?","R","?","M","T","M","R","E","?","E","R","B",null,"M","M","?","R","?","R","T","M","R","M","?","$","R","B",null,"M","?","$","M","M","R","?","T","M","?","R","?","R","B"],"character_chosen":"BLACKBEARD_CLASS","items_purchased":["hubris:GlazedTorus","blackbeard:ReapersScythe","War Paint"],"campfire_rested":4,"item_purchase_floors":[31,31,37],"current_hp_per_floor":[75,74,74,74,74,74,69,58,58,55,55,50,50,34,56,40,75,54,33,17,39,39,61,61,64,64,62,48,48,72,76,80,68,68,68,47,36,60,60,60,65,65,65,65,65,0,0,0],"gold":270,"neow_bonus":"ONE_RARE_RELIC","is_daily":false,"chose_seed":false,"campfire_upgraded":5,"win_rate":0.0,"timestamp":1611851468,"path_taken":["M","M","M","M","?","R","?","M","T","M","R","E","?","E","R","BOSS","M","M","?","R","?","R","T","?","R","M","?","$","R","BOSS","M","?","$","M","?","R","?","T","?","?","R","?","R","BOSS"],"items_purchased_type":["Relic","Card","Relic"],"build_version":"2020-12-22","purchased_purges":0,"victory":false,"max_hp_per_floor":[75,75,75,75,75,75,75,75,75,75,75,75,75,75,75,75,75,75,75,75,75,75,75,75,75,75,75,80,80,80,80,80,80,80,80,80,80,80,80,80,80,80,80,76,76,76,76,76],"card_choices":[{"not_picked":["blackbeard:Sword","blackbeard:Upgrade"],"picked":"blackbeard:JollyRoger","floor":1},{"not_picked":["blackbeard:WiseDefense","blackbeard:BrownPants"],"picked":"blackbeard:RearmingStrike","floor":2},{"not_picked":["blackbeard:PiratesWill","blackbeard:TacticalRetreat"],"picked":"blackbeard:BeatUp","floor":3},{"not_picked":["blackbeard:Shrapnel","blackbeard:Sword"],"picked":"blackbeard:ChaoticDefense","floor":4},{"not_picked":["blackbeard:Upgrade","blackbeard:Toast"],"picked":"blackbeard:Bandana","floor":8},{"not_picked":["blackbeard:WiseDefense","blackbeard:FishingNets"],"picked":"blackbeard:RemoveScurvy","floor":10},{"not_picked":["blackbeard:CloakAndCannonball","blackbeard:Recklessness"],"picked":"blackbeard:InfiniteBarrage","floor":12},{"not_picked":["blackbeard:Fencing","blackbeard:FishingNets"],"picked":"blackbeard:Spear","floor":14},{"not_picked":["blackbeard:HumongousCannonball","blackbeard:BoostMorale"],"picked":"blackbeard:Parrot","floor":16},{"not_picked":["blackbeard:DangerousBlow","blackbeard:PirateHook"],"picked":"blackbeard:GoldenStrike","floor":18},{"not_picked":["blackbeard:SwordDance","blackbeard:CloakAndCannonball"],"picked":"blackbeard:DoubleBottom","floor":19},{"not_picked":["blackbeard:BlindAttacks","blackbeard:CloakAndCannonball"],"picked":"blackbeard:SmithingHammer","floor":27},{"not_picked":["blackbeard:DangerousBlow+1","blackbeard:Shrapnel"],"picked":"blackbeard:GoldenStrike","floor":29},{"not_picked":["blackbeard:Salvager","blackbeard:HumongousCannonball"],"picked":"blackbeard:GoldenRain","floor":33},{"not_picked":["blackbeard:Upgrade+1","blackbeard:GoldenStrike"],"picked":"blackbeard:PiratesWill+1","floor":35},{"not_picked":["blackbeard:CaptainsCabin","blackbeard:Scrap+1"],"picked":"blackbeard:GoldenDefense+1","floor":38},{"not_picked":["blackbeard:WeaponProficiency","blackbeard:DeadlyArsenal","blackbeard:BlindAttacks+1"],"picked":"SKIP","floor":39},{"not_picked":["blackbeard:GoldenStrike+1","blackbeard:Dagger"],"picked":"blackbeard:SmithingHammer+1","floor":44}],"player_experience":216848,"relics_obtained":[{"floor":9,"key":"Sundial"},{"floor":12,"key":"hubris:TinFlute"},{"floor":14,"key":"hubris:Teleporter"},{"floor":21,"key":"Necronomicon"},{"floor":26,"key":"Omamori"},{"floor":43,"key":"Replay:Baseball"}],"event_choices":[{"damage_healed":0,"gold_gain":0,"player_choice":"blackbeard:GoldenDefense","damage_taken":0,"max_hp_gain":0,"max_hp_loss":0,"event_name":"blackbeard:GoldsmithEvent","floor":5,"gold_loss":0,"cards_obtained":["blackbeard:GoldenDefense"]},{"damage_healed":0,"gold_gain":0,"player_choice":"Obtained Book","damage_taken":16,"max_hp_gain":0,"max_hp_loss":0,"event_name":"Cursed Tome","floor":21,"gold_loss":0},{"damage_healed":0,"gold_gain":100,"player_choice":"Bet on Murderer","damage_taken":0,"max_hp_gain":0,"max_hp_loss":0,"event_name":"The Joust","floor":24,"gold_loss":50},{"damage_healed":0,"gold_gain":0,"player_choice":"Shed Blood","damage_taken":19,"max_hp_gain":5,"max_hp_loss":0,"event_name":"Forgotten Altar","floor":30,"gold_loss":0},{"damage_healed":0,"gold_gain":0,"player_choice":"Bought 0 Potions","damage_taken":0,"max_hp_gain":0,"max_hp_loss":0,"event_name":"The Woman in Blue","floor":36,"gold_loss":0},{"damage_healed":0,"gold_gain":0,"player_choice":"2 cards matched","damage_taken":0,"max_hp_gain":0,"max_hp_loss":0,"event_name":"Match and Keep!","floor":41,"gold_loss":0,"cards_obtained":["ReplayTheSpireMod:Restless Dread","blackbeard:Murder"]},{"damage_healed":0,"gold_gain":0,"player_choice":"Max HP","damage_taken":0,"max_hp_gain":0,"max_hp_loss":4,"event_name":"Winding Halls","floor":47,"gold_loss":0}],"is_beta":false,"boss_relics":[{"not_picked":["Fiend:Scarf","Astrolabe"],"picked":"ChewingGum"},{"not_picked":["hubris:GrandSneckoEye","ReplayTheSpireMod:DimensionalGlitch"],"picked":"Philosopher\u0027s Stone"}],"items_purged_floors":[],"is_endless":false,"potions_floor_spawned":[1,4,10,19,27,29,35],"killed_by":"Replay:Hell Engine","ascension_level":0}}