{"host":"vyiqbz5w606ur92t","time":1611860129,"event":{"mods":["BaseMod","Downfall","Minty Spire (QoL Compilation)","StSLib"],"gold_per_floor":[99,113,168,179,191,210,210,226,261,61,73,101,101,135,154,259,259,259,276,276,286,304,318,387,414,430,441,441,441,454,484,495,599,599,499,518,518,77,77,87,165,200,252,268,268,288,128,163,178,178,178,207,30,30,30,30],"floor_reached":57,"language":"ENG","playtime":6920,"items_purged":["bronze:Strike","bronze:Strike"],"score":1405,"play_id":"3b86fe33-ec08-4d25-984f-5af70e994168","local_time":"20210128185529","is_ascension_mode":false,"campfire_choices":[{"data":"bronze:Goto","floor":1.0,"key":"SMITH"},{"data":"bronze:ItsAFeature","floor":10.0,"key":"SMITH"},{"data":"bronze:Virus","floor":13.0,"key":"SMITH"},{"data":"bronze:Philosophize","floor":18.0,"key":"SMITH"},{"floor":29.0,"key":"RECALL"},{"data":"bronze:Verify","floor":35.0,"key":"SMITH"},{"data":"bronze:Strike","floor":45.0,"key":"PURGE"},{"data":"bronze:Return","floor":54.0,"key":"SMITH"}],"circlet_count":0,"master_deck":["bronze:Defend","bronze:Defend","bronze:Defend","bronze:Defend","bronze:Replicate","bronze:Goto+1","bronze:Separator+1","bronze:WhirlingStrike","bronze:AlphaBuild","bronze:ItsAFeature+1","bronze:Flail+1","bronze:Virus+1","bronze:Philosophize+1","bronze:Return+1","bronze:Verify+1","bronze:WildBeam","bronze:BurnOut","bronze:ClassDefault+1","bronze:OilSpill+1","bronze:BugBarrage","Ghostly+1","Ghostly+1","Ghostly+1","Ghostly+1","Ghostly+1","bronze:Terminator+1","bronze:Overload+1","bronze:Philosophize+1","bronze:FindAndReplace+1","bronze:FineTuning+1","bronze:Shield+1","expansioncontent:PrepareCrush+1","bronze:Constructor+1","bronze:GetLatest+1","bronze:BugBarrage+1","bronze:Repulsor+1","bronze:FineTuning+1","bronze:BuggyMess+1","bronze:Iterate","bronze:FindAndReplace+1","bronze:Constructor+1","bronze:FineTuning+1"],"relics":["bronze:BronzeCore","Thread and Needle","Ice Cream","downfall:HeartBlessingGreen","downfall:HeartBlessingBlue","Blue Candle","Anchor","bronze:MakeshiftBattery","Toxic Egg 2","Peace Pipe","Whetstone","expansioncontent:StudyCardRelic","downfall:HeartBlessingRed","Potion Belt","Letter Opener","Kunai","Lizard Tail","Medical Kit","Nunchaku","Meat on the Bone","Ginger","Lantern"],"acts_visited":["Exordium","TheCity","TheBeyond","TheEnding"],"potions_floor_usage":[56],"damage_taken":[{"damage":2.0,"enemies":"Jaw Worm","floor":2.0,"turns":4.0},{"damage":10.0,"enemies":"Gremlin Nob","floor":3.0,"turns":3.0},{"damage":0.0,"enemies":"2 Louse","floor":4.0,"turns":2.0},{"damage":0.0,"enemies":"Small Slimes","floor":5.0,"turns":2.0},{"damage":0.0,"enemies":"2 Fungi Beasts","floor":6.0,"turns":2.0},{"damage":9.0,"enemies":"3 Louse","floor":8.0,"turns":2.0},{"damage":20.0,"enemies":"Lagavulin","floor":9.0,"turns":5.0},{"damage":0.0,"enemies":"Blue Slaver","floor":11.0,"turns":3.0},{"damage":7.0,"enemies":"3 Sentries","floor":12.0,"turns":3.0},{"damage":2.0,"enemies":"Lagavulin","floor":14.0,"turns":6.0},{"damage":0.0,"enemies":"Exordium Thugs","floor":15.0,"turns":2.0},{"damage":35.0,"enemies":"SI_SHIV_ARCHETYPE","floor":16.0,"turns":8.0},{"damage":0.0,"enemies":"Spheric Guardian","floor":19.0,"turns":3.0},{"damage":6.0,"enemies":"Snake Plant","floor":21.0,"turns":4.0},{"damage":0.0,"enemies":"Snecko","floor":22.0,"turns":3.0},{"damage":0.0,"enemies":"Sentry and Sphere","floor":23.0,"turns":2.0},{"damage":16.0,"enemies":"Gremlin Leader","floor":25.0,"turns":4.0},{"damage":0.0,"enemies":"Cultist and Chosen","floor":26.0,"turns":3.0},{"damage":4.0,"enemies":"Shelled Parasite and Fungi","floor":27.0,"turns":2.0},{"damage":0.0,"enemies":"Snake Plant","floor":30.0,"turns":5.0},{"damage":0.0,"enemies":"Slavers","floor":31.0,"turns":5.0},{"damage":0.0,"enemies":"Chosen and Byrds","floor":32.0,"turns":5.0},{"damage":7.0,"enemies":"WA_ARCHETYPE_CALM","floor":33.0,"turns":9.0},{"damage":5.0,"enemies":"3 Shapes","floor":36.0,"turns":6.0},{"damage":1.0,"enemies":"downfall:FleeingMerchant","floor":38.0,"turns":4.0},{"damage":0.0,"enemies":"3 Darklings","floor":40.0,"turns":3.0},{"damage":27.0,"enemies":"Nemesis","floor":42.0,"turns":7.0},{"damage":15.0,"enemies":"2 Orb Walkers","floor":43.0,"turns":3.0},{"damage":0.0,"enemies":"Maw","floor":44.0,"turns":5.0},{"damage":0.0,"enemies":"Sphere and 2 Shapes","floor":46.0,"turns":3.0},{"damage":1.0,"enemies":"downfall:FleeingMerchant","floor":47.0,"turns":3.0},{"damage":0.0,"enemies":"Reptomancer","floor":48.0,"turns":4.0},{"damage":0.0,"enemies":"4 Shapes","floor":49.0,"turns":4.0},{"damage":0.0,"enemies":"IC_BLOCK_ARCHETYPE","floor":50.0,"turns":8.0},{"damage":10.0,"enemies":"downfall:CharBossMerchant","floor":52.0,"turns":7.0},{"damage":39,"enemies":"downfall:NeowBoss","floor":55,"turns":10},{"damage":59,"enemies":"downfall:NeowBossFinal","floor":56,"turns":8}],"seed_played":"720651802546898824","potions_obtained":[{"floor":3.0,"key":"Swift Potion"},{"floor":4.0,"key":"FairyPotion"},{"floor":6.0,"key":"SneckoOil"},{"floor":14.0,"key":"Fire Potion"},{"floor":15.0,"key":"Slimebound:ThreeZeroPotion"},{"floor":21.0,"key":"GamblersBrew"},{"floor":23.0,"key":"EntropicBrew"},{"floor":26.0,"key":"EntropicBrew"},{"floor":33.0,"key":"SkillPotion"},{"floor":40.0,"key":"FairyPotion"},{"floor":43.0,"key":"bronze:BuildAFunctionPotion"},{"floor":48.0,"key":"Dexterity Potion"},{"floor":49.0,"key":"Energy Potion"}],"is_trial":false,"path_per_floor":["R","M","?","M","M","M","T","M","E","R","M","E","R","E","M","B",null,"R","M","?","M","M","M","T","E","M","M","?","R","M","E","M","B",null,"R","M","?","$","?","M","T","E","?","M","R","M","$","E","M","B",null,"E","$","R","B","B",null],"character_chosen":"THE_AUTOMATON","items_purchased":["bronze:Shield+1","Potion Belt","Energy Potion","Swift Potion","PowerPotion","Medical Kit","bronze:BuggyMess+1","bronze:Iterate","Nunchaku","Lantern","bronze:FineTuning+1"],"campfire_rested":0,"item_purchase_floors":[38,38,38,38,38,47,47,47,47,53,53],"current_hp_per_floor":[77,75,65,65,65,65,65,56,36,46,46,39,39,37,37,2,87,87,87,87,81,81,81,81,65,65,61,43,43,43,43,43,36,43,43,38,38,37,37,37,37,10,12,12,12,12,11,11,23,23,43,33,33,33,24,33],"gold":30,"neow_bonus":"TEN_PERCENT_HP_BONUS","is_daily":false,"chose_seed":false,"campfire_upgraded":6,"win_rate":0.0,"timestamp":1611860129,"path_taken":["R","M","?","M","M","M","T","M","E","R","M","E","R","E","M","BOSS","R","M","?","M","M","M","T","E","M","M","?","R","M","E","M","BOSS","R","M","?","$","?","M","T","E","?","M","R","M","$","E","M","BOSS","E","$","R","BOSS","BOSS"],"items_purchased_type":["Card","Relic","Potion","Potion","Potion","Relic","Card","Card","Relic","Relic","Card"],"build_version":"2020-12-22","purchased_purges":2,"victory":true,"max_hp_per_floor":[77,77,77,77,77,77,77,77,77,87,87,87,87,87,87,87,87,87,87,87,87,87,87,87,87,87,87,43,43,43,43,43,43,43,43,43,43,43,43,43,43,43,43,43,43,43,43,43,43,43,43,43,43,43,43,43],"card_choices":[{"not_picked":["bronze:ForLoop","bronze:ClassDefault"],"picked":"bronze:Separator","floor":2.0},{"not_picked":["bronze:CutThrough","bronze:DelayedSlice","bronze:Shell"],"picked":"SKIP","floor":4.0},{"not_picked":["bronze:BugBarrage","bronze:Allocate"],"picked":"bronze:WhirlingStrike","floor":5.0},{"not_picked":["bronze:BronzeOrb","bronze:DelayedGuard"],"picked":"bronze:AlphaBuild","floor":6.0},{"not_picked":["bronze:ChildClass","bronze:NullPointer","bronze:Branch"],"picked":"SKIP","floor":8.0},{"not_picked":["bronze:RecursiveStrike","bronze:Iterate"],"picked":"bronze:ItsAFeature","floor":9.0},{"not_picked":["bronze:Fortify","bronze:ForceShield"],"picked":"bronze:Flail","floor":11.0},{"not_picked":["bronze:ChosenStrike","bronze:Branch"],"picked":"bronze:Virus","floor":12.0},{"not_picked":["bronze:Terminator","bronze:WhirlingStrike"],"picked":"bronze:Philosophize","floor":14.0},{"not_picked":["bronze:Branch","bronze:DelayedSlice"],"picked":"bronze:Return","floor":15.0},{"not_picked":["bronze:HardenedForm","bronze:CleanCode"],"picked":"bronze:Verify","floor":16.0},{"not_picked":["bronze:Branch","bronze:BitShift"],"picked":"bronze:WildBeam","floor":19.0},{"not_picked":["bronze:Frontload+1","bronze:WhirlingStrike"],"picked":"bronze:ClassDefault+1","floor":21.0},{"not_picked":["bronze:Constructor","bronze:ChosenStrike","bronze:CloningBeam"],"picked":"SKIP","floor":22.0},{"not_picked":["bronze:ChildClass","bronze:Overheat"],"picked":"bronze:OilSpill+1","floor":23.0},{"not_picked":["bronze:Flail","bronze:NullPointer","bronze:Backtrace"],"picked":"SKIP","floor":25.0},{"not_picked":["bronze:ClassDefault","bronze:RecursiveStrike","bronze:DelayedSlice"],"picked":"SKIP","floor":26.0},{"not_picked":["bronze:BronzeOrb","bronze:ForLoop+1"],"picked":"bronze:BugBarrage","floor":27.0},{"not_picked":["bronze:Shield+1","bronze:CloningBeam"],"picked":"bronze:Terminator+1","floor":30.0},{"not_picked":["bronze:BronzeArmor+1","bronze:Philosophize+1"],"picked":"bronze:Overload+1","floor":31.0},{"not_picked":["bronze:Shield+1","bronze:Invalidate+1"],"picked":"bronze:Philosophize+1","floor":32.0},{"not_picked":["bronze:Virus","bronze:Break"],"picked":"bronze:FindAndReplace+1","floor":33.0},{"not_picked":["bronze:Deprecate+1","bronze:BuggyMess+1"],"picked":"bronze:FineTuning+1","floor":36.0},{"not_picked":["bronze:Invalidate+1","bronze:Flail","bronze:ChildClass+1"],"picked":"SKIP","floor":38.0},{"not_picked":["expansioncontent:AwakenDeath","expansioncontent:PolyBeam"],"picked":"expansioncontent:PrepareCrush","floor":39.0},{"not_picked":["bronze:Branch","bronze:CutThrough","bronze:ThunderWave"],"picked":"SKIP","floor":40.0},{"not_picked":["bronze:FindAndReplace+1","bronze:CloningBeam"],"picked":"bronze:Constructor+1","floor":42.0},{"not_picked":["bronze:BitShift+1","bronze:BronzeOrb"],"picked":"bronze:GetLatest+1","floor":43.0},{"not_picked":["bronze:DelayedGuard+1","bronze:ItsAFeature+1"],"picked":"bronze:BugBarrage+1","floor":44.0},{"not_picked":["bronze:Branch+1","bronze:Repair+1"],"picked":"bronze:Repulsor+1","floor":46.0},{"not_picked":["bronze:BugBarrage","bronze:Backtrace"],"picked":"bronze:FineTuning+1","floor":47.0},{"not_picked":["bronze:OilSpill+1","bronze:Iterate+1"],"picked":"bronze:FindAndReplace+1","floor":48.0},{"not_picked":["bronze:Flail+1","bronze:BitShift+1","bronze:BugBarrage"],"picked":"SKIP","floor":49.0},{"not_picked":["bronze:Iterate+1","bronze:Branch+1"],"picked":"bronze:Constructor+1","floor":52.0}],"player_experience":1162615,"relics_obtained":[{"floor":9.0,"key":"Ice Cream"},{"floor":12.0,"key":"Blue Candle"},{"floor":14.0,"key":"Anchor"},{"floor":24.0,"key":"Toxic Egg 2"},{"floor":25.0,"key":"Peace Pipe"},{"floor":31.0,"key":"Whetstone"},{"floor":41.0,"key":"Letter Opener"},{"floor":42.0,"key":"Kunai"},{"floor":43.0,"key":"Lizard Tail"},{"floor":48.0,"key":"Meat on the Bone"},{"floor":52.0,"key":"Ginger"}],"event_choices":[{"damage_healed":0.0,"max_hp_gain":0.0,"max_hp_loss":0.0,"gold_gain":0.0,"event_name":"The Library","player_choice":"Read","floor":20.0,"gold_loss":0.0,"damage_taken":0.0,"cards_obtained":["bronze:BurnOut"]},{"damage_healed":0.0,"max_hp_gain":0.0,"max_hp_loss":44.0,"gold_gain":0.0,"event_name":"Ghosts","player_choice":"Became a Ghost","floor":28.0,"gold_loss":0.0,"damage_taken":0.0,"cards_obtained":["Ghostly","Ghostly","Ghostly","Ghostly","Ghostly"]},{"cards_removed":["bronze:Strike"],"damage_healed":0.0,"max_hp_gain":0.0,"max_hp_loss":0.0,"gold_gain":0.0,"event_name":"Falling","player_choice":"Removed Attack","floor":37.0,"gold_loss":0.0,"damage_taken":0.0},{"damage_healed":0.0,"max_hp_gain":0.0,"max_hp_loss":0.0,"gold_gain":0.0,"event_name":"Mysterious Sphere","player_choice":"Fight","floor":43.0,"gold_loss":0.0,"damage_taken":0.0}],"is_beta":false,"boss_relics":[{"not_picked":["Fusion Hammer","Runic Pyramid"],"picked":"bronze:MakeshiftBattery"},{"not_picked":["Snecko Eye","Cursed Key"],"picked":"expansioncontent:StudyCardRelic"}],"items_purged_floors":[38,47],"is_endless":false,"potions_floor_spawned":[3,4,6,8,14,15,16,21,23,26,27,33,40,42,43,48,49],"ascension_level":0}}