{"host":"c3lc60y5x60jlt1y","time":1611814465,"event":{"mods":["AchievementEnabler","BaseMod","Bestiary","Colored Map","Minty Spire (QoL Compilation)","Quick Restart","StSLib","ojb\u0027s Info Mod"],"gold_per_floor":[15,15,28,28,5,17,49,61,125,25,44,0,11,39,39,114,114,125,125,125,125,144,178,196,206,206,222,222,222,37,57,57,133,133,147,161,171,171,185,220,220,31,31,31,31],"floor_reached":44,"language":"ENG","playtime":43646,"items_purged":["Strike_R","Strike_R"],"score":970,"play_id":"f6fa76a4-59e3-4179-8916-05804ddfeee4","local_time":"20210128081425","is_ascension_mode":true,"campfire_choices":[{"data":"Clothesline","floor":6.0,"key":"SMITH"},{"data":"Anger","floor":8.0,"key":"SMITH"},{"data":"Limit Break","floor":15.0,"key":"SMITH"},{"data":"Spot Weakness","floor":29.0,"key":"SMITH"},{"floor":32.0,"key":"REST"},{"floor":41.0,"key":"REST"}],"circlet_count":0,"master_deck":["AscendersBane","Strike_R","Strike_R","Defend_R","Defend_R","Defend_R","Bash+1","Clothesline+1","Twin Strike","Anger+1","Combust","Shrug It Off","Inflame","Limit Break+1","Spot Weakness+1","Feed","Warcry+1","Pummel","Pommel Strike","Metallicize","Pommel Strike","Battle Trance","Impervious","Shrug It Off+1","Seeing Red+1","Flex+1","Demon Form","Warcry+1"],"relics":["Burning Blood","MawBank","Anchor","Red Skull","Cursed Key","MutagenicStrength","Nilry\u0027s Codex","Oddly Smooth Stone","Velvet Choker","Toxic Egg 2"],"acts_visited":["Exordium","TheCity","TheBeyond"],"potions_floor_usage":[],"damage_taken":[{"damage":11.0,"enemies":"Jaw Worm","floor":1.0,"turns":5.0},{"damage":3.0,"enemies":"2 Louse","floor":3.0,"turns":3.0},{"damage":4.0,"enemies":"Cultist","floor":7.0,"turns":3.0},{"damage":1.0,"enemies":"Large Slime","floor":11.0,"turns":3.0},{"damage":1.0,"enemies":"Blue Slaver","floor":13.0,"turns":3.0},{"damage":24.0,"enemies":"Lagavulin","floor":14.0,"turns":5.0},{"damage":53.0,"enemies":"Slime Boss","floor":16.0,"turns":7.0},{"damage":23.0,"enemies":"Shell Parasite","floor":18.0,"turns":4.0},{"damage":0.0,"enemies":"Chosen","floor":22.0,"turns":5.0},{"damage":26.0,"enemies":"Book of Stabbing","floor":23.0,"turns":4.0},{"damage":2.0,"enemies":"Snake Plant","floor":24.0,"turns":2.0},{"damage":2.0,"enemies":"Sentry and Sphere","floor":25.0,"turns":3.0},{"damage":0.0,"enemies":"Snecko","floor":27.0,"turns":2.0},{"damage":27.0,"enemies":"Shelled Parasite and Fungi","floor":31.0,"turns":2.0},{"damage":48.0,"enemies":"Champ","floor":33.0,"turns":6.0},{"damage":8.0,"enemies":"3 Darklings","floor":35.0,"turns":5.0},{"damage":0.0,"enemies":"Orb Walker","floor":36.0,"turns":2.0},{"damage":0.0,"enemies":"4 Shapes","floor":37.0,"turns":7.0},{"damage":39.0,"enemies":"Writhing Mass","floor":39.0,"turns":5.0},{"damage":37.0,"enemies":"Nemesis","floor":40.0,"turns":9.0},{"damage":53,"enemies":"Giant Head","floor":44,"turns":5}],"seed_played":"632724738368241865","potions_obtained":[{"floor":7.0,"key":"Weak Potion"},{"floor":23.0,"key":"BloodPotion"},{"floor":27.0,"key":"Explosive Potion"},{"floor":31.0,"key":"Explosive Potion"},{"floor":33.0,"key":"FearPotion"},{"floor":37.0,"key":"SteroidPotion"}],"is_trial":false,"path_per_floor":["M","?","M","?","?","R","M","R","T","$","M","$","M","E","R","B",null,"M","?","?","T","M","E","M","M","T","M","?","R","$","M","R","B",null,"M","M","M","?","M","E","R","$","T","E"],"character_chosen":"IRONCLAD","items_purchased":["Combust","Inflame","LiquidMemories","Demon Form","Warcry+1"],"campfire_rested":2,"item_purchase_floors":[10,12,30,42,42],"current_hp_per_floor":[63,63,66,55,73,73,75,75,75,75,75,75,75,57,57,10,59,42,42,21,21,30,10,17,21,21,27,43,43,43,41,66,24,69,70,76,85,85,52,21,48,48,48,0,0],"gold":31,"neow_bonus":"REMOVE_TWO","is_daily":false,"chose_seed":false,"campfire_upgraded":4,"win_rate":0.0,"timestamp":1611814465,"path_taken":["M","?","M","?","?","R","?","R","T","$","M","?","M","E","R","BOSS","M","?","?","?","?","E","M","M","T","M","?","R","$","M","R","BOSS","M","M","M","?","?","E","R","$","T","E"],"items_purchased_type":["Card","Card","Potion","Card","Card"],"build_version":"2020-12-22","purchased_purges":2,"victory":false,"max_hp_per_floor":[75,75,75,75,75,75,75,75,75,75,75,75,75,75,75,75,75,75,75,75,75,78,78,81,81,81,81,81,81,81,84,84,84,84,87,87,90,90,90,90,90,90,90,90,90],"card_choices":[{"not_picked":["Heavy Blade","Rage"],"picked":"Clothesline","floor":1.0},{"not_picked":["Disarm","Hemokinesis"],"picked":"Twin Strike","floor":3.0},{"not_picked":["Bloodletting","Uppercut"],"picked":"Anger","floor":7.0},{"not_picked":["True Grit","Heavy Blade"],"picked":"Shrug It Off","floor":11.0},{"not_picked":["Shrug It Off","Clothesline"],"picked":"Limit Break","floor":13.0},{"not_picked":["Intimidate","Anger"],"picked":"Spot Weakness","floor":14.0},{"not_picked":["Double Tap","Limit Break"],"picked":"Feed","floor":16.0},{"not_picked":["Entrench","Clothesline"],"picked":"Warcry+1","floor":18.0},{"not_picked":["Carnage","Iron Wave"],"picked":"Pummel","floor":22.0},{"not_picked":["Body Slam","Bloodletting"],"picked":"Pommel Strike","floor":23.0},{"not_picked":["Warcry","Body Slam","Searing Blow"],"picked":"SKIP","floor":24.0},{"not_picked":["Twin Strike+1","Perfected Strike"],"picked":"Metallicize","floor":25.0},{"not_picked":["Fire Breathing","Cleave"],"picked":"Pommel Strike","floor":27.0},{"not_picked":["Body Slam","Ghostly Armor"],"picked":"Battle Trance","floor":31.0},{"not_picked":["Barricade","Limit Break"],"picked":"Impervious","floor":33.0},{"not_picked":["Fire Breathing+1","Inflame"],"picked":"Shrug It Off+1","floor":35.0},{"not_picked":["Wild Strike+1","Body Slam","Blood for Blood"],"picked":"SKIP","floor":36.0},{"not_picked":["Warcry+1","Cleave+1"],"picked":"Seeing Red+1","floor":37.0},{"not_picked":["Flex","Headbutt","Sword Boomerang"],"picked":"SKIP","floor":39.0},{"not_picked":["Twin Strike+1","Fire Breathing"],"picked":"Flex+1","floor":40.0}],"player_experience":8655480,"relics_obtained":[{"floor":9.0,"key":"Anchor"},{"floor":14.0,"key":"Red Skull"},{"floor":20.0,"key":"Nilry\u0027s Codex"},{"floor":23.0,"key":"Oddly Smooth Stone"},{"floor":40.0,"key":"Toxic Egg 2"}],"event_choices":[{"damage_healed":0.0,"max_hp_gain":0.0,"max_hp_loss":0.0,"gold_gain":0.0,"event_name":"Living Wall","player_choice":"Grow","floor":2.0,"gold_loss":0.0,"damage_taken":0.0,"cards_upgraded":["Bash"]},{"damage_healed":0.0,"max_hp_gain":0.0,"max_hp_loss":0.0,"gold_gain":0.0,"event_name":"Scrap Ooze","player_choice":"Success","floor":4.0,"gold_loss":0.0,"damage_taken":11.0,"relics_obtained":["MawBank"]},{"damage_healed":18.0,"max_hp_gain":0.0,"max_hp_loss":0.0,"gold_gain":0.0,"event_name":"The Cleric","player_choice":"Healed","floor":5.0,"gold_loss":35.0,"damage_taken":0.0},{"damage_healed":0.0,"max_hp_gain":0.0,"max_hp_loss":0.0,"gold_gain":0.0,"event_name":"Drug Dealer","player_choice":"Inject Mutagens","floor":19.0,"gold_loss":0.0,"damage_taken":0.0,"relics_obtained":["MutagenicStrength"]},{"damage_healed":0.0,"max_hp_gain":0.0,"max_hp_loss":0.0,"gold_gain":0.0,"event_name":"Cursed Tome","player_choice":"Obtained Book","floor":20.0,"gold_loss":0.0,"damage_taken":21.0},{"damage_healed":16.0,"max_hp_gain":0.0,"max_hp_loss":0.0,"gold_gain":0.0,"event_name":"The Library","player_choice":"Heal","floor":28.0,"gold_loss":0.0,"damage_taken":0.0},{"damage_healed":0.0,"max_hp_gain":0.0,"max_hp_loss":0.0,"gold_gain":0.0,"event_name":"Match and Keep!","player_choice":"0 cards matched","floor":38.0,"gold_loss":0.0,"damage_taken":0.0,"cards_obtained":[]}],"is_beta":false,"boss_relics":[{"not_picked":["Mark of Pain","Runic Cube"],"picked":"Cursed Key"},{"not_picked":["SacredBark","Calling Bell"],"picked":"Velvet Choker"}],"items_purged_floors":[10,30],"is_endless":false,"potions_floor_spawned":[7,23,27,31,33,35,37,39],"killed_by":"Giant Head","ascension_level":20}}