{"host":"i0avyit1s6jb1siw","time":1611831640,"event":{"mods":["BaseMod","DeckTracker","Dota2Spire","Highlight Path","Minty Spire (QoL Compilation)","Quick Restart","StSLib","SuperFastMode"],"gold_per_floor":[111,261,261,261,276,303,303,303,303,303,322,348,367,38,72,72,146,146,146,224,224,240,250,262,182,198,271,319,319,319],"floor_reached":29,"language":"ENG","playtime":605,"items_purged":["Defend_P","Strike_P"],"score":972,"play_id":"1ef27942-5469-4299-90e2-714438f17d7d","local_time":"20210128120040","is_ascension_mode":true,"campfire_choices":[{"data":"Eruption","floor":8,"key":"SMITH"},{"data":"BowlingBash","floor":16,"key":"SMITH"},{"data":"LessonLearned","floor":19,"key":"SMITH"}],"circlet_count":0,"master_deck":["AscendersBane","Strike_P","Strike_P+1","Defend_P+1","Defend_P","Eruption+1","Vigilance+1","BowlingBash+1","FollowUp+1","TalkToTheHand+1","Prostrate+1","Prostrate+1","ForeignInfluence+1","Protect+1","BowlingBash+1","Scrawl+1","LessonLearned+1","Prostrate+1","Evaluate+1","FearNoEvil"],"relics":["PureWater","NeowsBlessing","Lantern","The Courier","Dota2Spire:AghanimScepter","Toxic Egg 2","Medical Kit","Pocketwatch","Dota2Spire:RefresherOrb","Empty Cage","Question Card","Yang"],"acts_visited":["Exordium","TheCity"],"potions_floor_usage":[12,24],"damage_taken":[{"damage":0,"enemies":"Jaw Worm","floor":1,"turns":1},{"damage":0,"enemies":"2 Louse","floor":5,"turns":1},{"damage":0,"enemies":"3 Sentries","floor":6,"turns":2},{"damage":0,"enemies":"Small Slimes","floor":11,"turns":2},{"damage":4,"enemies":"Gremlin Nob","floor":12,"turns":3},{"damage":0,"enemies":"3 Louse","floor":13,"turns":3},{"damage":6,"enemies":"3 Sentries","floor":15,"turns":5},{"damage":0,"enemies":"Slime Boss","floor":17,"turns":3},{"damage":0,"enemies":"Slime Boss","floor":20,"turns":5},{"damage":0,"enemies":"Chosen","floor":22,"turns":3},{"damage":0,"enemies":"Spheric Guardian","floor":23,"turns":3},{"damage":11,"enemies":"Centurion and Healer","floor":24,"turns":3},{"damage":23,"enemies":"Chosen and Byrds","floor":26,"turns":7},{"damage":20,"enemies":"Slavers","floor":28,"turns":4},{"damage":11,"enemies":"Shelled Parasite and Fungi","floor":29,"turns":2}],"seed_played":"-1206282986316386124","potions_obtained":[{"floor":5,"key":"SpeedPotion"},{"floor":11,"key":"GamblersBrew"},{"floor":12,"key":"GamblersBrew"},{"floor":17,"key":"Energy Potion"},{"floor":24,"key":"Weak Potion"}],"is_trial":false,"path_per_floor":["M","?","?","?","M","E","?","R","?","T","M","E","M","$","E","R","B",null,"R","B",null,"M","M","M","$","M","T","E","M"],"character_chosen":"WATCHER","items_purchased":["Medical Kit","ForeignInfluence+1","Protect+1","BowlingBash"],"campfire_rested":0,"item_purchase_floors":[14,14,14,14],"current_hp_per_floor":[61,61,66,59,59,59,33,33,33,33,33,29,29,29,23,23,23,23,23,23,61,61,61,50,50,27,27,7,0,0],"gold":319,"neow_bonus":"THREE_ENEMY_KILL","is_daily":false,"chose_seed":false,"campfire_upgraded":3,"win_rate":0.0,"timestamp":1611831640,"path_taken":["M","?","?","?","M","E","?","R","?","T","M","E","?","$","E","R","BOSS","R","BOSS","M","M","?","?","M","?","E","M"],"items_purchased_type":["Relic","Card","Card","Card"],"build_version":"2020-12-22","purchased_purges":2,"victory":false,"max_hp_per_floor":[68,68,73,73,73,73,73,73,73,73,73,73,73,73,73,73,73,73,73,73,73,73,73,73,73,73,73,73,73,73],"card_choices":[{"not_picked":["Prostrate","DeceiveReality","ClearTheMind"],"picked":"SKIP","floor":1},{"not_picked":["ThirdEye","Wireheading"],"picked":"BowlingBash","floor":5},{"not_picked":["ClearTheMind","Protect"],"picked":"FollowUp","floor":6},{"not_picked":["Study","FlyingSleeves"],"picked":"TalkToTheHand","floor":11},{"not_picked":["MentalFortress","FlurryOfBlows"],"picked":"Prostrate+1","floor":12},{"not_picked":["Worship+1","Collect+1"],"picked":"Prostrate+1","floor":13},{"not_picked":["CrushJoints","Swivel+1"],"picked":"Scrawl+1","floor":15},{"not_picked":["Wish+1","Blasphemy+1"],"picked":"LessonLearned","floor":17},{"not_picked":["EmptyBody+1","Halt+1"],"picked":"Prostrate+1","floor":22},{"not_picked":["Consecrate","BowlingBash"],"picked":"Evaluate+1","floor":23},{"not_picked":["LikeWater","DeceiveReality+1","Protect+1"],"picked":"SKIP","floor":24},{"not_picked":["FlyingSleeves","BowlingBash"],"picked":"FearNoEvil","floor":26},{"not_picked":["PathToVictory+1","CutThroughFate","Indignation+1","Establishment"],"picked":"SKIP","floor":28}],"player_experience":2361264,"relics_obtained":[{"floor":6,"key":"Lantern"},{"floor":10,"key":"Dota2Spire:AghanimScepter"},{"floor":12,"key":"Toxic Egg 2"},{"floor":15,"key":"Pocketwatch"},{"floor":27,"key":"Question Card"},{"floor":28,"key":"Yang"}],"event_choices":[{"damage_healed":0,"gold_gain":150,"player_choice":"AGREE","damage_taken":0,"max_hp_gain":0,"max_hp_loss":0,"event_name":"Liars Game","floor":2,"gold_loss":0,"cards_obtained":["Doubt"]},{"damage_healed":0,"gold_gain":0,"player_choice":"Donut","damage_taken":0,"max_hp_gain":5,"max_hp_loss":0,"event_name":"Big Fish","floor":3,"gold_loss":0},{"cards_removed":["Doubt"],"damage_healed":0,"gold_gain":0,"player_choice":"Card Removal","damage_taken":7,"max_hp_gain":0,"max_hp_loss":0,"event_name":"Golden Wing","floor":4,"gold_loss":0},{"damage_healed":0,"gold_gain":0,"player_choice":"Success","damage_taken":26,"relics_obtained":["The Courier"],"max_hp_gain":0,"max_hp_loss":0,"event_name":"Scrap Ooze","floor":7,"gold_loss":0},{"damage_healed":0,"gold_gain":0,"player_choice":"Forge","damage_taken":0,"max_hp_gain":0,"max_hp_loss":0,"event_name":"Accursed Blacksmith","floor":9,"gold_loss":0,"cards_upgraded":["BowlingBash"]}],"is_beta":false,"boss_relics":[{"not_picked":["Calling Bell","Cursed Key"],"picked":"Dota2Spire:RefresherOrb"},{"not_picked":["Sozu","Ectoplasm"],"picked":"Empty Cage"}],"items_purged_floors":[14,25],"is_endless":false,"potions_floor_spawned":[5,11,12,17,20,23,24,28],"killed_by":"Shelled Parasite and Fungi","ascension_level":20}}