{"host":"s3s7xsmblwiz356v","time":1611877796,"event":{"mods":["AchievementEnabler","BaseMod","Block Reminder","Colored Map","Colored Powertips","Minty Spire (QoL Compilation)"],"gold_per_floor":[110,121,121,135,152,152,227,257,257,257,257],"floor_reached":10,"language":"ENG","playtime":496,"items_purged":[],"score":99,"play_id":"32f1c642-493f-40c1-b10c-765d2313284b","local_time":"20210128184956","is_ascension_mode":true,"campfire_choices":[{"data":"SandsOfTime","floor":6,"key":"SMITH"}],"circlet_count":0,"master_deck":["Strike_P","Strike_P","Strike_P","Strike_P","Defend_P","Defend_P","Defend_P","Eruption","Vigilance","SandsOfTime+1","Vengeance","MentalFortress","Adaptation","EmptyMind"],"relics":["SacredBark","Bottled Tornado","Pantograph"],"acts_visited":["Exordium"],"potions_floor_usage":[8,10],"damage_taken":[{"damage":1,"enemies":"2 Louse","floor":1,"turns":2},{"damage":0,"enemies":"Cultist","floor":2,"turns":2},{"damage":6,"enemies":"Small Slimes","floor":4,"turns":3},{"damage":9,"enemies":"Exordium Wildlife","floor":5,"turns":4},{"damage":17,"enemies":"Lagavulin","floor":8,"turns":7},{"damage":32,"enemies":"3 Sentries","floor":10,"turns":5}],"seed_played":"7016787582777148579","potions_obtained":[{"floor":4,"key":"Dexterity Potion"},{"floor":8,"key":"SteroidPotion"}],"is_trial":false,"path_per_floor":["M","M","?","M","M","R","?","E","T","E"],"character_chosen":"WATCHER","items_purchased":[],"campfire_rested":0,"item_purchase_floors":[],"current_hp_per_floor":[64,64,64,58,49,49,38,21,21,0,0],"gold":257,"neow_bonus":"BOSS_RELIC","is_daily":false,"chose_seed":false,"campfire_upgraded":1,"win_rate":0.0,"timestamp":1611877796,"path_taken":["M","M","?","?","M","R","?","E","T","E"],"items_purchased_type":[],"build_version":"2020-12-22","purchased_purges":0,"victory":false,"max_hp_per_floor":[72,72,72,72,72,72,72,72,72,72,72],"card_choices":[{"not_picked":["PathToVictory","Fasting2"],"picked":"SandsOfTime","floor":1},{"not_picked":["Evaluate","Crescendo"],"picked":"Vengeance","floor":2},{"not_picked":["BowlingBash","Protect"],"picked":"MentalFortress","floor":4},{"not_picked":["ThirdEye","Vault"],"picked":"Adaptation","floor":5},{"not_picked":["CarveReality","BowlingBash"],"picked":"EmptyMind","floor":8}],"player_experience":531298,"relics_obtained":[{"floor":8,"key":"Bottled Tornado"},{"floor":9,"key":"Pantograph"}],"event_choices":[{"cards_removed":["Defend_P"],"damage_healed":0,"gold_gain":0,"player_choice":"Purged","damage_taken":0,"max_hp_gain":0,"max_hp_loss":0,"event_name":"Purifier","floor":3,"gold_loss":0},{"damage_healed":0,"gold_gain":75,"player_choice":"Gather Gold","damage_taken":11,"max_hp_gain":0,"max_hp_loss":0,"event_name":"World of Goop","floor":7,"gold_loss":0}],"is_beta":false,"boss_relics":[],"items_purged_floors":[],"is_endless":false,"potions_floor_spawned":[4,8],"killed_by":"3 Sentries","ascension_level":9}}