{"host":"6hzrz31j95f2y1pa","time":1611797494,"event":{"mods":["BaseMod","Colored Map","Downfall","Minty Spire (QoL Compilation)","StSLib"],"gold_per_floor":[0,20,20,20,36,36,86,71,71,90,102,102,12,31,45,148,148,48,62,80,94,105,132,132,165,265,265,165,6,19,54,70,167,167,167,181,200,218,229,245,269,169,184,184,184,208,208,241,255,255,255,285,19,19,19,19],"floor_reached":57,"language":"ENG","playtime":3024,"items_purged":["Pain","bronze:Strike","bronze:Strike+1"],"score":1660,"play_id":"4f989981-7c00-4b12-a6e8-f779a2f5df4c","local_time":"20210127203134","is_ascension_mode":true,"campfire_choices":[{"floor":1.0,"key":"RECALL"},{"floor":6.0,"key":"REST"},{"data":"bronze:Overheat","floor":9.0,"key":"SMITH"},{"data":"bronze:SpaghettiCode","floor":18.0,"key":"SMITH"},{"data":"bronze:FollowUp","floor":28.0,"key":"SMITH"},{"data":"bronze:DarkDash","floor":35.0,"key":"SMITH"},{"data":"bronze:Shield","floor":42.0,"key":"SMITH"},{"data":"bronze:Explode","floor":45.0,"key":"SMITH"},{"floor":54,"key":"REST"}],"circlet_count":0,"master_deck":["bronze:Strike+1","bronze:Defend+1","bronze:Defend+1","bronze:Replicate+1","bronze:Goto+1","bronze:WhirlingStrike+1","bronze:Explode+1","bronze:WildBeam+1","bronze:Overheat+1","bronze:OilSpill+1","bronze:DarkDash+1","bronze:Shield+1","CurseOfTheBell","CurseOfTheBell","bronze:Boost+1","bronze:FollowUp+1","bronze:BronzeOrb+1","bronze:SpaghettiCode+1","bronze:Frontload+1","bronze:ClassDefault+1","bronze:BronzeArmor+1","bronze:BronzeOrb+1","bronze:Verify+1","bronze:Backtrace+1","bronze:Terminator+1","bronze:RecursiveStrike+1","bronze:Branch+1","bronze:Repulsor+1","expansioncontent:LastStand+1","bronze:Invalidate+1"],"relics":["bronze:BronzeCore","Pocketwatch","WarpedTongs","Bag of Marbles","downfall:ExtraCursedBell","PreservedInsect","Ornamental Fan","Lizard Tail","bronze:MakeshiftBattery","Unceasing Top","Dead Branch","Tiny Chest","Calipers","Letter Opener","Membership Card","hexamod:Sixitude","Astrolabe","Mummified Hand","Blood Vial","HandDrill","MealTicket","Gremlin Horn","bronze:BronzeIdol","hexamod:BolsterEngine","Guardian:BottledAnomaly"],"acts_visited":["Exordium","TheCity","TheBeyond","TheEnding"],"potions_floor_usage":[52,55,56],"damage_taken":[{"damage":1.0,"enemies":"Cultist","floor":2.0,"turns":3.0},{"damage":6.0,"enemies":"Cultist","floor":3.0,"turns":2.0},{"damage":15.0,"enemies":"Small Slimes","floor":5.0,"turns":3.0},{"damage":17.0,"enemies":"downfall:FleeingMerchant","floor":8.0,"turns":4.0},{"damage":0.0,"enemies":"Jaw Worm","floor":10.0,"turns":2.0},{"damage":0.0,"enemies":"Large Slime","floor":11.0,"turns":3.0},{"damage":13.0,"enemies":"downfall:FleeingMerchant","floor":13.0,"turns":4.0},{"damage":0.0,"enemies":"Blue Slaver","floor":14.0,"turns":2.0},{"damage":0.0,"enemies":"2 Fungi Beasts","floor":15.0,"turns":2.0},{"damage":10.0,"enemies":"IC_STATUS_ARCHETYPE","floor":16.0,"turns":7.0},{"damage":1.0,"enemies":"Chosen","floor":19.0,"turns":3.0},{"damage":0.0,"enemies":"3 Byrds","floor":20.0,"turns":3.0},{"damage":0.0,"enemies":"Shelled Parasite and Fungi","floor":21.0,"turns":4.0},{"damage":2.0,"enemies":"Snake Plant","floor":22.0,"turns":3.0},{"damage":4.0,"enemies":"Book of Stabbing","floor":23.0,"turns":3.0},{"damage":6.0,"enemies":"Gremlin Leader","floor":25.0,"turns":4.0},{"damage":0.0,"enemies":"Colosseum Nobs","floor":26.0,"turns":3.0},{"damage":0.0,"enemies":"downfall:FleeingMerchant","floor":29.0,"turns":4.0},{"damage":0.0,"enemies":"Centurion and Healer","floor":30.0,"turns":4.0},{"damage":4.0,"enemies":"Slavers","floor":31.0,"turns":3.0},{"damage":0.0,"enemies":"Cultist and Chosen","floor":32.0,"turns":3.0},{"damage":15.0,"enemies":"SI_MIRROR_ARCHETYPE","floor":33.0,"turns":8.0},{"damage":4.0,"enemies":"3 Darklings","floor":36.0,"turns":4.0},{"damage":0.0,"enemies":"Orb Walker","floor":37.0,"turns":2.0},{"damage":2.0,"enemies":"4 Shapes","floor":38.0,"turns":3.0},{"damage":0.0,"enemies":"downfall:FleeingMerchant","floor":39.0,"turns":1.0},{"damage":0.0,"enemies":"Jaw Worm Horde","floor":40.0,"turns":2.0},{"damage":2.0,"enemies":"Maw","floor":43.0,"turns":6.0},{"damage":0.0,"enemies":"Nemesis","floor":48.0,"turns":3.0},{"damage":17.0,"enemies":"4 Shapes","floor":49.0,"turns":5.0},{"damage":43,"enemies":"WA_ARCHETYPE_DIVINITY","floor":50,"turns":10},{"damage":105,"enemies":"downfall:CharBossMerchant","floor":52,"turns":10},{"damage":25,"enemies":"downfall:NeowBoss","floor":55,"turns":12},{"damage":24,"enemies":"downfall:NeowBossFinal","floor":56,"turns":11}],"seed_played":"7054503888408777203","potions_obtained":[{"floor":3.0,"key":"GamblersBrew"},{"floor":10.0,"key":"SpeedPotion"},{"floor":11.0,"key":"Weak Potion"},{"floor":16.0,"key":"bronze:FreeFunctionsPotion"},{"floor":27.0,"key":"CultistPotion"},{"floor":32.0,"key":"LiquidMemories"},{"floor":37.0,"key":"Regen Potion"},{"floor":38.0,"key":"FearPotion"},{"floor":48.0,"key":"sneckomod:MuddlingPotion"},{"floor":49.0,"key":"Swift Potion"}],"is_trial":false,"path_per_floor":["R","M","?","?","M","R","T","$","R","M","M","?","$","M","M","B",null,"R","M","M","M","M","E","T","E","?","?","R","$","M","E","M","B",null,"R","M","M","M","$","M","T","R","M","?","R","T","?","E","M","B",null,"E","$","R","B","B",null],"character_chosen":"THE_AUTOMATON","items_purchased":["Membership Card","Mummified Hand","Blood Vial","HandDrill","hexamod:BolsterEngine","Energy Potion","Guardian:BottledAnomaly","SpeedPotion"],"campfire_rested":2,"item_purchase_floors":[29,39,39,39,53,53,53,53],"current_hp_per_floor":[63,62,56,56,41,62,62,45,45,45,45,45,32,32,32,22,58,58,57,57,57,55,51,51,45,45,45,45,45,45,41,41,26,59,59,55,55,53,53,55,55,65,65,65,65,65,65,67,52,21,58,23,38,59,36,24],"gold":19,"neow_bonus":"ONE_RARE_RELIC","is_daily":false,"chose_seed":false,"campfire_upgraded":6,"win_rate":0.0,"timestamp":1611797494,"path_taken":["R","M","?","?","M","R","T","$","R","?","M","?","$","M","M","BOSS","R","M","M","M","M","E","T","E","?","?","R","$","M","E","M","BOSS","R","M","M","M","$","M","T","R","M","?","R","?","?","E","M","BOSS","E","$","R","BOSS","BOSS"],"items_purchased_type":["Relic","Relic","Relic","Relic","Relic","Potion","Relic","Potion"],"build_version":"2020-12-22","purchased_purges":3,"victory":true,"max_hp_per_floor":[70,70,70,70,70,70,70,70,70,70,70,70,70,70,70,70,70,70,70,70,70,70,70,70,70,70,70,70,70,70,70,70,70,70,70,70,70,70,70,70,70,80,80,80,80,80,70,70,70,70,70,70,70,70,70,70],"card_choices":[{"not_picked":["bronze:FineTuning","bronze:Invalidate"],"picked":"bronze:WhirlingStrike","floor":2.0},{"not_picked":[],"picked":"bronze:Explode","floor":3.0},{"not_picked":["bronze:Return","bronze:Invalidate"],"picked":"bronze:WildBeam","floor":3.0},{"not_picked":["bronze:BronzeOrb","bronze:Allocate"],"picked":"bronze:Overheat","floor":5.0},{"not_picked":["bronze:ShipIt","bronze:BugBarrage"],"picked":"bronze:OilSpill","floor":8.0},{"not_picked":["bronze:BitShift","bronze:ChildClass"],"picked":"bronze:DarkDash","floor":10.0},{"not_picked":["bronze:DelayedSlice","bronze:NullPointer"],"picked":"bronze:Shield","floor":11.0},{"not_picked":["bronze:Separator","bronze:WhirlingStrike"],"picked":"bronze:Boost","floor":13.0},{"not_picked":["bronze:BuggyMess","bronze:FineTuning"],"picked":"bronze:FollowUp","floor":14.0},{"not_picked":["bronze:Optimize","bronze:DelayedGuard"],"picked":"bronze:BronzeOrb","floor":15.0},{"not_picked":["bronze:Assembly","bronze:Hardcode"],"picked":"bronze:SpaghettiCode","floor":16.0},{"not_picked":["bronze:Safeguard","bronze:WildBeam"],"picked":"bronze:Frontload+1","floor":19.0},{"not_picked":["bronze:WildBeam","bronze:Overheat","bronze:BitShift"],"picked":"SKIP","floor":20.0},{"not_picked":["bronze:Iterate+1","bronze:Safeguard"],"picked":"bronze:ClassDefault+1","floor":21.0},{"not_picked":["bronze:WildBeam","bronze:HardenedForm","bronze:Deprecate+1"],"picked":"SKIP","floor":22.0},{"not_picked":["bronze:CutThrough","bronze:Branch","bronze:Shield+1"],"picked":"SKIP","floor":23.0},{"not_picked":["bronze:ClassDefault+1","bronze:Repair","bronze:BronzeArmor"],"picked":"SKIP","floor":25.0},{"not_picked":["bronze:ClassDefault+1","bronze:Repair"],"picked":"bronze:BronzeArmor","floor":25.0},{"not_picked":["bronze:Flail","bronze:DelayedSlice"],"picked":"bronze:BronzeOrb+1","floor":26.0},{"not_picked":["bronze:Deprecate","bronze:Constructor","bronze:WildBeam"],"picked":"SKIP","floor":29.0},{"not_picked":["bronze:WhirlingStrike","bronze:Iterate","bronze:Allocate"],"picked":"SKIP","floor":30.0},{"not_picked":["bronze:WhirlingStrike","bronze:Iterate","bronze:Allocate"],"picked":"SKIP","floor":30.0},{"not_picked":["bronze:BuggyMess","bronze:Optimize","bronze:OilSpill"],"picked":"SKIP","floor":31.0},{"not_picked":["bronze:OilSpill","bronze:WhirlingStrike","bronze:CutThrough"],"picked":"SKIP","floor":32.0},{"not_picked":["bronze:Format","bronze:Assembly"],"picked":"bronze:Verify","floor":33.0},{"not_picked":["bronze:DelayedSlice+1","bronze:Optimize","bronze:FineTuning+1"],"picked":"SKIP","floor":36.0},{"not_picked":["bronze:BugBarrage+1","bronze:Separator"],"picked":"bronze:Branch+1","floor":37.0},{"not_picked":["bronze:DelayedSlice","bronze:Break","bronze:Fortify+1"],"picked":"SKIP","floor":38.0},{"not_picked":["bronze:ClassDefault","bronze:Return+1","bronze:NullPointer+1"],"picked":"SKIP","floor":39.0},{"not_picked":["bronze:Frontload+1","bronze:WhirlingStrike+1","bronze:Optimize+1"],"picked":"SKIP","floor":40.0},{"not_picked":["bronze:GetLatest+1","bronze:Iterate"],"picked":"bronze:Repulsor+1","floor":43.0},{"not_picked":["expansioncontent:GuardianWhirl","expansioncontent:InvincibleStrength"],"picked":"expansioncontent:LastStand","floor":44.0},{"not_picked":["bronze:Branch+1","bronze:DarkDash","bronze:ClassDefault+1"],"picked":"SKIP","floor":48.0},{"not_picked":["bronze:Branch","bronze:Separator","bronze:Frontload"],"picked":"SKIP","floor":49.0},{"not_picked":["bronze:HardenedForm","bronze:FineTuning"],"picked":"bronze:Invalidate+1","floor":52}],"player_experience":1400825,"relics_obtained":[{"floor":7.0,"key":"Bag of Marbles"},{"floor":12.0,"key":"PreservedInsect"},{"floor":12.0,"key":"Ornamental Fan"},{"floor":12.0,"key":"Lizard Tail"},{"floor":23.0,"key":"Unceasing Top"},{"floor":24.0,"key":"Dead Branch"},{"floor":25.0,"key":"Tiny Chest"},{"floor":26.0,"key":"Calipers"},{"floor":26.0,"key":"Letter Opener"},{"floor":31.0,"key":"hexamod:Sixitude"},{"floor":46.0,"key":"MealTicket"},{"floor":48.0,"key":"Gremlin Horn"},{"floor":52,"key":"bronze:BronzeIdol"}],"event_choices":[],"is_beta":false,"boss_relics":[{"not_picked":["Fusion Hammer","Busted Crown"],"picked":"bronze:MakeshiftBattery"},{"not_picked":["Tiny House","Runic Dome"],"picked":"Astrolabe"}],"items_purged_floors":[13,39,53],"is_endless":false,"potions_floor_spawned":[3,10,11,15,16,21,22,23,32,37,38,40,48,49],"ascension_level":8}}