{"host":"c97twqu0op5dg8i4","time":1611808199,"event":{"mods":["AchievementEnabler","BaseMod","Colored Map","Minty Spire (QoL Compilation)","Permanent Neow"],"gold_per_floor":[366,100,120,120,120,148,168,168,168,168,195,90,90,105,105,105,105,204,254,264,315,405,418,17,17,46,46,93,109,144,144,161,171,171,171,275,275,288,14,29,0,0,0,11,30,53,53,14,14,39,39,39,39,39,39],"floor_reached":56,"language":"ENG","playtime":1858,"items_purged":["Decay","Recycle","Strike_B"],"score":1070,"play_id":"7f70f30c-1844-40e0-90a0-3fbe97a6dac3","local_time":"20210127232959","is_ascension_mode":true,"campfire_choices":[{"floor":13,"key":"REST"},{"floor":15,"key":"REST"},{"data":"Defragment","floor":17,"key":"SMITH"},{"data":"Creative AI","floor":25,"key":"SMITH"},{"floor":27,"key":"REST"},{"floor":31,"key":"REST"},{"floor":34,"key":"REST"},{"data":"Glacier","floor":35,"key":"SMITH"},{"floor":43,"key":"REST"},{"floor":53,"key":"REST"},{"floor":54,"key":"REST"}],"circlet_count":0,"master_deck":["Strike_B","Defend_B","Defend_B","Defend_B+1","Defend_B","Zap+1","Dualcast+1","Defragment+1","Coolheaded","Ball Lightning","Tempest","Static Discharge","Chaos","Creative AI+1","Glacier+1","Static Discharge","Coolheaded+1","Cold Snap+1","Consume+1","Capacitor+1","Buffer","Double Energy","Parasite","Self Repair","Thunder Strike","Double Energy","Coolheaded"],"relics":["Cracked Core","DataDisk","Du-Vu Doll","TungstenRod","StrikeDummy","Bag of Marbles","Tiny House","Bronze Scales","Lee\u0027s Waffle","Potion Belt","Akabeko","Dead Branch","Fusion Hammer","Chemical X","Red Mask","War Paint","Symbiotic Virus","Pen Nib"],"acts_visited":["Exordium","TheCity","TheBeyond"],"potions_floor_usage":[23,26,30,32,55],"damage_taken":[{"damage":6,"enemies":"Jaw Worm","floor":1,"turns":3},{"damage":9,"enemies":"2 Louse","floor":3,"turns":2},{"damage":37,"enemies":"Gremlin Nob","floor":6,"turns":5},{"damage":0,"enemies":"Cultist","floor":7,"turns":3},{"damage":7,"enemies":"Blue Slaver","floor":14,"turns":2},{"damage":15,"enemies":"The Guardian","floor":18,"turns":9},{"damage":42,"enemies":"2 Thieves","floor":20,"turns":4},{"damage":0,"enemies":"Spheric Guardian","floor":23,"turns":3},{"damage":55,"enemies":"Gremlin Leader","floor":26,"turns":10},{"damage":11,"enemies":"Centurion and Healer","floor":29,"turns":10},{"damage":24,"enemies":"Book of Stabbing","floor":30,"turns":7},{"damage":17,"enemies":"Shelled Parasite and Fungi","floor":32,"turns":5},{"damage":21,"enemies":"Snake Plant","floor":33,"turns":4},{"damage":14,"enemies":"Champ","floor":36,"turns":13},{"damage":3,"enemies":"3 Shapes","floor":38,"turns":5},{"damage":12,"enemies":"3 Darklings","floor":40,"turns":11},{"damage":4,"enemies":"Writhing Mass","floor":44,"turns":6},{"damage":7,"enemies":"4 Shapes","floor":45,"turns":6},{"damage":58,"enemies":"Reptomancer","floor":50,"turns":7},{"damage":65,"enemies":"Donu and Deca","floor":55,"turns":6}],"seed_played":"-3207375599886269096","potions_obtained":[{"floor":3,"key":"Dexterity Potion"},{"floor":18,"key":"DistilledChaos"},{"floor":19,"key":"PotionOfCapacity"},{"floor":26,"key":"AttackPotion"},{"floor":29,"key":"FocusPotion"},{"floor":30,"key":"DuplicationPotion"},{"floor":36,"key":"PotionOfCapacity"},{"floor":45,"key":"LiquidMemories"},{"floor":50,"key":"FearPotion"}],"is_trial":false,"path_per_floor":["M","$","M","?","?","E","M","?","T","T","T","$","R","M","R","?","R","B",null,"M","T","?","M","$","R","E","R","T","M","E","R","M","M","R","R","B",null,"M","$","M","?","?","R","M","M","T","T","$","?","E","$","?","R","R","B",null],"character_chosen":"DEFECT","items_purchased":["Defragment","DataDisk","Tempest","Static Discharge","Lee\u0027s Waffle","Glacier","Static Discharge","Chemical X","Double Energy"],"campfire_rested":8,"item_purchase_floors":[2,2,12,12,24,24,24,39,48],"current_hp_per_floor":[62,62,53,53,53,16,16,16,16,16,16,16,38,31,53,53,53,38,71,29,29,19,19,87,87,32,58,58,47,23,49,32,11,37,37,23,71,68,68,56,56,56,80,76,76,76,76,76,76,25,25,25,49,73,15],"gold":39,"neow_bonus":"TWO_FIFTY_GOLD","is_daily":false,"chose_seed":false,"campfire_upgraded":3,"win_rate":0.0,"timestamp":1611808199,"path_taken":["M","$","M","?","?","E","?","?","T","T","?","$","R","M","R","?","R","BOSS","M","?","?","M","$","R","E","R","T","M","E","R","?","M","R","R","BOSS","M","$","M","?","?","R","M","M","T","T","$","?","E","$","?","R","R","BOSS"],"items_purchased_type":["Card","Relic","Card","Card","Relic","Card","Card","Relic","Card"],"build_version":"2020-12-22","purchased_purges":3,"victory":true,"max_hp_per_floor":[75,75,75,75,75,75,75,75,75,75,75,75,75,75,75,75,75,75,80,80,80,80,80,87,87,87,87,87,87,87,87,87,87,87,87,87,87,87,87,87,87,83,83,83,83,83,83,83,83,83,83,83,83,83,83],"card_choices":[{"not_picked":["Gash","Barrage"],"picked":"Recycle","floor":1},{"not_picked":["Redo","Sunder"],"picked":"Coolheaded","floor":3},{"not_picked":["Coolheaded","White Noise"],"picked":"Ball Lightning","floor":6},{"not_picked":["Force Field","Gash","Amplify"],"picked":"SKIP","floor":7},{"not_picked":["Loop","Conserve Battery"],"picked":"Chaos","floor":14},{"not_picked":["Core Surge","Thunder Strike"],"picked":"Creative AI","floor":18},{"not_picked":["Beam Cell+1","Redo","Steam"],"picked":"SKIP","floor":20},{"not_picked":["Steam","Compile Driver","Reprogram"],"picked":"SKIP","floor":23},{"not_picked":["Double Energy","Stack+1"],"picked":"Coolheaded+1","floor":26},{"not_picked":["Compile Driver","Melter+1"],"picked":"Cold Snap+1","floor":29},{"not_picked":["Ball Lightning","Barrage+1"],"picked":"Consume+1","floor":30},{"not_picked":["Sweeping Beam","Reinforced Body"],"picked":"Capacitor+1","floor":32},{"not_picked":["Genetic Algorithm","Beam Cell+1","Steam"],"picked":"SKIP","floor":33},{"not_picked":["Fission","All For One"],"picked":"Buffer","floor":36},{"not_picked":["Melter","Auto Shields+1","Reinforced Body+1"],"picked":"SKIP","floor":38},{"not_picked":["Conserve Battery","Compile Driver"],"picked":"Double Energy","floor":40},{"not_picked":["Compile Driver","Darkness+1"],"picked":"Self Repair","floor":44},{"not_picked":["Force Field+1","Rebound"],"picked":"Thunder Strike","floor":45},{"not_picked":["Conserve Battery","Double Energy"],"picked":"Coolheaded","floor":50}],"player_experience":321903,"relics_obtained":[{"floor":6,"key":"Du-Vu Doll"},{"floor":9,"key":"TungstenRod"},{"floor":10,"key":"StrikeDummy"},{"floor":11,"key":"Bag of Marbles"},{"floor":21,"key":"Bronze Scales"},{"floor":26,"key":"Potion Belt"},{"floor":28,"key":"Akabeko"},{"floor":30,"key":"Dead Branch"},{"floor":46,"key":"War Paint"},{"floor":47,"key":"Symbiotic Virus"},{"floor":50,"key":"Pen Nib"}],"event_choices":[{"damage_healed":0,"gold_gain":0,"player_choice":"Ignored","damage_taken":0,"max_hp_gain":0,"max_hp_loss":0,"event_name":"Golden Wing","floor":4,"gold_loss":0},{"cards_removed":["Strike_B"],"damage_healed":0,"gold_gain":0,"player_choice":"Purged","damage_taken":0,"max_hp_gain":0,"max_hp_loss":0,"event_name":"Purifier","floor":5,"gold_loss":0},{"damage_healed":0,"gold_gain":0,"player_choice":"Ignored","damage_taken":0,"max_hp_gain":0,"max_hp_loss":0,"event_name":"Shining Light","floor":8,"gold_loss":0},{"damage_healed":0,"gold_gain":0,"player_choice":"Trade","damage_taken":0,"relics_obtained":["NlothsMask"],"max_hp_gain":0,"max_hp_loss":0,"event_name":"FaceTrader","floor":16,"gold_loss":0},{"damage_healed":0,"gold_gain":90,"player_choice":"GOLD ","damage_taken":12,"max_hp_gain":0,"max_hp_loss":0,"event_name":"Knowing Skull","floor":22,"potions_obtained":[],"gold_loss":0,"cards_obtained":[]},{"damage_healed":0,"gold_gain":0,"player_choice":"Paid","damage_taken":0,"relics_obtained":["Red Mask"],"max_hp_gain":0,"max_hp_loss":0,"event_name":"Tomb of Lord Red Mask","floor":41,"gold_loss":29},{"damage_healed":0,"gold_gain":0,"player_choice":"Max HP","damage_taken":0,"max_hp_gain":0,"max_hp_loss":4,"event_name":"Winding Halls","floor":42,"gold_loss":0},{"cards_removed":["Strike_B"],"damage_healed":0,"gold_gain":0,"player_choice":"Removed Attack","damage_taken":0,"max_hp_gain":0,"max_hp_loss":0,"event_name":"Falling","floor":49,"gold_loss":0},{"damage_healed":0,"gold_gain":0,"player_choice":"Memory 1","damage_taken":0,"max_hp_gain":0,"max_hp_loss":0,"event_name":"SensoryStone","floor":52,"gold_loss":0}],"is_beta":false,"boss_relics":[{"not_picked":["Nuclear Battery","Runic Dome"],"picked":"Tiny House"},{"not_picked":["Philosopher\u0027s Stone","Velvet Choker"],"picked":"Fusion Hammer"}],"items_purged_floors":[2,24,39],"is_endless":false,"potions_floor_spawned":[3,18,26,29,30,36,45,50],"ascension_level":9}}