{"host":"3498uni0c31c9bdm","time":1611824526,"event":{"mods":["BaseMod","Better Third Choice","Minty Spire (QoL Compilation)","Replay The Spire","StSLib"],"gold_per_floor":[111,130,150,165,185,214,214,214,264,264,264,108,119,43,43,139,239,256,272,272,272],"floor_reached":20,"language":"ENG","playtime":637,"items_purged":[],"score":316,"play_id":"bf5b11b0-dc83-46d1-8c05-77f3d9797d52","local_time":"20210128200206","is_ascension_mode":true,"campfire_choices":[{"floor":7,"key":"RECALL"},{"floor":15,"key":"REST"}],"circlet_count":0,"master_deck":["Strike_P","Strike_P","Strike_P","Defend_P","Defend_P","Defend_P","Eruption","Vigilance","EmptyBody","Evaluate","Replay:ManipulateFuture","Replay:Vibes","FlyingSleeves","Replay:Cycle","ForeignInfluence","Steam","FlurryOfBlows","SpiritShield","EmptyFist","Prostrate"],"relics":["Painkiller Herb","Pet Ghost","Ring of Searing","Ring of Panic","Pen Nib","Smiling Mask","Potion Belt","Replay:Wanted Poster"],"acts_visited":["Exordium","TheCity"],"potions_floor_usage":[6,16,16],"damage_taken":[{"damage":0,"enemies":"Cultist","floor":1,"turns":2},{"damage":0,"enemies":"2 Louse","floor":2,"turns":3},{"damage":1,"enemies":"Jaw Worm","floor":3,"turns":4},{"damage":1,"enemies":"Looter","floor":4,"turns":4},{"damage":3,"enemies":"Blue Slaver","floor":5,"turns":5},{"damage":28,"enemies":"Gremlin Nob","floor":6,"turns":4},{"damage":0,"enemies":"Exordium Wildlife","floor":13,"turns":1},{"damage":0,"enemies":"Slime Boss","floor":16,"turns":2},{"damage":23,"enemies":"Spheric Guardian","floor":18,"turns":6},{"damage":30,"enemies":"3 Byrds","floor":19,"turns":7},{"damage":14,"enemies":"Snake Plant","floor":20,"turns":2}],"seed_played":"6599843415291241094","potions_obtained":[{"floor":1,"key":"Elixir"},{"floor":3,"key":"GamblersBrew"},{"floor":4,"key":"Toxic Potion"},{"floor":13,"key":"SneckoOil"},{"floor":16,"key":"DuplicationPotion"},{"floor":19,"key":"Swift Potion"}],"is_trial":false,"path_per_floor":["?","?","?","?","?","E","T","?","T","?","?","T","?","T","T","B",null,"?","?","?"],"character_chosen":"WATCHER","items_purchased":["Potion Belt","LiquidMemories"],"campfire_rested":1,"item_purchase_floors":[12,14],"current_hp_per_floor":[65,65,64,63,60,32,32,32,32,32,29,29,29,29,50,50,67,44,14,0,0],"gold":272,"neow_bonus":"BOSS_RELIC","is_daily":false,"chose_seed":false,"campfire_upgraded":0,"win_rate":0.0,"timestamp":1611824526,"path_taken":["?","?","?","?","?","E","T","?","T","?","?","T","?","?","T","BOSS","?","?","?"],"items_purchased_type":["Relic","Potion"],"build_version":"2020-12-22","purchased_purges":0,"victory":false,"max_hp_per_floor":[72,72,72,72,72,72,72,72,72,72,72,72,72,72,72,72,72,72,72,72,72],"card_choices":[{"not_picked":["InnerPeace","SashWhip"],"picked":"EmptyBody","floor":1},{"not_picked":["InnerPeace","Replay:AtTheReady"],"picked":"Evaluate","floor":2},{"not_picked":["Replay:Hum","MentalFortress"],"picked":"Replay:ManipulateFuture","floor":3},{"not_picked":["Pray","SignatureMove"],"picked":"Replay:Vibes","floor":4},{"not_picked":["InnerPeace","ClearTheMind"],"picked":"FlyingSleeves","floor":5},{"not_picked":["Replay:BluntJabs","Evaluate"],"picked":"Replay:Cycle","floor":6},{"not_picked":["Halt","EmptyFist"],"picked":"FlurryOfBlows","floor":13},{"not_picked":["Scrawl","Vault"],"picked":"SpiritShield","floor":16},{"not_picked":["Evaluate+1","CrushJoints"],"picked":"EmptyFist","floor":18},{"not_picked":["Replay:BluntJabs","CutThroughFate"],"picked":"Prostrate","floor":19}],"player_experience":755850,"relics_obtained":[{"floor":6,"key":"Pet Ghost"},{"floor":8,"key":"Ring of Searing"},{"floor":8,"key":"Ring of Panic"},{"floor":9,"key":"Pen Nib"}],"event_choices":[{"damage_healed":0,"gold_gain":0,"player_choice":"Relic ","damage_taken":3,"max_hp_gain":0,"max_hp_loss":0,"event_name":"betterThird:BetterScrap","floor":11,"gold_loss":0,"cards_obtained":["Setup"]}],"is_beta":false,"boss_relics":[{"not_picked":["Velvet Choker","Sozu"],"picked":"Replay:Wanted Poster"}],"items_purged_floors":[],"is_endless":false,"potions_floor_spawned":[1,3,4,13,16,19],"killed_by":"Snake Plant","ascension_level":8}}