{"host":"zv753xhrtese558r","time":1611809545,"event":{"mods":["2.2 Compatiblity","AchievementEnabler","BaseMod","Bestiary","Better Match","Better Note","Better Skull","Better Third Choice","BetterRewards","Colored Map","Colored Powertips","Googly Eyes","Infinite Spire","Minty Spire (QoL Compilation)","Reliquary","Replay The Spire","Spicy Shops","StSLib"],"gold_per_floor":[114,125,125,22,41,41,60,95,95,108,108,108,108,108,108,180,180,193,193,193,208,25,25,45,45,45,45,76,91,91,111,111,185,185,201,34,45,57,57,57,76,95,148,148,148,173,173,191,191,191],"floor_reached":51,"language":"ENG","playtime":3088,"items_purged":["Strike_R","Strike_R"],"score":1524,"play_id":"01207b2a-9c6b-45ae-b768-cf69cbe67f20","local_time":"20210127205225","is_ascension_mode":true,"campfire_choices":[{"floor":6.0,"key":"REST"},{"floor":11.0,"key":"REST"},{"floor":15.0,"key":"REST"},{"data":"Limit Break","floor":23.0,"key":"SMITH"},{"floor":25.0,"key":"REST"},{"data":"Limit Break","floor":27.0,"key":"SMITH"},{"data":"Rampage","floor":32.0,"key":"SMITH"},{"data":"Metallicize","floor":40,"key":"SMITH"},{"data":"Flex","floor":45,"key":"SMITH"},{"data":"Flex","floor":47,"key":"SMITH"},{"data":"Iron Wave","floor":49,"key":"SMITH"}],"circlet_count":0,"master_deck":["AscendersBane","Strike_R","Strike_R","Defend_R","Defend_R","Defend_R","Bash","Sword Boomerang","Metallicize+1","Flex+1","Twin Strike","Pummel","Iron Wave+1","Wild Strike","Rampage+1","Flex+1","infinitespire:Menacing","Limit Break+1","CurseOfTheBell","Shrug It Off","Limit Break+1","Thunderclap","Infernal Blade+1","Pummel","Heavy Blade+1"],"relics":["Burning Blood","Singing Bowl","The Courier","infinitespire:EmpoweringShard","Calling Bell","reliquary:SharkskinSheath","infinitespire:WardingShard","Durian","White Beast Statue","Replay:Baseball","Replay:Accelerometer","Golden Egg","ReplayTheSpireMod:EnergyBall","Black Blood","Replay:Bronze Core","Membership Card","Blood Vial","Du-Vu Doll","Replay:Multitool"],"acts_visited":["Exordium","TheCity","TheBeyond"],"potions_floor_usage":[33,35,37,46,46,50,50],"damage_taken":[{"damage":7.0,"enemies":"Cultist","floor":1.0,"turns":4.0},{"damage":12.0,"enemies":"Jaw Worm","floor":2.0,"turns":2.0},{"damage":4.0,"enemies":"2 Louse","floor":5.0,"turns":3.0},{"damage":8.0,"enemies":"2 Fungi Beasts","floor":7.0,"turns":3.0},{"damage":30.0,"enemies":"Lagavulin","floor":8.0,"turns":5.0},{"damage":14.0,"enemies":"Red Slaver","floor":10.0,"turns":2.0},{"damage":36.0,"enemies":"Hexaghost","floor":16.0,"turns":8.0},{"damage":4.0,"enemies":"3 Byrds","floor":18.0,"turns":5.0},{"damage":19.0,"enemies":"2 Thieves","floor":21.0,"turns":5.0},{"damage":16.0,"enemies":"Snake Plant","floor":24.0,"turns":2.0},{"damage":3.0,"enemies":"Replay:Snechameleon","floor":28.0,"turns":5.0},{"damage":0.0,"enemies":"Snecko","floor":29.0,"turns":3.0},{"damage":36.0,"enemies":"3 Cultists","floor":31.0,"turns":6.0},{"damage":60,"enemies":"Automaton","floor":33,"turns":8},{"damage":33,"enemies":"3 Darklings","floor":35,"turns":4},{"damage":0,"enemies":"Orb Walker","floor":37,"turns":3},{"damage":2,"enemies":"Jaw Worm Horde","floor":38,"turns":4},{"damage":21,"enemies":"Sphere and 2 Shapes","floor":41,"turns":3},{"damage":3,"enemies":"3 Darklings","floor":42,"turns":3},{"damage":0,"enemies":"Mind Bloom Boss Battle","floor":46,"turns":3},{"damage":0,"enemies":"Jaw Worm Horde","floor":48,"turns":3},{"damage":75,"enemies":"Time Eater","floor":50,"turns":5}],"seed_played":"-5124682284419448385","potions_obtained":[{"floor":7.0,"key":"Strength Potion"},{"floor":16.0,"key":"Strength Potion"},{"floor":20.0,"key":"BlessingOfTheForge"},{"floor":21.0,"key":"AttackPotion"},{"floor":29.0,"key":"Death Potion"},{"floor":33,"key":"FearPotion"},{"floor":35,"key":"EntropicBrew"},{"floor":37,"key":"Regen Potion"},{"floor":41,"key":"PowerPotion"},{"floor":46,"key":"Strength Potion"}],"is_trial":false,"path_per_floor":["M","M","?","$","M","R","M","E","T","M","R","?","?","?","R","B",null,"M","T","?","M","$","R","M","R","T","R","E","M","AVR","M","R","B",null,"M","$","M","M","$","R","M","M","T","T","R","?","R","M","R","B",null],"character_chosen":"IRONCLAD","items_purchased":["Singing Bowl","Sword Boomerang","Metallicize","Pummel","Iron Wave","Replay:Baseball","Limit Break","Membership Card"],"campfire_rested":4,"item_purchase_floors":[0,0,0,4,4,22,22,36],"current_hp_per_floor":[50,44,37,37,39,61,61,37,37,29,52,52,33,33,56,26,69,71,71,71,60,60,60,52,77,77,77,80,88,88,72,72,32,77,62,62,82,94,94,94,93,98,98,98,98,100,100,100,100,43],"gold":191,"neow_bonus":"","is_daily":false,"chose_seed":false,"campfire_upgraded":7,"win_rate":0.0,"timestamp":1611809545,"path_taken":["M","?","?","$","M","R","M","E","T","M","R","?","?","?","R","BOSS","M","?","?","M","$","R","M","R","T","R","E","?","AVR","M","R","BOSS","M","$","M","M","?","R","M","M","T","?","R","?","R","M","R","BOSS"],"items_purchased_type":["Relic","Card","Card","Card","Card","Relic","Card","Relic"],"build_version":"2020-12-22","purchased_purges":2,"victory":true,"max_hp_per_floor":[75,75,75,75,75,75,77,77,77,77,77,77,77,77,77,77,82,82,82,82,84,84,84,86,86,86,86,86,88,88,90,90,92,92,92,92,94,94,94,94,96,98,98,98,98,100,100,100,100,100],"card_choices":[{"not_picked":["Sword Boomerang","Havoc"],"picked":"Flex","floor":1.0},{"not_picked":["Clothesline","Evolve"],"picked":"Twin Strike","floor":2.0},{"not_picked":["Headbutt","Bludgeon"],"picked":"Wild Strike","floor":5.0},{"not_picked":["Flex","infinitespire:OneForAll","Ghostly Armor"],"picked":"Singing Bowl","floor":7.0},{"not_picked":["Clash","Shrug It Off"],"picked":"Rampage","floor":8.0},{"not_picked":["Uppercut","Perfected Strike"],"picked":"Flex","floor":10.0},{"not_picked":["infinitespire:TheBestDefense","infinitespire:Gouge"],"picked":"infinitespire:Menacing","floor":13.0},{"not_picked":["Demon Form","Bludgeon"],"picked":"Limit Break","floor":16.0},{"not_picked":["Twin Strike","Searing Blow"],"picked":"Shrug It Off","floor":18.0},{"not_picked":["Pommel Strike","Iron Wave","Shrug It Off"],"picked":"Singing Bowl","floor":21.0},{"not_picked":["Body Slam","Whirlwind","Bloodletting"],"picked":"Singing Bowl","floor":24.0},{"not_picked":["Metallicize","Body Slam"],"picked":"Thunderclap","floor":28.0},{"not_picked":["Anger+1","Disarm","Shrug It Off"],"picked":"Singing Bowl","floor":29.0},{"not_picked":["Sever Soul","Evolve","Sentinel"],"picked":"Singing Bowl","floor":31.0},{"not_picked":["Offering","Bludgeon","Immolate"],"picked":"Singing Bowl","floor":33},{"not_picked":["Power Through","Wild Strike"],"picked":"Infernal Blade+1","floor":35},{"not_picked":["Clash+1","Sword Boomerang","Power Through"],"picked":"Singing Bowl","floor":37},{"not_picked":["Clash","Rupture+1"],"picked":"Pummel","floor":38},{"not_picked":["Clash+1","Anger","Armaments"],"picked":"Singing Bowl","floor":41},{"not_picked":["Twin Strike","Armaments","Body Slam+1"],"picked":"Singing Bowl","floor":42},{"not_picked":["Twin Strike","Metallicize+1","Impervious"],"picked":"Singing Bowl","floor":46},{"not_picked":["Fire Breathing","Cleave"],"picked":"Heavy Blade+1","floor":48}],"player_experience":444737,"relics_obtained":[{"floor":8.0,"key":"The Courier"},{"floor":9.0,"key":"infinitespire:EmpoweringShard"},{"floor":17.0,"key":"reliquary:SharkskinSheath"},{"floor":17.0,"key":"infinitespire:WardingShard"},{"floor":17.0,"key":"Durian"},{"floor":19.0,"key":"White Beast Statue"},{"floor":26.0,"key":"Replay:Accelerometer"},{"floor":28.0,"key":"Golden Egg"},{"floor":43,"key":"Blood Vial"},{"floor":44,"key":"Du-Vu Doll"},{"floor":46,"key":"Replay:Multitool"}],"event_choices":[{"cards_removed":["Defend_R"],"damage_healed":0.0,"max_hp_gain":0.0,"max_hp_loss":0.0,"gold_gain":0.0,"event_name":"Golden Wing","player_choice":"Card Removal","floor":3.0,"gold_loss":0.0,"damage_taken":7.0},{"damage_healed":52.0,"max_hp_gain":0.0,"max_hp_loss":77.0,"gold_gain":0.0,"event_name":"betterThird:BetterShining","player_choice":"Leave","floor":12.0,"gold_loss":0.0,"damage_taken":0.0},{"cards_removed":["Strike_R"],"damage_healed":0.0,"max_hp_gain":0.0,"max_hp_loss":0.0,"gold_gain":0.0,"event_name":"Purifier","player_choice":"Purged","floor":14.0,"gold_loss":0.0,"damage_taken":0.0},{"damage_healed":0.0,"max_hp_gain":0.0,"max_hp_loss":0.0,"gold_gain":0.0,"event_name":"Lab","player_choice":"Got Potions","floor":20.0,"gold_loss":0.0,"damage_taken":0.0},{"damage_healed":0,"gold_gain":0,"player_choice":"Fight","damage_taken":0,"max_hp_gain":0,"max_hp_loss":0,"event_name":"MindBloom","floor":46,"gold_loss":0}],"is_beta":false,"boss_relics":[{"not_picked":["ReplayTheSpireMod:DimensionalGlitch","Astrolabe"],"picked":"Calling Bell"},{"not_picked":["Runic Dome","Philosopher\u0027s Stone"],"picked":"Replay:Bronze Core"}],"items_purged_floors":[0,36],"is_endless":false,"potions_floor_spawned":[7,16,21,24,28,29,31,33,35,37,38,41,42,46,48],"ascension_level":15}}