{"host":"sav7uxregyirlf69","time":1611820706,"event":{"mods":["AchievementEnabler","BaseMod","Colored Map","DeckTracker","Keyboard Shortcuts","Minty Spire (QoL Compilation)","READ ME - Guardian Mod","StSLib","SuperFastMode"],"gold_per_floor":[14,14,14,39,52,52,52,75,75,75,0,41,64,82,82,82,82],"floor_reached":16,"language":"KOR","playtime":207,"items_purged":["Strike_R"],"score":229,"play_id":"f7a6d20f-e84a-497c-9c88-0fd871b641ac","local_time":"20210128165826","is_ascension_mode":true,"campfire_choices":[{"data":"Rage","floor":6.0,"key":"SMITH"},{"data":"Armaments","floor":10.0,"key":"SMITH"},{"data":"Pommel Strike","floor":15.0,"key":"SMITH"}],"circlet_count":0,"master_deck":["AscendersBane","Strike_R","Strike_R","Strike_R","Strike_R","Defend_R","Defend_R","Defend_R","Defend_R","Bash","Pommel Strike+1","Armaments+1","Rage+1","Dropkick","Dropkick","Spot Weakness+1"],"relics":["Burning Blood","Golden Idol","FaceOfCleric","Toxic Egg 2","Gremlin Horn"],"acts_visited":["Exordium"],"potions_floor_usage":[16,16],"damage_taken":[{"damage":19.0,"enemies":"Small Slimes","floor":1.0,"turns":5.0},{"damage":4.0,"enemies":"2 Louse","floor":4.0,"turns":4.0},{"damage":1.0,"enemies":"Cultist","floor":5.0,"turns":3.0},{"damage":5.0,"enemies":"2 Fungi Beasts","floor":8.0,"turns":4.0},{"damage":29.0,"enemies":"Gremlin Nob","floor":12.0,"turns":4.0},{"damage":6.0,"enemies":"Exordium Wildlife","floor":13.0,"turns":3.0},{"damage":1.0,"enemies":"Exordium Thugs","floor":14.0,"turns":3.0},{"damage":41,"enemies":"The Guardian","floor":16,"turns":6}],"seed_played":"-8707718085307146683","potions_obtained":[{"floor":4.0,"key":"Strength Potion"},{"floor":12.0,"key":"GamblersBrew"},{"floor":13.0,"key":"Block Potion"},{"floor":14.0,"key":"DistilledChaos"}],"is_trial":false,"path_per_floor":["M","?","?","M","M","R","?","M","T","R","$","E","M","M","R","B"],"character_chosen":"IRONCLAD","items_purchased":[],"campfire_rested":0,"item_purchase_floors":[],"current_hp_per_floor":[69,38,38,41,47,47,52,54,54,54,54,32,33,39,39,0,0],"gold":82,"neow_bonus":"TWENTY_PERCENT_HP_BONUS","is_daily":false,"chose_seed":false,"campfire_upgraded":3,"win_rate":0.0,"timestamp":1611820706,"path_taken":["M","?","?","M","?","R","?","M","T","R","?","E","?","M","R","BOSS"],"items_purchased_type":[],"build_version":"2020-12-22","purchased_purges":1,"victory":false,"max_hp_per_floor":[89,89,89,90,91,91,96,97,97,97,97,98,99,100,100,100,100],"card_choices":[{"not_picked":["Thunderclap","Burning Pact"],"picked":"Pommel Strike","floor":1.0},{"not_picked":["Havoc","Pommel Strike"],"picked":"Armaments","floor":4.0},{"not_picked":["Flex","Second Wind"],"picked":"Rage","floor":5.0},{"not_picked":["True Grit","Headbutt"],"picked":"Dropkick","floor":8.0},{"not_picked":["Offering+1","Flame Barrier+1"],"picked":"Dropkick","floor":12.0},{"not_picked":["Cleave","Carnage"],"picked":"Spot Weakness+1","floor":13.0},{"not_picked":["Perfected Strike","Uppercut","Power Through+1"],"picked":"SKIP","floor":14.0}],"player_experience":1416401,"relics_obtained":[{"floor":9.0,"key":"Toxic Egg 2"},{"floor":12.0,"key":"Gremlin Horn"}],"event_choices":[{"damage_healed":0.0,"max_hp_gain":0.0,"max_hp_loss":0.0,"gold_gain":0.0,"event_name":"Golden Idol","player_choice":"Take Damage","floor":2.0,"gold_loss":0.0,"damage_taken":31.0,"relics_obtained":["Golden Idol"]},{"damage_healed":0.0,"max_hp_gain":0.0,"max_hp_loss":0.0,"gold_gain":0.0,"event_name":"FaceTrader","player_choice":"Trade","floor":3.0,"gold_loss":0.0,"damage_taken":0.0,"relics_obtained":["FaceOfCleric"]},{"damage_healed":0.0,"max_hp_gain":5.0,"max_hp_loss":0.0,"gold_gain":0.0,"event_name":"Big Fish","player_choice":"Donut","floor":7.0,"gold_loss":0.0,"damage_taken":0.0}],"is_beta":false,"boss_relics":[],"items_purged_floors":[11],"is_endless":false,"potions_floor_spawned":[4,12,13,14],"killed_by":"The Guardian","ascension_level":20}}