{"host":"lq2h7q9ca6uwu60x","time":1611845706,"event":{"mods":["Act Like it!","BaseMod","Gensokyo","Marisa£®ÏF”Í°°ƒß¿Ì…≥£©","Minty Spire (QoL Compilation)","SIMod","StSLib"],"gold_per_floor":[111,111,111,128,140,140,65,92,92,92,102,122,141,141,141,239,239,258,258,278,278,278,296,296,321,321,321,201,201,220,251,251,352,352,364,364,364,379,379,379,413,162,162,177,191,191,131,131,131,131,131,131,6,40,40],"floor_reached":56,"language":"ZHS","playtime":3346,"items_purged":["Strike_TS","Winterwrapup+1","ThunderCloud"],"score":2253,"play_id":"598ffca6-6006-4a17-9a1b-d3d198a6fd5b","local_time":"20210128225506","is_ascension_mode":true,"campfire_choices":[{"data":"HarmonyForm","floor":6,"key":"SMITH"},{"data":"Winterwrapup","floor":15,"key":"SMITH"},{"data":"FriendOfNature","floor":27,"key":"SMITH"},{"floor":32,"key":"RECALL"},{"data":"HarmonyShield","floor":40,"key":"SMITH"},{"data":"SonicRainbow","floor":46,"key":"SMITH"},{"data":"RunningOfTheLeaves","floor":49,"key":"SMITH"},{"data":"HideCarefully","floor":52,"key":"SMITH"}],"circlet_count":0,"master_deck":["AscendersBane","Strike_RR","Defend_PP","Defend_AJ","ConcertedEfforts","HarmonyShield+1","HarmonyForm+1","RunningOfTheLeaves+1","FriendshipIsMagic","HideCarefully+1","Generousity","Night Terror","SonicRainbow+1","Gensokyo:Kunekune","FriendOfNature+1","Dear_Princess+1","Shame","Gensokyo:CustomPotion","Sisterhood"],"relics":["Cursed Key","Gensokyo:Justice","Mummified Hand","Anchor","Snecko Eye","Bloomberg","Gensokyo:LionMask","Question Card","Sozu","Eternal Feather","Medical Kit","Blue Candle","Ginger"],"acts_visited":["Exordium","Gensokyo:Gensokyo","Gensokyo:Gensokyoer","TheEnding"],"potions_floor_usage":[25,45,55],"damage_taken":[{"damage":0,"enemies":"Gensokyo:3_Fairies","floor":1,"turns":5},{"damage":0,"enemies":"Gensokyo:Gryphon","floor":4,"turns":3},{"damage":7,"enemies":"Gensokyo:2_Kodama","floor":5,"turns":3},{"damage":6,"enemies":"Gensokyo:Cirno","floor":8,"turns":5},{"damage":0,"enemies":"Gensokyo:5_Fairies","floor":11,"turns":3},{"damage":0,"enemies":"Gensokyo:Python_and_Kodama","floor":12,"turns":3},{"damage":1,"enemies":"Gensokyo:Kitsune","floor":13,"turns":4},{"damage":0,"enemies":"Gensokyo:Yukari","floor":16,"turns":9},{"damage":0,"enemies":"Gensokyo:2_Gloops","floor":18,"turns":3},{"damage":0,"enemies":"Gensokyo:CosmicMonolith","floor":20,"turns":4},{"damage":8,"enemies":"Gensokyo:Slime_Group","floor":23,"turns":4},{"damage":0,"enemies":"Gensokyo:Reisen","floor":25,"turns":7},{"damage":0,"enemies":"Gensokyo:Wraith","floor":30,"turns":4},{"damage":0,"enemies":"Gensokyo:Tenshi","floor":31,"turns":3},{"damage":0,"enemies":"Gensokyo:Eternal_Rivals","floor":33,"turns":7},{"damage":0,"enemies":"Gensokyo:AncientGuardian","floor":35,"turns":3},{"damage":1,"enemies":"Gensokyo:3_Boulders","floor":38,"turns":4},{"damage":0,"enemies":"Gensokyo:Kasen","floor":41,"turns":5},{"damage":0,"enemies":"Gensokyo:AtlasGolem","floor":44,"turns":4},{"damage":0,"enemies":"Gensokyo:Rafflesia","floor":45,"turns":6},{"damage":1,"enemies":"Gensokyo:Scarlet_Devils","floor":50,"turns":10},{"damage":0,"enemies":"Shield and Spear","floor":54,"turns":6},{"damage":42,"enemies":"The Heart","floor":55,"turns":11}],"seed_played":"7019309305786613272","potions_obtained":[{"floor":4,"key":"BlessingOfTheForge"},{"floor":5,"key":"BlessingOfTheForge"},{"floor":11,"key":"PowerPotion"},{"floor":13,"key":"DistilledChaos"},{"floor":25,"key":"FearPotion"},{"floor":31,"key":"Fire Potion"}],"is_trial":false,"path_per_floor":["M","?","?","M","M","R","$","E","T","?","M","M","M","?","R","B",null,"M","?","M","?","?","M","?","E","T","R","?","?","M","E","R","B",null,"M","?","?","M","?","R","E","$","T","M","M","R","?","?","R","B",null,"R","$","E","B",null],"character_chosen":"TWI_CLASS","items_purchased":["Medical Kit"],"campfire_rested":0,"item_purchase_floors":[42],"current_hp_per_floor":[74,74,74,74,67,67,67,61,61,29,29,29,28,12,12,12,65,65,65,65,65,57,49,49,49,49,49,49,49,52,55,55,61,71,74,74,63,67,67,67,73,73,73,74,74,74,74,74,74,73,74,74,74,74,36],"gold":40,"neow_bonus":"BOSS_RELIC","is_daily":false,"chose_seed":false,"campfire_upgraded":7,"win_rate":0.0,"timestamp":1611845706,"path_taken":["M","?","?","M","?","R","$","E","T","?","?","M","?","?","R","BOSS","M","?","M","?","?","?","?","E","T","R","?","?","M","E","R","BOSS","M","?","?","?","?","R","E","$","T","?","M","R","?","?","R","BOSS","R","$","E","BOSS"],"items_purchased_type":["Relic"],"build_version":"2020-12-22","purchased_purges":3,"victory":true,"max_hp_per_floor":[82,82,82,82,82,82,82,82,82,82,82,82,82,82,82,82,82,82,82,82,82,82,82,74,74,74,74,74,74,74,74,74,74,74,74,74,74,74,74,74,74,74,74,74,74,74,74,74,74,74,74,74,74,74,74],"card_choices":[{"not_picked":["FriendOfNature","Magictrain"],"picked":"ThunderCloud","floor":1},{"not_picked":["ServeMeal","RashStunts"],"picked":"Generousity","floor":2},{"not_picked":["Honesty","Laughter"],"picked":"HarmonyForm","floor":4},{"not_picked":["Return_To_Past","ServeMeal","BehindTheScene"],"picked":"SKIP","floor":5},{"not_picked":["Generousity","DynamicVision"],"picked":"RunningOfTheLeaves","floor":8},{"not_picked":["CleanLibrary","Mischief","DynamicVision"],"picked":"SKIP","floor":11},{"not_picked":["SwiftKick","ISayNo"],"picked":"Winterwrapup","floor":12},{"not_picked":["PartyAlone","RashStunts","Smile"],"picked":"SKIP","floor":13},{"not_picked":["Sisterhood","InspirationRecovery"],"picked":"FriendshipIsMagic","floor":16},{"not_picked":["RashStunts","SwiftKick","AppleFeast+1"],"picked":"SKIP","floor":18},{"not_picked":["Yay+1","ServeMeal"],"picked":"HideCarefully","floor":20},{"not_picked":["Smile+1","Celebrities"],"picked":"SonicRainbow","floor":23},{"not_picked":["Gensokyo:LittleGreenMen","Gensokyo:EightFeetTall"],"picked":"Gensokyo:Kunekune","floor":24},{"not_picked":["ServeMeal+1","PartyTime"],"picked":"FriendOfNature","floor":25},{"not_picked":["AllByMyself","Return_To_Past","Whining+1"],"picked":"SKIP","floor":30},{"not_picked":["RashStunts","FarmExpert","SwiftKick"],"picked":"SKIP","floor":31},{"not_picked":["Laughter","TenInstruments","Boundary","GemstoneDetection"],"picked":"SKIP","floor":35},{"not_picked":["ISayNo","Smile","GemstoneDetection"],"picked":"Dear_Princess+1","floor":38},{"not_picked":["ThrowingApples","SwiftKick","Generousity","Winterwrapup"],"picked":"SKIP","floor":41},{"not_picked":["ThunderCloud+1","RashStunts","AlloutStrike+1","Anxiousness"],"picked":"SKIP","floor":44},{"not_picked":["AppleFeast","AppleFever","BatchProduction","Lasso"],"picked":"SKIP","floor":45},{"not_picked":["Boundary","ISayNo","RunningOfTheLeaves+1","PartyAlone"],"picked":"SKIP","floor":54}],"player_experience":858977,"relics_obtained":[{"floor":8,"key":"Mummified Hand"},{"floor":9,"key":"Sofa"},{"floor":25,"key":"Bloomberg"},{"floor":31,"key":"Question Card"},{"floor":41,"key":"Eternal Feather"},{"floor":43,"key":"Blue Candle"},{"floor":54,"key":"Ginger"}],"event_choices":[],"is_beta":false,"boss_relics":[{"not_picked":["Empty Cage","Busted Crown"],"picked":"Snecko Eye"},{"not_picked":["SacredBark","Pandora\u0027s Box"],"picked":"Sozu"}],"items_purged_floors":[7,42,53],"is_endless":false,"potions_floor_spawned":[4,5,11,13,16,25,30,31,35,41,45],"ascension_level":12}}