{"host":"56d873i5r3uhle0q","time":1611795833,"event":{"mods":["100% Spire Juice","Act Like it!","Aspiration","BaseMod","Block Reminder","Conspire","Dota2Spire","Downfall","Gensokyo","Hermit","Hubris","Infinite Spire","Jedi Mod","Lobotomy","LobotomyExtend","Marisa????????","Marked Mod","Minty Spire (QoL Compilation)","Reliquary","Replay The Spire","StSLib","The Animator","The Bug Knight","The Cursed","The Marked","The Servant 0.9.4","everything is the same but u backflip on backflip","??????REMEMod"],"gold_per_floor":[210,210,222,105,124,124,168,179,204,223,243,243,243,261,276,129,129,233,233,244,263,263,263,263,263,263,263,263],"floor_reached":27,"language":"ENG","playtime":1279,"items_purged":[],"score":205,"play_id":"a36c80f1-0938-49f7-b874-8c6ee0648826","local_time":"20210127180353","is_ascension_mode":false,"campfire_choices":[{"data":"REME_Repentance","floor":6.0,"key":"SMITH"},{"floor":17.0,"key":"REST"},{"floor":25.0,"key":"REST"}],"circlet_count":0,"master_deck":["Strike_P","Strike_P","Strike_P","Strike_P","Defend_P","Defend_P","Defend_P","Defend_P","Eruption","Vigilance","expansioncontent:AwakenDeath","REME_Repentance+1","Nirvana","JustLucky","DevaForm+1","MasterReality","Fasting2","Judgement","Gensokyo:AllTheWorldsEvil","jedi:BattleThirst"],"relics":["PureWater","REME_ComplimentaryCards","Sundial","Orrery","SlaversCollar","Unceasing Top"],"acts_visited":["Gensokyo:Gensokyo","Gensokyo:Gensokyoer"],"potions_floor_usage":[],"damage_taken":[{"damage":0.0,"enemies":"Gensokyo:Python","floor":1.0,"turns":4.0},{"damage":4.0,"enemies":"Gensokyo:3_Fairies","floor":3.0,"turns":4.0},{"damage":2.0,"enemies":"Gensokyo:Gryphon","floor":5.0,"turns":7.0},{"damage":23.0,"enemies":"conspire:MimicChest","floor":7.0,"turns":9.0},{"damage":18.0,"enemies":"Gensokyo:2_Rabbits","floor":8.0,"turns":6.0},{"damage":1.0,"enemies":"Gensokyo:VengefulSpirit","floor":10.0,"turns":6.0},{"damage":4.0,"enemies":"Gensokyo:Python_and_Kodama","floor":11.0,"turns":5.0},{"damage":31.0,"enemies":"Gensokyo:3_Kodama","floor":14.0,"turns":6.0},{"damage":11.0,"enemies":"Gensokyo:VengefulSpirit","floor":15.0,"turns":8.0},{"damage":23.0,"enemies":"Gensokyo:Yukari","floor":18.0,"turns":12.0},{"damage":35.0,"enemies":"Gensokyo:AngelMirror","floor":20.0,"turns":6.0},{"damage":8.0,"enemies":"Gensokyo:Chomper","floor":21.0,"turns":7.0},{"damage":82,"enemies":"Gensokyo:Monolith_and_Dog","floor":27,"turns":6}],"seed_played":"-503500553900841740","potions_obtained":[{"floor":1.0,"key":"bronze:BurnAndBuffPotion"},{"floor":8.0,"key":"Cursed Concoction"},{"floor":11.0,"key":"jedi:tentaclejuice"}],"is_trial":false,"path_per_floor":["M","?","M","$","M","R","?","M","T","M","M","PTL","PTL","M","M","COS","R","B",null,"M","M","?","?","$","R","?","M"],"character_chosen":"WATCHER","items_purchased":["Nirvana","JustLucky"],"campfire_rested":2,"item_purchase_floors":[4,4],"current_hp_per_floor":[72,72,68,68,66,66,43,25,25,24,20,20,20,9,18,18,39,16,72,37,29,29,29,29,50,50,0,0],"gold":263,"neow_bonus":"HUNDRED_GOLD","is_daily":false,"chose_seed":false,"campfire_upgraded":1,"win_rate":0.0,"timestamp":1611795833,"path_taken":["M","?","M","$","M","R","?","M","T","M","?","PTL","PTL","M","M","COS","R","BOSS","M","M","?","?","?","R","?","?"],"items_purchased_type":["Card","Card"],"build_version":"2020-12-22","purchased_purges":0,"victory":false,"max_hp_per_floor":[72,72,72,72,72,72,72,72,72,72,72,72,72,72,72,72,72,72,72,72,72,72,72,72,72,72,72,72],"card_choices":[{"not_picked":["Replay:Anticipation","MarkedMod:FirstStrike"],"picked":"REME_Repentance","floor":1.0},{"not_picked":["REME_MusicOfDeath","Evaluate","CutThroughFate"],"picked":"SKIP","floor":3.0},{"not_picked":["CutThroughFate","Consecrate","SashWhip"],"picked":"SKIP","floor":5.0},{"not_picked":["ReachHeaven","MarkedMod:FirstStrike"],"picked":"DevaForm","floor":7.0},{"not_picked":["MarkedMod:GentlePulse","MarkedMod:PinPointDefense","Protect"],"picked":"SKIP","floor":8.0},{"not_picked":["MarkedMod:GentlePulse","FollowUp","TalkToTheHand"],"picked":"SKIP","floor":10.0},{"not_picked":["MarkedMod:FirstStrike","MarkedMod:GentlePulse"],"picked":"MasterReality","floor":11.0},{"not_picked":["Collect","Swivel","JustLucky"],"picked":"SKIP","floor":14.0},{"not_picked":["Worship","FollowUp","Blasphemy"],"picked":"SKIP","floor":15.0},{"not_picked":["Halt","SashWhip"],"picked":"Fasting2","floor":16.0},{"not_picked":["Blasphemy","Brilliance"],"picked":"Judgement","floor":18.0},{"not_picked":["MarkedMod:Acupuncture","PathToVictory","Replay:Anticipation"],"picked":"SKIP","floor":20.0},{"not_picked":["Evaluate","Study","ThirdEye"],"picked":"SKIP","floor":21.0}],"player_experience":663119,"relics_obtained":[{"floor":7.0,"key":"Sundial"}],"event_choices":[],"is_beta":false,"boss_relics":[{"not_picked":["Dota2Spire:Bloodstone","hubris:BlackHole"],"picked":"SlaversCollar"}],"items_purged_floors":[],"is_endless":false,"potions_floor_spawned":[1,8,11,15,18,20,21],"killed_by":"Gensokyo:Monolith_and_Dog","ascension_level":0}}