{"host":"hjajo0rafoe1e6c4","time":1611796722,"event":{"mods":["AchievementEnabler","BaseMod","Bestiary","Colored Map","Colored Powertips","Highlight Path","Minty Spire (QoL Compilation)","Relic Stats"],"gold_per_floor":[117,127,302,302,19,44,55,81,129,148,148,161,161,186,186,284,284,298,298,308,318,22,54,54,80,105,105,38,38,68,87,87,185,185,200,200,174,190,205,205,235,235,286,314,334,334,334,345,345,345,345,345,145,171,171,171],"floor_reached":55,"language":"ENG","playtime":3084,"items_purged":["Doubt"],"score":1109,"play_id":"0c54622f-a5ea-4fc9-b18f-a656cb863e9b","local_time":"20210127201842","is_ascension_mode":true,"campfire_choices":[{"data":"Crippling Poison","floor":11.0,"key":"SMITH"},{"data":"Dash","floor":13.0,"key":"SMITH"},{"data":"Bouncing Flask","floor":15.0,"key":"SMITH"},{"data":"Cloak And Dagger","floor":24.0,"key":"SMITH"},{"data":"Accuracy","floor":27.0,"key":"SMITH"},{"data":"Footwork","floor":29.0,"key":"SMITH"},{"data":"Adrenaline","floor":32.0,"key":"SMITH"},{"data":"Catalyst","floor":40,"key":"SMITH"},{"data":"Impatience","floor":42,"key":"SMITH"},{"floor":46,"key":"RECALL"},{"data":"Wraith Form v2","floor":49,"key":"SMITH"},{"data":"Sucker Punch","floor":52,"key":"SMITH"}],"circlet_count":0,"master_deck":["Strike_G+1","Strike_G+1","Strike_G+1","Strike_G+1","Strike_G+1","Defend_G+1","Defend_G+1","Defend_G+1","Defend_G+1","Defend_G+1","Survivor","Neutralize","Crippling Poison+1","Dash+1","After Image","Blade Dance+1","Escape Plan","Bouncing Flask+1","Dagger Spray","Deadly Poison","Blur","Corpse Explosion+1","Blade Dance+1","Cloak And Dagger+1","Accuracy+1","Blur","PiercingWail","Footwork+1","Adrenaline+1","Catalyst+1","Wraith Form v2+1","Sucker Punch+1","Impatience+1","PiercingWail","Predator+1","Catalyst+1","Blade Dance+1","Blur","Cloak And Dagger+1","Well Laid Plans","Predator","Flash of Steel","Skewer+1"],"relics":["Runic Dome","Bottled Tornado","Centennial Puzzle","Lantern","Bag of Marbles","SlaversCollar","Ice Cream","Orichalcum","Ornamental Fan","War Paint","Bottled Lightning","Sozu","Happy Flower","Eternal Feather","Bag of Preparation"],"acts_visited":["Exordium","TheCity","TheBeyond","TheEnding"],"potions_floor_usage":[50,55,55],"damage_taken":[{"damage":2.0,"enemies":"Small Slimes","floor":1.0,"turns":5.0},{"damage":0.0,"enemies":"Jaw Worm","floor":2.0,"turns":4.0},{"damage":2.0,"enemies":"3 Sentries","floor":6.0,"turns":11.0},{"damage":0.0,"enemies":"Cultist","floor":7.0,"turns":3.0},{"damage":2.0,"enemies":"Lagavulin","floor":8.0,"turns":9.0},{"damage":0.0,"enemies":"Blue Slaver","floor":10.0,"turns":3.0},{"damage":0.0,"enemies":"2 Fungi Beasts","floor":12.0,"turns":3.0},{"damage":12.0,"enemies":"Gremlin Nob","floor":14.0,"turns":4.0},{"damage":8.0,"enemies":"The Guardian","floor":16.0,"turns":8.0},{"damage":1.0,"enemies":"3 Byrds","floor":18.0,"turns":5.0},{"damage":0.0,"enemies":"Chosen","floor":20.0,"turns":3.0},{"damage":0.0,"enemies":"Snecko","floor":21.0,"turns":4.0},{"damage":26.0,"enemies":"Slavers","floor":23.0,"turns":4.0},{"damage":0.0,"enemies":"Gremlin Leader","floor":25.0,"turns":5.0},{"damage":7.0,"enemies":"Slavers","floor":30.0,"turns":4.0},{"damage":0.0,"enemies":"Snake Plant","floor":31.0,"turns":4.0},{"damage":13.0,"enemies":"Automaton","floor":33.0,"turns":8.0},{"damage":5,"enemies":"Orb Walker","floor":35,"turns":4},{"damage":0,"enemies":"3 Darklings","floor":38,"turns":4},{"damage":5,"enemies":"Sphere and 2 Shapes","floor":39,"turns":4},{"damage":0,"enemies":"Giant Head","floor":41,"turns":5},{"damage":0,"enemies":"Nemesis","floor":44,"turns":5},{"damage":0,"enemies":"Maw","floor":45,"turns":7},{"damage":0,"enemies":"Jaw Worm Horde","floor":48,"turns":3},{"damage":0,"enemies":"Donu and Deca","floor":50,"turns":6},{"damage":11,"enemies":"Shield and Spear","floor":54,"turns":5},{"damage":68,"enemies":"The Heart","floor":55,"turns":9}],"seed_played":"3474872279298958158","potions_obtained":[{"floor":1.0,"key":"FearPotion"},{"floor":6.0,"key":"SpeedPotion"},{"floor":7.0,"key":"EssenceOfSteel"},{"floor":10.0,"key":"Fruit Juice"},{"floor":23.0,"key":"AttackPotion"},{"floor":33.0,"key":"Swift Potion"}],"is_trial":false,"path_per_floor":["M","M","?","?","$","E","M","E","T","M","R","M","R","E","R","B",null,"M","?","M","M","$","E","R","E","T","R","$","R","E","M","R","B",null,"M","?","$","M","M","R","E","R","T","E","M","R","$","M","R","B",null,"R","$","E","B"],"character_chosen":"THE_SILENT","items_purchased":["After Image","Blade Dance","Ice Cream","Footwork","PiercingWail","Well Laid Plans","Predator","Flash of Steel"],"campfire_rested":0,"item_purchase_floors":[5,5,22,28,37,53,53,53],"current_hp_per_floor":[68,68,68,54,54,52,52,50,50,50,50,50,50,38,38,30,70,69,69,69,69,69,48,48,48,48,48,48,48,41,41,41,28,75,70,70,70,70,65,65,65,65,65,65,65,75,75,75,75,75,75,75,75,64,0,0],"gold":171,"neow_bonus":"BOSS_RELIC","is_daily":false,"chose_seed":false,"campfire_upgraded":11,"win_rate":0.0,"timestamp":1611796722,"path_taken":["M","M","?","?","$","E","M","E","T","M","R","M","R","E","R","BOSS","M","?","M","M","$","E","R","E","T","R","?","R","E","M","R","BOSS","M","?","?","M","M","R","E","R","T","E","M","R","$","M","R","BOSS","R","$","E","BOSS"],"items_purchased_type":["Card","Card","Relic","Card","Card","Card","Card","Card"],"build_version":"2020-12-22","purchased_purges":1,"victory":false,"max_hp_per_floor":[70,70,70,70,70,70,70,70,70,70,70,70,70,70,70,70,70,70,70,70,70,70,75,75,75,75,75,75,75,75,75,75,75,75,75,75,75,75,75,75,75,75,75,75,75,75,75,75,75,75,75,75,75,75,75,75],"relic_stats":{"Sozu":4,"Centennial Puzzle":[30],"Happy Flower":[11],"counters":[27,139],"Ornamental Fan":[176],"Eternal Feather":10,"Bag of Preparation":[2],"Orichalcum":[18],"War Paint":["Blade Dance","Corpse Explosion"],"obtain_stats":[{"Ice Cream":22,"Lantern":9,"Happy Flower":41,"Eternal Feather":44,"Bag of Preparation":54,"Bottled Tornado":6,"Orichalcum":23,"War Paint":26,"Sozu":34,"Runic Dome":0,"SlaversCollar":17,"Centennial Puzzle":8,"Ornamental Fan":25,"Bag of Marbles":14,"Bottled Lightning":30,"Ring of the Snake":0},{"Ice Cream":12,"Lantern":5,"Happy Flower":21,"Eternal Feather":22,"Bag of Preparation":26,"Bottled Tornado":3,"Orichalcum":13,"War Paint":14,"Sozu":17,"Runic Dome":0,"SlaversCollar":9,"Centennial Puzzle":5,"Ornamental Fan":14,"Bag of Marbles":8,"Bottled Lightning":15,"Ring of the Snake":0},{"Ice Cream":62,"Lantern":32,"Happy Flower":104,"Eternal Feather":109,"Bag of Preparation":130,"Bottled Tornado":20,"Orichalcum":66,"War Paint":71,"Sozu":87,"Runic Dome":0,"SlaversCollar":50,"Centennial Puzzle":32,"Ornamental Fan":71,"Bag of Marbles":42,"Bottled Lightning":75,"Ring of the Snake":0}]},"card_choices":[{"not_picked":["Calculated Gamble","Flying Knee"],"picked":"Crippling Poison","floor":1.0},{"not_picked":["Poisoned Stab","Blur"],"picked":"Dash","floor":2.0},{"not_picked":["Calculated Gamble","All Out Attack","Underhanded Strike"],"picked":"SKIP","floor":6.0},{"not_picked":["Flying Knee","Quick Slash"],"picked":"Escape Plan","floor":7.0},{"not_picked":["Expertise","Flechettes"],"picked":"Bouncing Flask","floor":8.0},{"not_picked":["Prepared","Flying Knee"],"picked":"Dagger Spray","floor":10.0},{"not_picked":["Prepared","Reflex"],"picked":"Deadly Poison","floor":12.0},{"not_picked":["Concentrate","Setup"],"picked":"Blur","floor":14.0},{"not_picked":["Doppelganger","Phantasmal Killer"],"picked":"Corpse Explosion","floor":16.0},{"not_picked":["Choke+1","Dagger Spray+1"],"picked":"Blade Dance+1","floor":18.0},{"not_picked":["Eviscerate","Distraction"],"picked":"Cloak And Dagger","floor":20.0},{"not_picked":["Infinite Blades","Backstab+1"],"picked":"Accuracy","floor":21.0},{"not_picked":["Setup+1","Acrobatics"],"picked":"Blur","floor":23.0},{"not_picked":["Poisoned Stab","Calculated Gamble"],"picked":"PiercingWail","floor":25.0},{"not_picked":["Underhanded Strike+1","Leg Sweep"],"picked":"Adrenaline","floor":30.0},{"not_picked":["Flying Knee","Cloak And Dagger"],"picked":"Catalyst","floor":31.0},{"not_picked":["Tools of the Trade","Burst"],"picked":"Wraith Form v2","floor":33.0},{"not_picked":["Outmaneuver","Dodge and Roll"],"picked":"Sucker Punch","floor":35},{"not_picked":["Bandage Up","Jack Of All Trades"],"picked":"Impatience","floor":36},{"not_picked":["Blur","Dodge and Roll+1"],"picked":"Predator+1","floor":38},{"not_picked":["Infinite Blades","Prepared+1"],"picked":"Catalyst+1","floor":39},{"not_picked":["Slice","Grand Finale","Glass Knife"],"picked":"SKIP","floor":41},{"not_picked":["Backflip","Bane"],"picked":"Blade Dance+1","floor":44},{"not_picked":["Slice+1","Dagger Spray"],"picked":"Blur","floor":45},{"not_picked":["Acrobatics","Deadly Poison+1"],"picked":"Cloak And Dagger+1","floor":48},{"not_picked":["Dagger Spray","Phantasmal Killer"],"picked":"Skewer+1","floor":54}],"player_experience":179855,"relics_obtained":[{"floor":6.0,"key":"Bottled Tornado"},{"floor":8.0,"key":"Centennial Puzzle"},{"floor":9.0,"key":"Lantern"},{"floor":14.0,"key":"Bag of Marbles"},{"floor":23.0,"key":"Orichalcum"},{"floor":25.0,"key":"Ornamental Fan"},{"floor":26.0,"key":"War Paint"},{"floor":30.0,"key":"Bottled Lightning"},{"floor":41,"key":"Happy Flower"},{"floor":44,"key":"Eternal Feather"},{"floor":54,"key":"Bag of Preparation"}],"event_choices":[{"damage_healed":0.0,"max_hp_gain":0.0,"max_hp_loss":0.0,"gold_gain":175.0,"event_name":"Liars Game","player_choice":"AGREE","floor":3.0,"gold_loss":0.0,"damage_taken":0.0,"cards_obtained":["Doubt"]},{"damage_healed":0.0,"max_hp_gain":0.0,"max_hp_loss":0.0,"gold_gain":0.0,"event_name":"Shining Light","player_choice":"Entered Light","floor":4.0,"gold_loss":0.0,"damage_taken":14.0,"cards_upgraded":["Defend_G","Defend_G"]},{"damage_healed":0.0,"max_hp_gain":0.0,"max_hp_loss":0.0,"gold_gain":0.0,"event_name":"Back to Basics","player_choice":"Simplicity","floor":19.0,"gold_loss":0.0,"damage_taken":0.0,"cards_upgraded":["Strike_G","Strike_G","Strike_G","Strike_G","Strike_G","Defend_G","Defend_G","Defend_G"]},{"damage_healed":0,"gold_gain":0,"player_choice":"Memory 1","damage_taken":0,"max_hp_gain":0,"max_hp_loss":0,"event_name":"SensoryStone","floor":36,"gold_loss":0}],"is_beta":false,"boss_relics":[{"not_picked":["Coffee Dripper","SacredBark"],"picked":"SlaversCollar"},{"not_picked":["Velvet Choker","Black Star"],"picked":"Sozu"}],"items_purged_floors":[5],"is_endless":false,"potions_floor_spawned":[1,6,7,10,21,23,25,33,39,45,48,54],"killed_by":"The Heart","ascension_level":4}}