{"host":"gbufj6hc0ay5hojx","time":1611866727,"event":{"mods":["AchievementEnabler","BaseMod","Colored Map","Colored Powertips","Hermit","Highlight Path","Minty Spire (QoL Compilation)","StSLib","SuperFastMode","The Cursed","The Servant 0.9.4"],"gold_per_floor":[117,292,292,43,43,43,78,3,3,3,37,56,56,90,90,189,189,200,200,100,110,29,62,81,81,106,106,117,117,134,168,168,265,265,279,49,67,67,67,102,102,102,126,141,141,141,141,160,160,160,160,160,10,44,44,44],"floor_reached":55,"language":"KOR","playtime":4032,"items_purged":["Strike_B","Strike_B","Strike_B","Defend_B"],"score":1049,"play_id":"a750b6be-9469-40e0-9a96-d39564cfede6","local_time":"20210129054527","is_ascension_mode":true,"campfire_choices":[{"data":"Zap","floor":6.0,"key":"SMITH"},{"data":"Dualcast","floor":15.0,"key":"SMITH"},{"floor":25.0,"key":"REST"},{"data":"Defend_B","floor":29.0,"key":"PURGE"},{"floor":32.0,"key":"REST"},{"data":"Defend_B","floor":41,"key":"PURGE"},{"floor":46,"key":"RECALL"},{"floor":49,"key":"REST"},{"data":"Strike_B","floor":52,"key":"PURGE"}],"circlet_count":0,"master_deck":["Defend_B","Zap+1","Dualcast+1","Ball Lightning","Thunder Strike","Conserve Battery+1","Hologram+1","Meteor Strike","Reinforced Body+1","Zap+1","Core Surge","Hologram+1","Darkness+1","BootSequence+1","Doom and Gloom","Recycle+1","Fission+1","Redo+1","Skim+1","Madness+1","Madness+1"],"relics":["Cracked Core","NeowsBlessing","Toxic Egg 2","Peace Pipe","Symbiotic Virus","Ginger","Mercury Hourglass","Shuriken","Runic Pyramid","Omamori","Lantern","Letter Opener","Cursed Key","PreservedInsect","Vajra","Pear"],"acts_visited":["Exordium","TheCity","TheBeyond","TheEnding"],"potions_floor_usage":[40,50,55,55],"damage_taken":[{"damage":0.0,"enemies":"Small Slimes","floor":1.0,"turns":1.0},{"damage":0.0,"enemies":"3 Sentries","floor":7.0,"turns":1.0},{"damage":0.0,"enemies":"Lagavulin","floor":11.0,"turns":1.0},{"damage":0.0,"enemies":"Jaw Worm","floor":12.0,"turns":3.0},{"damage":15.0,"enemies":"3 Sentries","floor":14.0,"turns":5.0},{"damage":17.0,"enemies":"The Guardian","floor":16.0,"turns":7.0},{"damage":11.0,"enemies":"Shell Parasite","floor":18.0,"turns":4.0},{"damage":0.0,"enemies":"3 Byrds","floor":21.0,"turns":4.0},{"damage":36.0,"enemies":"Gremlin Leader","floor":23.0,"turns":6.0},{"damage":0.0,"enemies":"Shelled Parasite and Fungi","floor":24.0,"turns":6.0},{"damage":0.0,"enemies":"Centurion and Healer","floor":27.0,"turns":1.0},{"damage":1.0,"enemies":"Snake Plant","floor":28.0,"turns":3.0},{"damage":0.0,"enemies":"Cultist and Chosen","floor":30.0,"turns":4.0},{"damage":11.0,"enemies":"Book of Stabbing","floor":31.0,"turns":4.0},{"damage":25.0,"enemies":"Champ","floor":33.0,"turns":7.0},{"damage":8.0,"enemies":"3 Darklings","floor":35.0,"turns":3.0},{"damage":11.0,"enemies":"3 Shapes","floor":37.0,"turns":2.0},{"damage":9,"enemies":"Giant Head","floor":40,"turns":7},{"damage":0,"enemies":"3 Darklings","floor":44,"turns":2},{"damage":6,"enemies":"Maw","floor":48,"turns":5},{"damage":35,"enemies":"Time Eater","floor":50,"turns":7},{"damage":25,"enemies":"Shield and Spear","floor":54,"turns":4},{"damage":46,"enemies":"The Heart","floor":55,"turns":6}],"seed_played":"379136595726806836","potions_obtained":[{"floor":1.0,"key":"SpeedPotion"},{"floor":11.0,"key":"Ancient Potion"},{"floor":12.0,"key":"SmokeBomb"},{"floor":24.0,"key":"GamblersBrew"},{"floor":30.0,"key":"EssenceOfSteel"},{"floor":31.0,"key":"DuplicationPotion"},{"floor":44,"key":"SpeedPotion"},{"floor":48,"key":"PowerPotion"}],"is_trial":false,"path_per_floor":["M","?","?","$","T","R","E","$","T","$","E","M","?","E","R","B",null,"M","?","$","M","$","E","M","R","T","M","M","R","M","E","R","B",null,"M","$","M","?","?","E","R","$","T","M","$","R","?","M","R","B",null,"R","$","E","B"],"character_chosen":"DEFECT","items_purchased":["Toxic Egg 2","Darkness+1","Redo+1","Skim+1"],"campfire_rested":3,"item_purchase_floors":[4,22,36,36],"current_hp_per_floor":[68,68,61,61,61,61,61,61,61,61,61,61,49,34,34,17,61,50,50,50,50,50,14,14,36,36,36,35,35,35,24,46,21,62,54,54,43,34,34,25,25,25,25,25,25,25,25,19,41,6,58,58,58,43,0,0],"gold":44,"neow_bonus":"THREE_ENEMY_KILL","is_daily":false,"chose_seed":false,"campfire_upgraded":2,"win_rate":0.0,"timestamp":1611866727,"path_taken":["M","?","?","$","?","R","E","$","T","$","E","M","?","E","R","BOSS","M","?","?","?","$","E","M","R","T","M","M","R","M","E","R","BOSS","M","$","M","?","?","E","R","$","T","?","$","R","?","M","R","BOSS","R","$","E","BOSS"],"items_purchased_type":["Relic","Card","Card","Card"],"build_version":"2020-12-22","purchased_purges":4,"victory":false,"max_hp_per_floor":[75,75,75,75,75,75,75,75,75,75,75,75,75,75,75,75,75,75,75,75,75,75,75,75,75,75,75,75,75,75,75,75,75,75,75,75,75,75,75,75,75,75,75,75,75,75,75,75,75,75,75,75,75,85,85,85],"card_choices":[{"not_picked":["Force Field","Steam"],"picked":"Ball Lightning","floor":1.0},{"not_picked":["Chaos+1","Lockon"],"picked":"Thunder Strike","floor":7.0},{"not_picked":["Go for the Eyes","Glacier+1"],"picked":"Conserve Battery+1","floor":11.0},{"not_picked":["Hello World","Cold Snap"],"picked":"Hologram+1","floor":12.0},{"not_picked":["Barrage","Stack+1","Hyperbeam"],"picked":"SKIP","floor":14.0},{"not_picked":["Creative AI","Machine Learning"],"picked":"Meteor Strike","floor":16.0},{"not_picked":["Beam Cell","Steam+1"],"picked":"Reinforced Body+1","floor":18.0},{"not_picked":["Barrage","Ball Lightning","Leap+1"],"picked":"SKIP","floor":21.0},{"not_picked":["Sweeping Beam","Stack+1"],"picked":"BootSequence+1","floor":23.0},{"not_picked":["Compile Driver+1","Coolheaded+1"],"picked":"Doom and Gloom","floor":24.0},{"not_picked":["Biased Cognition","Ball Lightning+1"],"picked":"Recycle+1","floor":28.0},{"not_picked":["Genetic Algorithm+1","Rip and Tear","Turbo+1"],"picked":"SKIP","floor":30.0},{"not_picked":["Aggregate+1","Compile Driver","All For One"],"picked":"SKIP","floor":31.0},{"not_picked":["All For One","Biased Cognition"],"picked":"Fission+1","floor":33.0},{"not_picked":["Rebound","Lockon","Hologram+1"],"picked":"SKIP","floor":35.0},{"not_picked":["Sweeping Beam+1","Gash+1","Coolheaded+1"],"picked":"SKIP","floor":37.0},{"not_picked":["White Noise+1","Ball Lightning+1","FTL"],"picked":"SKIP","floor":40},{"not_picked":["Chill+1","Beam Cell","Barrage"],"picked":"SKIP","floor":44},{"not_picked":["Go for the Eyes","Barrage+1","Chaos+1"],"picked":"SKIP","floor":48},{"not_picked":["Sweeping Beam+1","Beam Cell","Compile Driver+1"],"picked":"SKIP","floor":54}],"player_experience":511073,"relics_obtained":[{"floor":7.0,"key":"Peace Pipe"},{"floor":9.0,"key":"Symbiotic Virus"},{"floor":11.0,"key":"Ginger"},{"floor":14.0,"key":"Shuriken"},{"floor":23.0,"key":"Omamori"},{"floor":26.0,"key":"Lantern"},{"floor":31.0,"key":"Letter Opener"},{"floor":40,"key":"PreservedInsect"},{"floor":43,"key":"Vajra"},{"floor":54,"key":"Pear"}],"event_choices":[{"damage_healed":0.0,"max_hp_gain":0.0,"max_hp_loss":0.0,"gold_gain":175.0,"event_name":"Liars Game","player_choice":"AGREE","floor":2.0,"gold_loss":0.0,"damage_taken":0.0,"cards_obtained":["Doubt"]},{"cards_removed":["Doubt"],"damage_healed":0.0,"max_hp_gain":0.0,"max_hp_loss":0.0,"gold_gain":0.0,"event_name":"Golden Wing","player_choice":"Card Removal","floor":3.0,"gold_loss":0.0,"damage_taken":7.0},{"damage_healed":0.0,"max_hp_gain":0.0,"max_hp_loss":0.0,"gold_gain":0.0,"event_name":"Scrap Ooze","player_choice":"Success","floor":13.0,"gold_loss":0.0,"damage_taken":12.0,"relics_obtained":["Mercury Hourglass"]},{"damage_healed":0.0,"max_hp_gain":0.0,"max_hp_loss":0.0,"gold_gain":0.0,"event_name":"Match and Keep!","player_choice":"3 cards matched","floor":19.0,"gold_loss":0.0,"damage_taken":0.0,"cards_obtained":["Zap","Core Surge","Hologram"]},{"damage_healed":0.0,"max_hp_gain":0.0,"max_hp_loss":0.0,"gold_gain":0.0,"event_name":"Winding Halls","player_choice":"Embrace Madness","floor":38.0,"gold_loss":0.0,"damage_taken":9.0,"cards_obtained":["Madness","Madness"]},{"damage_healed":0.0,"max_hp_gain":0.0,"max_hp_loss":0.0,"gold_gain":0.0,"event_name":"The Moai Head","player_choice":"Ignored","floor":39.0,"gold_loss":0.0,"damage_taken":0.0},{"damage_healed":0,"gold_gain":0,"player_choice":"Ignored","damage_taken":0,"max_hp_gain":0,"max_hp_loss":0,"event_name":"Mysterious Sphere","floor":47,"gold_loss":0}],"is_beta":false,"boss_relics":[{"not_picked":["Black Star","Pandora\u0027s Box"],"picked":"Runic Pyramid"},{"not_picked":["Runic Dome","Tiny House"],"picked":"Cursed Key"}],"items_purged_floors":[8,20,36,53],"is_endless":false,"potions_floor_spawned":[1,11,12,24,27,30,31,44,48],"killed_by":"The Heart","ascension_level":8}}