{"host":"8a72fthmlk1o8pdb","time":1611862343,"event":{"mods":["AchievementEnabler","Aspiration","Astrologer","Bard","BaseMod","Beaked The Cultist","Better Skull","Better Third Choice","Colored Map","Colored Powertips","Downfall","Friendly Minions","GifTheSpireLib","Googly Eyes","Gremlin Mod","Hermit","Jorbs\u0027s Wanderer Trilogy","Marisa????????","Minty Spire (QoL Compilation)","Permanent Neow","Random Character Button","Rare Cards Sparkle","Robot Space Explorer","Shop Mod","Somnambulant","StSLib","The Animator","The Construct","The Cursed","The Disciple","The Hayseed","The Hierophant","The Marked","The Necromancer","The Poker Player","The Problem Sleuth","The Runesmith","thorton"],"gold_per_floor":[99,116,141,141,166,189,235,235,254,281,313,55,55,90,109,220,220,120,138,156,156,156,156,183,204,104,127,150,27,27,61,78,185,185,85,107,88,105,132,132,132,151,151,163,178,278,333,333,361,361,361,361,361,361],"floor_reached":52,"language":"ENG","playtime":4458,"items_purged":["Underhanded Strike"],"score":832,"play_id":"e54bf040-4535-4d79-ab76-62f70868076a","local_time":"20210128113223","is_ascension_mode":false,"campfire_choices":[{"data":"hexamod:ForkedFlame","floor":1,"key":"SMITH"},{"data":"hexamod:Float","floor":8,"key":"SMITH"},{"data":"expansioncontent:QuickStudy","floor":13,"key":"SMITH"},{"data":"hexamod:TimeOfNeed","floor":18,"key":"SMITH"},{"floor":26,"key":"RECALL"},{"data":"hexamod:ForkedFlame","floor":30,"key":"SMITH"},{"data":"hexamod:FastForward","floor":35,"key":"SMITH"},{"data":"hexamod:EmpoweredFlame","floor":43,"key":"SMITH"}],"circlet_count":0,"master_deck":["hexamod:Defend","hexamod:Defend","hexamod:Defend","hexamod:Defend","hexamod:Float+1","hexamod:ForkedFlame+1","hexamod:SecondSeal","hexamod:StepThrough","hexamod:NightmareGuise","hexamod:FastForward","hexamod:FourthSeal","hexamod:FastForward","hexamod:FastForward+1","expansioncontent:QuickStudy+1","hexamod:EmpoweredFlame+1","hexamod:SpectersWail","hexamod:TimeOfNeed+1","Bane","Heel Hook","hexamod:ForkedFlame+1","hexamod:FastForward+1","hexamod:FirstSeal","hexamod:SpectersWail","hexamod:FirstSeal","hexamod:FastForward+1","hexamod:FastForward+1","downfall:Haunted","downfall:Haunted","stsjorbsmod:Withering","hexamod:ForkedFlame","downfall:Haunted","Decay","Wraith"],"relics":["hexamod:UnbrokenSoul","Bronze Scales","Odd Mushroom","aspiration:ChemicalBlood","thethorton:CrushedCigarette","downfall:HeartBlessingGreen","downfall:HeartBlessingBlue","FossilizedHelix","downfall:HeartBlessingRed","Frozen Eye","MerchantsRug","Centennial Puzzle","Darkstone Periapt","Mango"],"acts_visited":["Exordium","TheCity","TheBeyond","TheEnding"],"potions_floor_usage":[5,11,14,16,23,25,28,28,28,29,29,32,33,33,33,33,38,39,42,42,42,45,45,47,49,49,50,50,50,50,52,52,52,52,52,52],"damage_taken":[{"damage":0,"enemies":"Small Slimes","floor":2,"turns":2},{"damage":0,"enemies":"Cultist","floor":3,"turns":3},{"damage":0,"enemies":"2 Louse","floor":5,"turns":2},{"damage":4,"enemies":"Blue Slaver","floor":6,"turns":4},{"damage":0,"enemies":"Gremlin Gang","floor":9,"turns":4},{"damage":5,"enemies":"Lots of Slimes","floor":10,"turns":4},{"damage":7,"enemies":"The Mushroom Lair","floor":11,"turns":4},{"damage":0,"enemies":"downfall:FleeingMerchant","floor":12,"turns":4},{"damage":12,"enemies":"3 Sentries","floor":14,"turns":5},{"damage":0,"enemies":"2 Fungi Beasts","floor":15,"turns":3},{"damage":22,"enemies":"DF_ARCHETYPE_STREAMLINE","floor":16,"turns":8},{"damage":0,"enemies":"Spheric Guardian","floor":19,"turns":5},{"damage":0,"enemies":"3 Byrds","floor":20,"turns":3},{"damage":0,"enemies":"Snake Plant","floor":23,"turns":1},{"damage":0,"enemies":"3 Cultists","floor":25,"turns":4},{"damage":3,"enemies":"Snecko","floor":27,"turns":4},{"damage":0,"enemies":"Cultist and Chosen","floor":28,"turns":4},{"damage":10,"enemies":"downfall:FleeingMerchant","floor":29,"turns":4},{"damage":30,"enemies":"Slavers","floor":31,"turns":3},{"damage":0,"enemies":"Snake Plant","floor":32,"turns":3},{"damage":24,"enemies":"SI_MIRROR_ARCHETYPE","floor":33,"turns":8},{"damage":0,"enemies":"Orb Walker","floor":36,"turns":3},{"damage":0,"enemies":"downfall:FleeingMerchant","floor":37,"turns":4},{"damage":7,"enemies":"3 Darklings","floor":38,"turns":4},{"damage":26,"enemies":"Spire Growth","floor":39,"turns":5},{"damage":5,"enemies":"Jaw Worm Horde","floor":42,"turns":3},{"damage":0,"enemies":"Sphere and 2 Shapes","floor":44,"turns":3},{"damage":0,"enemies":"3 Darklings","floor":45,"turns":4},{"damage":32,"enemies":"2 Orb Walkers","floor":47,"turns":5},{"damage":12,"enemies":"Maw","floor":49,"turns":7},{"damage":35,"enemies":"WA_ARCHETYPE_DIVINITY","floor":50,"turns":11},{"damage":191,"enemies":"downfall:CharBossMerchant","floor":52,"turns":8}],"seed_played":"6919594705612047720","potions_obtained":[{"floor":2,"key":"FearPotion"},{"floor":5,"key":"Fruit Juice"},{"floor":9,"key":"CultistPotion"},{"floor":11,"key":"CultistPotion"},{"floor":14,"key":"hexamod:SoulburnPotion"},{"floor":15,"key":"BlessingOfTheForge"},{"floor":15,"key":"SmokeBomb"},{"floor":19,"key":"Energy Potion"},{"floor":25,"key":"Guardian:BlockOnCardUsePotion"},{"floor":27,"key":"LiquidMemories"},{"floor":28,"key":"Slimebound:ThreeZeroPotion"},{"floor":29,"key":"Fruit Juice"},{"floor":31,"key":"Energy Potion"},{"floor":32,"key":"champ:CounterPotion"},{"floor":33,"key":"bronze:BurnAndBuffPotion"},{"floor":36,"key":"Explosive Potion"},{"floor":37,"key":"SkillPotion"},{"floor":39,"key":"ColorlessPotion"},{"floor":39,"key":"SkillPotion"},{"floor":42,"key":"Block Potion"},{"floor":42,"key":"GamblersBrew"},{"floor":44,"key":"FearPotion"},{"floor":47,"key":"Dexterity Potion"},{"floor":47,"key":"Strength Potion"},{"floor":49,"key":"SkillPotion"}],"is_trial":false,"path_per_floor":["R","M","M","?","M","M","T","R","M","M","?","$","R","E","M","B",null,"R","M","M","?","?","M","T","M","R","M","M","$","R","E","M","B",null,"R","M","$","M","M","?","T","M","R","M","M","?","?","?","M","B",null,"E"],"character_chosen":"THE_SPIRIT","items_purchased":["expansioncontent:QuickStudy","hexamod:EmpoweredFlame","hexamod:FirstSeal","hexamod:SpectersWail","Frozen Eye","MerchantsRug"],"campfire_rested":0,"item_purchase_floors":[12,12,29,29,37,37],"current_hp_per_floor":[70,70,70,70,75,71,71,71,71,66,59,59,59,47,47,25,75,75,75,75,75,75,75,75,75,85,82,82,77,77,54,61,51,90,90,90,90,83,71,71,71,73,73,73,73,108,104,110,105,70,145,0,0,0],"gold":361,"neow_bonus":"TRANSFORM_CARD","is_daily":false,"chose_seed":false,"campfire_upgraded":7,"win_rate":0.0,"timestamp":1611862343,"path_taken":["R","M","M","?","M","?","T","R","M","M","?","$","R","E","M","BOSS","R","M","M","?","?","M","T","M","R","?","M","$","R","E","M","BOSS","R","M","?","M","M","?","T","M","R","M","M","?","?","?","M","BOSS","E"],"items_purchased_type":["Card","Card","Card","Card","Relic","Relic"],"build_version":"2020-12-22","purchased_purges":1,"victory":false,"max_hp_per_floor":[70,70,70,70,75,75,75,75,75,75,75,75,75,75,75,75,75,75,75,75,75,75,75,75,75,85,85,85,90,90,90,90,90,90,90,90,90,90,90,90,90,90,90,90,90,125,139,145,145,145,145,145,145,145],"card_choices":[{"not_picked":["hexamod:ExtraCrispy","hexamod:Hexaguard"],"picked":"hexamod:SecondSeal","floor":2},{"not_picked":["hexamod:BurningTouch","hexamod:BacktrackSmack"],"picked":"hexamod:StepThrough","floor":3},{"not_picked":["hexamod:AdvancingGuard","hexamod:SoulSteal"],"picked":"hexamod:NightmareGuise","floor":5},{"not_picked":["hexamod:InspiringFlames","hexamod:AdvancingGuard"],"picked":"hexamod:FastForward","floor":6},{"not_picked":["hexamod:VolcanoVisage","hexamod:EtherealExpedition","hexamod:DynamicBlow"],"picked":"SKIP","floor":9},{"not_picked":["hexamod:RainOfEmbers","hexamod:GhostShield"],"picked":"hexamod:FourthSeal","floor":10},{"not_picked":["hexamod:BacktrackSmack","hexamod:DynamicBlow"],"picked":"hexamod:FastForward","floor":11},{"not_picked":["hexamod:BacktrackSmack","hexamod:Firestarter"],"picked":"hexamod:FastForward","floor":12},{"not_picked":["hexamod:NightmareGuise","hexamod:GhostflameInferno","hexamod:HeatMetal"],"picked":"SKIP","floor":14},{"not_picked":["hexamod:Firestarter","hexamod:HeatShield"],"picked":"hexamod:SpectersWail","floor":15},{"not_picked":["hexamod:VolcanoVisage","hexamod:WildfireWeapon"],"picked":"hexamod:TimeOfNeed","floor":16},{"not_picked":["hexamod:Firestarter+1","hexamod:NecessarySacrifice+1","hexamod:AdvancingGuard"],"picked":"SKIP","floor":19},{"not_picked":["hexamod:PhantomCloak","hexamod:HauntingEcho","hexamod:Hexaguard"],"picked":"SKIP","floor":20},{"not_picked":["hexamod:PhantomCloak+1","hexamod:HeatMetal+1","hexamod:SpectralAdrenaline"],"picked":"SKIP","floor":25},{"not_picked":["hexamod:SwordOfDarkness","hexamod:ChargedBarrage"],"picked":"hexamod:ForkedFlame","floor":27},{"not_picked":["hexamod:ExtraCrispy","hexamod:NightmareStrike+1","hexamod:PhantomFireball"],"picked":"SKIP","floor":28},{"not_picked":["hexamod:HauntingEcho","hexamod:GhostShield"],"picked":"hexamod:FastForward+1","floor":29},{"not_picked":["hexamod:GhostShield+1","hexamod:InspiringFlames"],"picked":"hexamod:FirstSeal","floor":31},{"not_picked":["hexamod:SkipABeat","hexamod:AdvancingGuard","hexamod:PhantomCloak"],"picked":"SKIP","floor":32},{"not_picked":["hexamod:AdvancingGuard+1","hexamod:Firestarter","hexamod:GhostLash+1"],"picked":"SKIP","floor":36},{"not_picked":["hexamod:PhantomFireball","hexamod:HeatShield+1"],"picked":"hexamod:FastForward+1","floor":37},{"not_picked":["hexamod:GhostflameBarrier","hexamod:AdvancingGuard"],"picked":"hexamod:FastForward+1","floor":38},{"not_picked":["hexamod:Rewind+1","hexamod:SwordOfDarkness+1","hexamod:NightmareStrike"],"picked":"SKIP","floor":39},{"not_picked":["hexamod:WildfireWeapon","hexamod:RetreatToShadows","hexamod:HeatMetal"],"picked":"SKIP","floor":42},{"not_picked":["hexamod:Again+1","hexamod:PhantomFireball+1","hexamod:DynamicBlow+1"],"picked":"SKIP","floor":44},{"not_picked":["hexamod:FourthSeal","hexamod:NecessarySacrifice+1","hexamod:FastForward+1"],"picked":"SKIP","floor":45},{"not_picked":["hexamod:BacktrackSmack","hexamod:AdvancingGuard+1","hexamod:ThermalTransfer+1"],"picked":"SKIP","floor":49}],"player_experience":86374,"relics_obtained":[{"floor":7,"key":"Bronze Scales"},{"floor":11,"key":"Odd Mushroom"},{"floor":14,"key":"aspiration:ChemicalBlood"},{"floor":31,"key":"FossilizedHelix"},{"floor":41,"key":"Centennial Puzzle"},{"floor":47,"key":"Mango"}],"event_choices":[{"cards_removed":["hexamod:Sear"],"damage_healed":0,"gold_gain":0,"player_choice":"Offered Basic","damage_taken":0,"max_hp_gain":0,"max_hp_loss":0,"event_name":"Bonfire Elementals","floor":4,"gold_loss":0},{"damage_healed":0,"gold_gain":0,"player_choice":"Fought Mushrooms","damage_taken":0,"max_hp_gain":0,"max_hp_loss":0,"event_name":"Mushrooms","floor":11,"gold_loss":0},{"damage_healed":0,"gold_gain":0,"player_choice":"Fight","damage_taken":0,"max_hp_gain":0,"max_hp_loss":0,"event_name":"Mysterious Sphere","floor":47,"gold_loss":0},{"damage_healed":0,"gold_gain":0,"player_choice":"Ignored","damage_taken":0,"max_hp_gain":0,"max_hp_loss":0,"event_name":"OrinTheCat","floor":48,"gold_loss":0}],"is_beta":false,"boss_relics":[{"not_picked":["Runic Dome","Busted Crown"],"picked":"thethorton:CrushedCigarette"},{"not_picked":["aspiration:BeakedSkillbook","Calling Bell"],"picked":"hexamod:UnbrokenSoul"}],"items_purged_floors":[37],"is_endless":false,"potions_floor_spawned":[2,5,9,14,15,19,27,28,32,39,42,44,47,49],"killed_by":"downfall:CharBossMerchant","ascension_level":0}}