{"host":"ooe12lh8pgcirntb","time":1611807275,"event":{"mods":["AchievementEnabler","Act Like it!","BaseMod","Beaked The Cultist","Better Note","ChefMod","Colored Map","Colored Powertips","Downfall","Hallownest","Minty Spire (QoL Compilation)","StSLib","The Animator","The Bug Knight","The Disciple","The Hierophant","The Problem Sleuth"],"gold_per_floor":[119,119,135,135,238,238,238],"floor_reached":6,"language":"ENG","playtime":1678,"items_purged":[],"score":84,"play_id":"a1fd5694-27cf-4fba-b18d-8449ecd59949","local_time":"20210127231435","is_ascension_mode":false,"campfire_choices":[],"circlet_count":0,"master_deck":["HollowMod:NailStrikeStart","HollowMod:NailStrikeStart","HollowMod:NailStrikeStart","HollowMod:NailStrikeStart","HollowMod:QuickDashStart","HollowMod:QuickDashStart","HollowMod:QuickDashStart","HollowMod:QuickDashStart","HollowMod:FocusHealStart","HollowMod:PogoStrike","HollowMod:SoulSplash","HollowMod:HerrahsAnger"],"relics":["HollowMod:KingsSoulRelic","NeowsBlessing","Hallownest:DreamNailRelic"],"acts_visited":["Exordium","Hallownest:Greenpath"],"potions_floor_usage":[],"damage_taken":[{"damage":0,"enemies":"Hallownest:2_Tiktiks_and_1_Crawlid","floor":1,"turns":1},{"damage":0,"enemies":"Hallownest:monsterHuskGuard","floor":3,"turns":1},{"damage":4,"enemies":"Hallownest:BossHornet","floor":5,"turns":1}],"seed_played":"954719487505926021","potions_obtained":[{"floor":1,"key":"Energy Potion"},{"floor":5,"key":"Block Potion"}],"is_trial":false,"path_per_floor":["M","?","M","?","B",null],"character_chosen":"THE_BUGKNIGHT","items_purchased":[],"campfire_rested":0,"item_purchase_floors":[],"current_hp_per_floor":[75,75,75,75,71,75,75],"gold":238,"neow_bonus":"THREE_ENEMY_KILL","is_daily":false,"chose_seed":false,"campfire_upgraded":0,"win_rate":0.0,"timestamp":1611807275,"path_taken":["M","?","?","?","BOSS"],"items_purchased_type":[],"build_version":"2020-12-22","purchased_purges":0,"victory":false,"max_hp_per_floor":[75,75,75,75,75,75,75],"card_choices":[{"not_picked":["HollowMod:BaldurShell","HollowMod:VengefulVoid","HollowMod:Grubsong"],"picked":"SKIP","floor":1},{"not_picked":["HollowMod:SoulVessel","HollowMod:HowlingWraiths"],"picked":"HollowMod:SoulSplash","floor":3},{"not_picked":["HollowMod:Hiveblood","HollowMod:PureVessel"],"picked":"HollowMod:HerrahsAnger","floor":5}],"player_experience":798428,"relics_obtained":[],"event_choices":[],"is_beta":false,"boss_relics":[{"not_picked":["Fusion Hammer","Sozu"],"picked":"HollowMod:KingsSoulRelic"}],"items_purged_floors":[],"is_endless":false,"potions_floor_spawned":[1,5],"ascension_level":0}}