{"host":"mai03x2ekbjy4059","time":1611806864,"event":{"mods":["2.2 Compatiblity","BaseMod","Colored Map","DeckTracker","Keyboard Shortcuts","Minty Spire (QoL Compilation)","Permanent Neow","Quick Restart","SuperFastMode","everything is the same but u backflip on backflip"],"gold_per_floor":[119,69,17,17,31,61,61,76,76,96,127,140,140,175,175,271,271,282,302,314,344,363,398,398,410,461,480,510,529,529,562,562,661,661,679,694,916,932,949,949,984,984,984,1023,1023,1058,1068,1098,1098,1098,1098,1098,57,87,87],"floor_reached":56,"language":"KOR","playtime":1538,"items_purged":["Strike_G+1"],"score":1736,"play_id":"d5834159-a7f8-4898-a94b-f11d7bbc765f","local_time":"20210128130744","is_ascension_mode":true,"campfire_choices":[{"data":"Blade Dance","floor":7.0,"key":"SMITH"},{"floor":13.0,"key":"DIG"},{"floor":15.0,"key":"DIG"},{"floor":24.0,"key":"DIG"},{"floor":32.0,"key":"DIG"},{"floor":40.0,"key":"DIG"},{"floor":42.0,"key":"DIG"},{"floor":49.0,"key":"RECALL"},{"floor":52.0,"key":"DIG"}],"circlet_count":0,"master_deck":["Strike_G","Strike_G","Strike_G","Defend_G","Defend_G","Defend_G","Survivor","Neutralize","Blade Dance+1","Cloak And Dagger+1","Terror","Cloak And Dagger","Backstab+1","Blade Dance+1","Heel Hook+1","After Image","Blade Dance+1","Finisher+1","Blade Dance+1","Accuracy","Mayhem"],"relics":["Ring of the Snake","Shovel","PreservedInsect","Letter Opener","Paper Crane","Bottled Lightning","SlaversCollar","Red Mask","Strawberry","Pantograph","Lantern","Omamori","Du-Vu Doll","Eternal Feather","WristBlade","Darkstone Periapt","Singing Bowl","CeramicFish","White Beast Statue","Nunchaku","WarpedTongs","Oddly Smooth Stone","Sundial","Ninja Scroll","Bottled Tornado","Mango","Toolbox","Thread and Needle"],"acts_visited":["Exordium","TheCity","TheBeyond","TheEnding"],"potions_floor_usage":[55,55,55,55,55,55],"damage_taken":[{"damage":0.0,"enemies":"Cultist","floor":1.0,"turns":5.0},{"damage":0.0,"enemies":"Jaw Worm","floor":5.0,"turns":2.0},{"damage":14.0,"enemies":"Lagavulin","floor":6.0,"turns":6.0},{"damage":2.0,"enemies":"2 Louse","floor":8.0,"turns":2.0},{"damage":0.0,"enemies":"Exordium Thugs","floor":10.0,"turns":3.0},{"damage":11.0,"enemies":"3 Sentries","floor":11.0,"turns":8.0},{"damage":0.0,"enemies":"3 Louse","floor":12.0,"turns":3.0},{"damage":12.0,"enemies":"Lagavulin","floor":14.0,"turns":4.0},{"damage":0.0,"enemies":"Hexaghost","floor":16.0,"turns":9.0},{"damage":6.0,"enemies":"Chosen","floor":18.0,"turns":6.0},{"damage":0.0,"enemies":"Spheric Guardian","floor":19.0,"turns":1.0},{"damage":29.0,"enemies":"Snake Plant","floor":20.0,"turns":6.0},{"damage":4.0,"enemies":"Masked Bandits","floor":21.0,"turns":4.0},{"damage":11.0,"enemies":"Snecko","floor":22.0,"turns":4.0},{"damage":0.0,"enemies":"Slavers","floor":23.0,"turns":4.0},{"damage":4.0,"enemies":"Shelled Parasite and Fungi","floor":25.0,"turns":7.0},{"damage":7.0,"enemies":"Cultist and Chosen","floor":27.0,"turns":5.0},{"damage":0.0,"enemies":"Book of Stabbing","floor":28.0,"turns":2.0},{"damage":2.0,"enemies":"3 Cultists","floor":29.0,"turns":4.0},{"damage":4.0,"enemies":"Gremlin Leader","floor":31.0,"turns":3.0},{"damage":54.0,"enemies":"Collector","floor":33.0,"turns":6.0},{"damage":0.0,"enemies":"3 Shapes","floor":35.0,"turns":3.0},{"damage":10.0,"enemies":"3 Darklings","floor":36.0,"turns":4.0},{"damage":9.0,"enemies":"Maw","floor":38.0,"turns":5.0},{"damage":18.0,"enemies":"Writhing Mass","floor":39.0,"turns":5.0},{"damage":0.0,"enemies":"Giant Head","floor":41.0,"turns":3.0},{"damage":25.0,"enemies":"Reptomancer","floor":44.0,"turns":3.0},{"damage":0.0,"enemies":"Nemesis","floor":46.0,"turns":1.0},{"damage":0.0,"enemies":"Sphere and 2 Shapes","floor":47.0,"turns":4.0},{"damage":0.0,"enemies":"Giant Head","floor":48.0,"turns":1.0},{"damage":33.0,"enemies":"Donu and Deca","floor":50.0,"turns":10.0},{"damage":0.0,"enemies":"Shield and Spear","floor":54.0,"turns":2.0},{"damage":58,"enemies":"The Heart","floor":55,"turns":6}],"seed_played":"342344797919332143","potions_obtained":[{"floor":1.0,"key":"SteroidPotion"},{"floor":6.0,"key":"EntropicBrew"},{"floor":11.0,"key":"Swift Potion"},{"floor":14.0,"key":"FairyPotion"},{"floor":18.0,"key":"SteroidPotion"},{"floor":20.0,"key":"Strength Potion"},{"floor":21.0,"key":"DuplicationPotion"},{"floor":28.0,"key":"Swift Potion"},{"floor":31.0,"key":"FairyPotion"},{"floor":38.0,"key":"SmokeBomb"},{"floor":44.0,"key":"EntropicBrew"},{"floor":46.0,"key":"ColorlessPotion"},{"floor":47.0,"key":"Poison Potion"},{"floor":48.0,"key":"Energy Potion"}],"is_trial":false,"path_per_floor":["M","?","$","?","M","E","R","M","T","M","E","M","R","E","R","B",null,"M","M","M","?","M","E","R","M","T","M","E","M","?","E","R","B",null,"M","M","?","M","M","R","E","R","T","E","?","E","M","E","R","B",null,"R","$","E","B",null],"character_chosen":"THE_SILENT","items_purchased":["Cloak And Dagger","Accuracy","Bottled Tornado","Mayhem","Mango","Toolbox"],"campfire_rested":0,"item_purchase_floors":[3,53,53,53,53,53],"current_hp_per_floor":[63,63,63,50,50,36,36,34,34,34,23,23,23,11,11,11,63,57,57,28,24,13,20,20,16,16,9,9,7,7,3,3,21,70,70,60,60,51,33,42,44,53,53,28,28,30,32,34,46,38,78,78,92,94,36],"gold":87,"neow_bonus":"REMOVE_TWO","is_daily":false,"chose_seed":false,"campfire_upgraded":1,"win_rate":0.0,"timestamp":1611806864,"path_taken":["M","?","$","?","M","E","R","M","T","M","E","M","R","E","R","BOSS","M","M","M","?","M","E","R","M","T","M","E","M","?","E","R","BOSS","M","M","?","M","M","R","E","R","T","E","?","E","M","E","R","BOSS","R","$","E","BOSS"],"items_purchased_type":["Card","Card","Relic","Card","Relic","Relic"],"build_version":"2020-12-22","purchased_purges":1,"victory":true,"max_hp_per_floor":[63,63,63,63,63,63,63,63,63,63,63,63,63,63,63,63,63,63,63,63,63,63,70,70,70,70,70,70,70,70,70,70,70,70,70,70,70,70,70,70,72,72,72,72,72,74,76,78,78,78,78,78,92,94,94],"card_choices":[{"not_picked":["Backflip","Quick Slash"],"picked":"Blade Dance","floor":1.0},{"not_picked":["Setup","Bane","Quick Slash"],"picked":"SKIP","floor":5.0},{"not_picked":["Dodge and Roll","Outmaneuver","Catalyst"],"picked":"SKIP","floor":6.0},{"not_picked":["Predator","Underhanded Strike","Prepared"],"picked":"SKIP","floor":8.0},{"not_picked":["Deadly Poison","Dodge and Roll","Setup"],"picked":"SKIP","floor":10.0},{"not_picked":["Expertise","Deadly Poison","Eviscerate"],"picked":"SKIP","floor":11.0},{"not_picked":["Flying Knee","Outmaneuver","Dagger Spray"],"picked":"SKIP","floor":12.0},{"not_picked":["Prepared","Dagger Throw","Backflip"],"picked":"SKIP","floor":14.0},{"not_picked":["All Out Attack","Concentrate","Crippling Poison"],"picked":"SKIP","floor":18.0},{"not_picked":["Well Laid Plans","Distraction"],"picked":"Terror","floor":19.0},{"not_picked":["Choke","Caltrops"],"picked":"Cloak And Dagger","floor":20.0},{"not_picked":["Backflip","Sucker Punch"],"picked":"Backstab+1","floor":21.0},{"not_picked":["Bouncing Flask","Endless Agony","Concentrate"],"picked":"SKIP","floor":22.0},{"not_picked":["Underhanded Strike","Cloak And Dagger","Catalyst+1"],"picked":"SKIP","floor":23.0},{"not_picked":["Deflect+1","Slice"],"picked":"Blade Dance+1","floor":25.0},{"not_picked":["Backflip","Dagger Spray","Well Laid Plans"],"picked":"SKIP","floor":27.0},{"not_picked":["Underhanded Strike","Grand Finale"],"picked":"Heel Hook+1","floor":28.0},{"not_picked":["Noxious Fumes","Poisoned Stab+1","Dagger Throw+1"],"picked":"SKIP","floor":29.0},{"not_picked":["Calculated Gamble","Reflex","Dagger Throw"],"picked":"SKIP","floor":31.0},{"not_picked":["Storm of Steel","Corpse Explosion"],"picked":"After Image","floor":33.0},{"not_picked":["Flying Knee+1","Bane+1"],"picked":"Blade Dance+1","floor":35.0},{"not_picked":["Deadly Poison+1","Eviscerate"],"picked":"Finisher+1","floor":36.0},{"not_picked":["Poisoned Stab+1","Slice+1","Concentrate+1"],"picked":"SKIP","floor":38.0},{"not_picked":["Bane+1","Acrobatics","Tools of the Trade"],"picked":"SKIP","floor":39.0},{"not_picked":["Backstab+1","Deadly Poison+1","Dodge and Roll"],"picked":"Singing Bowl","floor":41.0},{"not_picked":["Acrobatics+1","Skewer"],"picked":"Blade Dance+1","floor":44.0},{"not_picked":["Prepared","Skewer+1","PiercingWail+1"],"picked":"Singing Bowl","floor":46.0},{"not_picked":["Endless Agony","Dagger Spray+1","Bane"],"picked":"Singing Bowl","floor":47.0},{"not_picked":["Tactician","Night Terror","Flying Knee+1"],"picked":"Singing Bowl","floor":48.0},{"not_picked":["Deadly Poison","Poisoned Stab+1","Concentrate"],"picked":"Singing Bowl","floor":54.0}],"player_experience":1155139,"relics_obtained":[{"floor":6.0,"key":"Shovel"},{"floor":11.0,"key":"PreservedInsect"},{"floor":13.0,"key":"Letter Opener"},{"floor":14.0,"key":"Paper Crane"},{"floor":15.0,"key":"Bottled Lightning"},{"floor":21.0,"key":"Red Mask"},{"floor":23.0,"key":"Strawberry"},{"floor":24.0,"key":"Pantograph"},{"floor":26.0,"key":"Lantern"},{"floor":28.0,"key":"Omamori"},{"floor":31.0,"key":"Du-Vu Doll"},{"floor":32.0,"key":"Eternal Feather"},{"floor":40.0,"key":"Darkstone Periapt"},{"floor":41.0,"key":"Singing Bowl"},{"floor":42.0,"key":"CeramicFish"},{"floor":43.0,"key":"White Beast Statue"},{"floor":44.0,"key":"Nunchaku"},{"floor":46.0,"key":"Oddly Smooth Stone"},{"floor":48.0,"key":"Sundial"},{"floor":52.0,"key":"Ninja Scroll"},{"floor":54.0,"key":"Thread and Needle"}],"event_choices":[{"cards_removed":["Defend_G"],"damage_healed":0.0,"max_hp_gain":0.0,"max_hp_loss":0.0,"gold_gain":0.0,"event_name":"The Cleric","player_choice":"Card Removal","floor":2.0,"gold_loss":50.0,"damage_taken":0.0},{"damage_healed":0.0,"max_hp_gain":0.0,"max_hp_loss":0.0,"gold_gain":0.0,"event_name":"Shining Light","player_choice":"Entered Light","floor":4.0,"gold_loss":0.0,"damage_taken":13.0,"cards_upgraded":["Cloak And Dagger","Strike_G"]},{"damage_healed":0.0,"max_hp_gain":0.0,"max_hp_loss":0.0,"gold_gain":0.0,"event_name":"Masked Bandits","player_choice":"Fought Bandits","floor":21.0,"gold_loss":0.0,"damage_taken":0.0},{"damage_healed":0.0,"max_hp_gain":0.0,"max_hp_loss":0.0,"gold_gain":0.0,"event_name":"Ghosts","player_choice":"Ignored","floor":30.0,"gold_loss":0.0,"damage_taken":0.0},{"damage_healed":0.0,"max_hp_gain":0.0,"max_hp_loss":0.0,"gold_gain":222.0,"event_name":"Tomb of Lord Red Mask","player_choice":"Wore Mask","floor":37.0,"gold_loss":0.0,"damage_taken":0.0},{"damage_healed":0.0,"max_hp_gain":0.0,"max_hp_loss":0.0,"gold_gain":0.0,"event_name":"Accursed Blacksmith","player_choice":"Rummage","floor":45.0,"gold_loss":0.0,"damage_taken":0.0,"relics_obtained":["WarpedTongs"],"cards_obtained":["Pain"]}],"is_beta":false,"boss_relics":[{"not_picked":["HoveringKite","Sozu"],"picked":"SlaversCollar"},{"not_picked":["Ring of the Serpent","Velvet Choker"],"picked":"WristBlade"}],"items_purged_floors":[53],"is_endless":false,"potions_floor_spawned":[1,6,11,14,18,20,21,28,31,38,44,46,47,48,54],"ascension_level":1}}