{"host":"syozzdlzcqop4jia","time":1611877291,"event":{"mods":["BaseMod","Colored Map","Colored Powertips","Minty Spire (QoL Compilation)","Quick Restart"],"gold_per_floor":[111,121,121,121,136,136,149,149,173,173,187,202,258,276,276,377,377,392,392,406,418,433,433,443,443,443,542,542,556,556,570,570,667,667,681,691,704,716,716,716,716],"floor_reached":40,"language":"ENG","playtime":1966,"items_purged":[],"score":469,"play_id":"36b8aef8-d69a-49e1-b3ae-3f5e64d19285","local_time":"20210129004131","is_ascension_mode":true,"campfire_choices":[{"data":"Uppercut","floor":6,"key":"SMITH"},{"data":"Dramatic Entrance","floor":10,"key":"SMITH"},{"data":"Flex","floor":15,"key":"SMITH"},{"data":"Limit Break","floor":23,"key":"SMITH"},{"floor":28,"key":"REST"},{"data":"Immolate","floor":32,"key":"SMITH"}],"circlet_count":0,"master_deck":["Strike_R","Strike_R","Strike_R","Strike_R","Strike_R","Defend_R","Defend_R","Defend_R","Bash","Dramatic Entrance+1","Cleave","Uppercut+1","Iron Wave","Battle Trance","Twin Strike","Shrug It Off","Flex+1","Limit Break+1","Immolate+1","Anger","Ghostly Armor","Pommel Strike","Cleave+1","Battle Trance","Uppercut","Wild Strike+1","Battle Trance","Bludgeon","Demon Form","Double Tap","Carnage+1","Infernal Blade+1","Cleave+1","Madness","Madness"],"relics":["Burning Blood","Bag of Marbles","Akabeko","Sozu","Happy Flower","Mark of Pain"],"acts_visited":["Exordium","TheCity","TheBeyond"],"potions_floor_usage":[13,24,40],"damage_taken":[{"damage":2,"enemies":"Jaw Worm","floor":1,"turns":3},{"damage":0,"enemies":"Small Slimes","floor":2,"turns":2},{"damage":0,"enemies":"2 Louse","floor":5,"turns":1},{"damage":8,"enemies":"Looter","floor":7,"turns":2},{"damage":4,"enemies":"Exordium Wildlife","floor":11,"turns":2},{"damage":0,"enemies":"2 Fungi Beasts","floor":12,"turns":1},{"damage":21,"enemies":"Lagavulin Event","floor":13,"turns":6},{"damage":0,"enemies":"Gremlin Gang","floor":14,"turns":1},{"damage":53,"enemies":"Slime Boss","floor":16,"turns":10},{"damage":12,"enemies":"Shell Parasite","floor":18,"turns":2},{"damage":12,"enemies":"Chosen","floor":20,"turns":2},{"damage":0,"enemies":"Snecko","floor":21,"turns":2},{"damage":9,"enemies":"Centurion and Healer","floor":22,"turns":2},{"damage":7,"enemies":"Chosen and Byrds","floor":24,"turns":2},{"damage":0,"enemies":"Snake Plant","floor":29,"turns":2},{"damage":9,"enemies":"Centurion and Healer","floor":31,"turns":2},{"damage":70,"enemies":"Collector","floor":33,"turns":6},{"damage":0,"enemies":"3 Shapes","floor":35,"turns":1},{"damage":0,"enemies":"Orb Walker","floor":36,"turns":1},{"damage":0,"enemies":"3 Darklings","floor":37,"turns":1},{"damage":14,"enemies":"Transient","floor":38,"turns":5},{"damage":74,"enemies":"Giant Head","floor":40,"turns":6}],"seed_played":"-7694478454039040971","potions_obtained":[{"floor":5,"key":"Fire Potion"},{"floor":7,"key":"DuplicationPotion"},{"floor":11,"key":"Explosive Potion"},{"floor":14,"key":"LiquidMemories"}],"is_trial":false,"path_per_floor":["M","M","?","?","M","R","M","?","T","R","M","M","?","M","R","B",null,"M","?","M","M","M","R","M","?","T","?","R","M","?","M","R","B",null,"M","M","M","M","?","E"],"character_chosen":"IRONCLAD","items_purchased":[],"campfire_rested":1,"item_purchase_floors":[],"current_hp_per_floor":[80,80,73,73,79,79,77,77,77,77,79,80,65,71,71,24,80,74,74,68,74,71,71,70,55,55,55,80,85,85,82,82,18,85,85,85,85,77,66,0,0],"gold":716,"neow_bonus":"RANDOM_COLORLESS","is_daily":false,"chose_seed":false,"campfire_upgraded":5,"win_rate":0.0,"timestamp":1611877291,"path_taken":["M","M","?","?","M","R","M","?","T","R","?","M","?","M","R","BOSS","M","?","M","M","M","R","M","?","T","?","R","M","?","M","R","BOSS","M","?","M","M","?","E"],"items_purchased_type":[],"build_version":"2020-12-22","purchased_purges":0,"victory":false,"max_hp_per_floor":[80,80,80,80,80,80,80,80,80,80,80,80,80,80,80,80,80,80,80,80,80,80,80,80,85,85,85,85,85,85,85,85,85,85,85,85,85,85,85,85,85],"card_choices":[{"not_picked":["Forethought","Deep Breath"],"picked":"Dramatic Entrance","floor":0},{"not_picked":["Dropkick","True Grit"],"picked":"Cleave","floor":1},{"not_picked":["Clothesline","Sword Boomerang"],"picked":"Uppercut","floor":2},{"not_picked":["Metallicize","Evolve"],"picked":"Iron Wave","floor":5},{"not_picked":["Pommel Strike","Twin Strike"],"picked":"Battle Trance","floor":7},{"not_picked":["True Grit","Whirlwind"],"picked":"Twin Strike","floor":11},{"not_picked":["True Grit","Shockwave"],"picked":"Shrug It Off","floor":12},{"not_picked":["Warcry","Shockwave"],"picked":"Flex","floor":13},{"not_picked":["Havoc","Combust"],"picked":"Limit Break","floor":14},{"not_picked":["Corruption","Juggernaut"],"picked":"Immolate","floor":16},{"not_picked":["Twin Strike","Feel No Pain"],"picked":"Anger","floor":18},{"not_picked":["Burning Pact","True Grit"],"picked":"Pommel Strike","floor":20},{"not_picked":["Havoc","Searing Blow"],"picked":"Cleave+1","floor":21},{"not_picked":["True Grit","Havoc+1"],"picked":"Battle Trance","floor":22},{"not_picked":["Heavy Blade","Rupture"],"picked":"Uppercut","floor":24},{"not_picked":["Burning Pact","Feel No Pain"],"picked":"Wild Strike+1","floor":29},{"not_picked":["Combust+1","Sword Boomerang"],"picked":"Demon Form","floor":31},{"not_picked":["Limit Break","Berserk"],"picked":"Double Tap","floor":33},{"not_picked":["Twin Strike","Clothesline+1"],"picked":"Carnage+1","floor":35},{"not_picked":["Heavy Blade","Twin Strike"],"picked":"Infernal Blade+1","floor":36},{"not_picked":["Sever Soul+1","Sword Boomerang","True Grit"],"picked":"SKIP","floor":37},{"not_picked":["Dual Wield","Headbutt"],"picked":"Cleave+1","floor":38}],"player_experience":420615,"relics_obtained":[{"floor":9,"key":"Bag of Marbles"},{"floor":13,"key":"Akabeko"},{"floor":26,"key":"Happy Flower"}],"event_choices":[{"cards_removed":["Defend_R"],"damage_healed":0,"gold_gain":0,"player_choice":"Card Removal","damage_taken":7,"max_hp_gain":0,"max_hp_loss":0,"event_name":"Golden Wing","floor":3,"gold_loss":0},{"damage_healed":0,"gold_gain":0,"player_choice":"Ignored","damage_taken":0,"max_hp_gain":0,"max_hp_loss":0,"event_name":"Golden Idol","floor":4,"gold_loss":0},{"damage_healed":0,"gold_gain":0,"player_choice":"Ignored","damage_taken":0,"max_hp_gain":0,"max_hp_loss":0,"event_name":"Liars Game","floor":8,"gold_loss":0},{"damage_healed":0,"gold_gain":0,"player_choice":"Searched \u00272\u0027 times","damage_taken":0,"max_hp_gain":0,"max_hp_loss":0,"event_name":"Dead Adventurer","floor":13,"gold_loss":0},{"damage_healed":0,"gold_gain":0,"player_choice":"Read","damage_taken":0,"max_hp_gain":0,"max_hp_loss":0,"event_name":"The Library","floor":19,"gold_loss":0,"cards_obtained":["Ghostly Armor"]},{"damage_healed":0,"gold_gain":0,"player_choice":"Shed Blood","damage_taken":20,"max_hp_gain":5,"max_hp_loss":0,"event_name":"Forgotten Altar","floor":25,"gold_loss":0},{"damage_healed":0,"gold_gain":99,"player_choice":"Stole From Cult","damage_taken":0,"max_hp_gain":0,"max_hp_loss":0,"event_name":"Nest","floor":27,"gold_loss":0},{"damage_healed":0,"gold_gain":0,"player_choice":"2 cards matched","damage_taken":0,"max_hp_gain":0,"max_hp_loss":0,"event_name":"Match and Keep!","floor":30,"gold_loss":0,"cards_obtained":["Battle Trance","Bludgeon"]},{"damage_healed":0,"gold_gain":0,"player_choice":"Embrace Madness","damage_taken":11,"max_hp_gain":0,"max_hp_loss":0,"event_name":"Winding Halls","floor":39,"gold_loss":0,"cards_obtained":["Madness","Madness"]}],"is_beta":false,"boss_relics":[{"not_picked":["Runic Pyramid","Fusion Hammer"],"picked":"Sozu"},{"not_picked":["Black Star","Snecko Eye"],"picked":"Mark of Pain"}],"items_purged_floors":[],"is_endless":false,"potions_floor_spawned":[5,7,11,14,18,21,24,33,36],"killed_by":"Giant Head","ascension_level":3}}