{"host":"zdhcon9z6t4xbcdl","time":1611836624,"event":{"mods":["BaseMod","Minty Spire (QoL Compilation)"],"gold_per_floor":[144,189,189,234,279,279,29,74,124,169,117,117,162,252,252,552,552,597,642,642,642,687,687,732,504,504,594,594,619,619,619,619,919,919,964,1009,1009,437,437,527,527,77,77,77,122,122,167,317,317,317],"floor_reached":51,"language":"ENG","playtime":2148,"items_purged":[],"score":770,"play_id":"84df8800-fcbe-44ed-9cac-8953bd4dbeb5","local_time":"20210128122344","daily_mods":["Draft","Purple Cards","Midas"],"is_ascension_mode":false,"campfire_choices":[{"floor":6,"key":"REST"},{"floor":15,"key":"REST"},{"floor":23,"key":"REST"},{"floor":32,"key":"REST"},{"floor":44,"key":"REST"},{"floor":46,"key":"REST"},{"floor":49,"key":"REST"}],"circlet_count":0,"master_deck":["FlyingSleeves+1","Static Discharge","Gash","Redo","Hologram","PathToVictory","Cold Snap","Beam Cell","FollowUp","Consecrate","SashWhip","Coolheaded","EmptyFist","Scrape+1","TalkToTheHand","Ball Lightning","Aggregate","Doom and Gloom","Defragment","Gash","Protect+1","Streamline+1","Buffer","Barrage","Gash+1","Prostrate+1","Sunder+1","Chill+1","FollowUp+1","Seek+1","Sweeping Beam+1","Rip and Tear+1","Prostrate+1","Sweeping Beam","Finesse+1","Redo+1","Melter+1","Barrage+1"],"relics":["Cracked Core","Bag of Marbles","Toxic Egg 2","Regal Pillow","Sundial","Eternal Feather","Inserter","Akabeko","StrikeDummy","Symbiotic Virus","DataDisk","Fusion Hammer","Bag of Preparation","Whetstone","TheAbacus","Ornamental Fan","Bottled Flame","Question Card","ClockworkSouvenir","Molten Egg 2","Turnip"],"acts_visited":["Exordium","TheCity","TheBeyond"],"potions_floor_usage":[22,27,33,33,48,50],"damage_taken":[{"damage":0,"enemies":"Cultist","floor":1,"turns":2},{"damage":9,"enemies":"Jaw Worm","floor":2,"turns":2},{"damage":0,"enemies":"Small Slimes","floor":4,"turns":2},{"damage":4,"enemies":"3 Louse","floor":5,"turns":2},{"damage":0,"enemies":"2 Fungi Beasts","floor":8,"turns":2},{"damage":2,"enemies":"Exordium Thugs","floor":10,"turns":3},{"damage":5,"enemies":"Blue Slaver","floor":13,"turns":2},{"damage":6,"enemies":"Gremlin Nob","floor":14,"turns":3},{"damage":3,"enemies":"Slime Boss","floor":16,"turns":7},{"damage":20,"enemies":"2 Thieves","floor":18,"turns":3},{"damage":17,"enemies":"Chosen","floor":19,"turns":4},{"damage":17,"enemies":"Snecko","floor":22,"turns":4},{"damage":25,"enemies":"Sentry and Sphere","floor":24,"turns":5},{"damage":31,"enemies":"Book of Stabbing","floor":27,"turns":4},{"damage":44,"enemies":"Automaton","floor":33,"turns":9},{"damage":7,"enemies":"Orb Walker","floor":35,"turns":2},{"damage":0,"enemies":"3 Darklings","floor":36,"turns":3},{"damage":40,"enemies":"Nemesis","floor":40,"turns":5},{"damage":0,"enemies":"Jaw Worm Horde","floor":45,"turns":2},{"damage":0,"enemies":"Sphere and 2 Shapes","floor":47,"turns":3},{"damage":3,"enemies":"Mind Bloom Boss Battle","floor":48,"turns":3},{"damage":79,"enemies":"Time Eater","floor":50,"turns":11}],"seed_played":"9192803745042345800","potions_obtained":[{"floor":2,"key":"GamblersBrew"},{"floor":4,"key":"Ancient Potion"},{"floor":10,"key":"Ancient Potion"},{"floor":13,"key":"Dexterity Potion"},{"floor":18,"key":"SkillPotion"},{"floor":27,"key":"FocusPotion"},{"floor":45,"key":"SkillPotion"},{"floor":48,"key":"Weak Potion"}],"is_trial":false,"path_per_floor":["M","M","?","M","M","R","$","M","T","M","$","?","M","E","R","B",null,"M","M","?","?","M","R","M","$","T","E","?","T","?","?","R","B",null,"M","M","?","$","T","E","?","$","T","R","M","R","M","?","R","B",null],"character_chosen":"DEFECT","items_purchased":["Toxic Egg 2","Gash","Chill+1","Akabeko","Bag of Preparation","Whetstone","TheAbacus","FairyPotion","Prostrate+1","Question Card","ClockworkSouvenir","Fire Potion"],"campfire_rested":7,"item_purchase_floors":[7,11,25,25,38,38,38,38,38,42,42,42],"current_hp_per_floor":[75,66,66,66,62,75,75,75,75,73,73,48,43,37,75,72,75,55,38,38,38,21,73,48,48,48,17,17,17,17,17,69,25,75,68,68,68,68,68,28,28,28,28,75,75,75,75,72,75,22],"gold":317,"neow_bonus":"","is_daily":true,"chose_seed":false,"campfire_upgraded":0,"win_rate":0.0,"timestamp":1611836624,"path_taken":["M","?","?","M","?","R","$","M","T","M","$","?","M","E","R","BOSS","M","M","?","?","?","R","M","$","T","E","?","?","?","?","R","BOSS","M","M","?","$","?","E","?","$","T","R","M","R","M","?","R","BOSS"],"items_purchased_type":["Relic","Card","Card","Relic","Relic","Relic","Relic","Potion","Card","Relic","Relic","Potion"],"build_version":"2020-12-22","purchased_purges":0,"victory":true,"max_hp_per_floor":[75,75,75,75,75,75,75,75,75,75,75,75,75,75,75,75,75,75,75,75,75,75,75,75,75,75,75,75,75,75,75,75,75,75,75,75,75,75,75,75,75,75,75,75,75,75,75,75,75,75],"card_choices":[{"not_picked":["EmptyFist","BattleHymn"],"picked":"FlyingSleeves","floor":0},{"not_picked":["CutThroughFate","Worship"],"picked":"Static Discharge","floor":0},{"not_picked":["Halt","EmptyBody"],"picked":"Gash","floor":0},{"not_picked":["Conserve Battery","Rebound"],"picked":"Redo","floor":0},{"not_picked":["CutThroughFate","Consume"],"picked":"Hologram","floor":0},{"not_picked":["FollowUp","Turbo"],"picked":"PathToVictory","floor":0},{"not_picked":["CrushJoints","Study"],"picked":"Cold Snap","floor":0},{"not_picked":["Perseverance","Rebound"],"picked":"Beam Cell","floor":0},{"not_picked":["CrushJoints","Consume"],"picked":"FollowUp","floor":0},{"not_picked":["Rip and Tear","Ball Lightning"],"picked":"Consecrate","floor":0},{"not_picked":["PathToVictory","Prostrate"],"picked":"SashWhip","floor":0},{"not_picked":["Hologram","InnerPeace"],"picked":"Coolheaded","floor":0},{"not_picked":["Halt","CrushJoints"],"picked":"EmptyFist","floor":0},{"not_picked":["Self Repair","SandsOfTime"],"picked":"Scrape","floor":0},{"not_picked":["Collect","Turbo"],"picked":"TalkToTheHand","floor":0},{"not_picked":["Glacier","SashWhip"],"picked":"Ball Lightning","floor":1},{"not_picked":["EmptyBody","WindmillStrike"],"picked":"Aggregate","floor":2},{"not_picked":["Steam Power","FearNoEvil","Consume"],"picked":"SKIP","floor":4},{"not_picked":["FlurryOfBlows","Rebound","EmptyBody"],"picked":"SKIP","floor":5},{"not_picked":["Rip and Tear","Crescendo+1"],"picked":"Doom and Gloom","floor":8},{"not_picked":["Compile Driver","JustLucky"],"picked":"Defragment","floor":10},{"not_picked":["Rebound","EmptyBody+1"],"picked":"Protect+1","floor":13},{"not_picked":["Wireheading","Compile Driver"],"picked":"Streamline","floor":14},{"not_picked":["Alpha+1","Biased Cognition"],"picked":"Buffer","floor":16},{"not_picked":["Compile Driver","Collect+1"],"picked":"Barrage","floor":18},{"not_picked":["Steam Power+1","Undo+1"],"picked":"Gash+1","floor":19},{"not_picked":["Rebound","Hologram+1"],"picked":"Prostrate+1","floor":22},{"not_picked":["Fasting2","Perseverance+1"],"picked":"Sunder+1","floor":24},{"not_picked":["Glacier+1","Ball Lightning"],"picked":"FollowUp+1","floor":27},{"not_picked":["Vault+1","Reboot+1"],"picked":"Seek+1","floor":33},{"not_picked":["ThirdEye+1","Prostrate+1"],"picked":"Sweeping Beam+1","floor":35},{"not_picked":["Redo+1","Genetic Algorithm+1"],"picked":"Rip and Tear+1","floor":36},{"not_picked":["Stack+1","Streamline+1"],"picked":"Sweeping Beam","floor":40},{"not_picked":["Mayhem","Discovery+1"],"picked":"Finesse+1","floor":41},{"not_picked":["BowlingBash+1","Rebound+1","SashWhip+1"],"picked":"Redo+1","floor":45},{"not_picked":["ClearTheMind+1","FlurryOfBlows+1","Streamline+1"],"picked":"Melter+1","floor":47},{"not_picked":["InnerPeace+1","ThirdEye+1","Halt+1"],"picked":"Barrage+1","floor":48}],"player_experience":70216,"relics_obtained":[{"floor":9,"key":"Regal Pillow"},{"floor":14,"key":"Eternal Feather"},{"floor":26,"key":"StrikeDummy"},{"floor":27,"key":"Symbiotic Virus"},{"floor":29,"key":"DataDisk"},{"floor":39,"key":"Ornamental Fan"},{"floor":40,"key":"Bottled Flame"},{"floor":43,"key":"Molten Egg 2"},{"floor":48,"key":"Turnip"}],"event_choices":[{"damage_healed":0,"gold_gain":0,"player_choice":"Gave Potion","damage_taken":0,"relics_obtained":["Bag of Marbles"],"max_hp_gain":0,"max_hp_loss":0,"event_name":"WeMeetAgain","floor":3,"gold_loss":0},{"damage_healed":0,"gold_gain":0,"player_choice":"Success","damage_taken":25,"relics_obtained":["Sundial"],"max_hp_gain":0,"max_hp_loss":0,"event_name":"Scrap Ooze","floor":12,"gold_loss":0},{"damage_healed":0,"gold_gain":0,"player_choice":"Ignored","damage_taken":0,"max_hp_gain":0,"max_hp_loss":0,"event_name":"Cursed Tome","floor":20,"gold_loss":0},{"damage_healed":0,"gold_gain":0,"player_choice":"Upgraded","damage_taken":0,"max_hp_gain":0,"max_hp_loss":0,"event_name":"Upgrade Shrine","floor":21,"gold_loss":0,"cards_upgraded":["FlyingSleeves"]},{"damage_healed":0,"gold_gain":0,"player_choice":"Ignored","damage_taken":0,"max_hp_gain":0,"max_hp_loss":0,"event_name":"Beggar","floor":28,"gold_loss":0},{"damage_healed":0,"gold_gain":0,"player_choice":"Smashed Altar","damage_taken":0,"max_hp_gain":0,"max_hp_loss":0,"event_name":"Forgotten Altar","floor":30,"gold_loss":0,"cards_obtained":["Decay"]},{"cards_removed":["Decay"],"damage_healed":0,"gold_gain":0,"player_choice":"Purged","damage_taken":0,"max_hp_gain":0,"max_hp_loss":0,"event_name":"Purifier","floor":31,"gold_loss":0},{"damage_healed":0,"gold_gain":0,"player_choice":"Ignored","damage_taken":0,"max_hp_gain":0,"max_hp_loss":0,"event_name":"SecretPortal","floor":37,"gold_loss":0},{"damage_healed":0,"gold_gain":0,"player_choice":"Memory 1","damage_taken":0,"max_hp_gain":0,"max_hp_loss":0,"event_name":"SensoryStone","floor":41,"gold_loss":0},{"damage_healed":0,"gold_gain":0,"player_choice":"Fight","damage_taken":0,"max_hp_gain":0,"max_hp_loss":0,"event_name":"MindBloom","floor":48,"gold_loss":0}],"is_beta":false,"boss_relics":[{"not_picked":["Runic Dome","Astrolabe"],"picked":"Inserter"},{"not_picked":["Calling Bell","Philosopher\u0027s Stone"],"picked":"Fusion Hammer"}],"items_purged_floors":[],"is_endless":false,"potions_floor_spawned":[2,4,10,13,18,27,45,47,48],"ascension_level":0}}