{"host":"58syw52hqfl22t9m","time":1611809939,"event":{"mods":["2.2 Compatiblity","AchievementEnabler","BaseMod","Better Altar","Better Match","Better Note","Better Sensory Stone","Better Skull","Better Third Choice","BetterRewards","Block Reminder","Colored Map","Colored Powertips","Dark Map","GifTheSpireLib","Highlight Path","Hubris","Infinite Spire","Minty Spire (QoL Compilation)","Monster B Gone","Permanent Neow","Poor People Problems","Random Character Button","Rare Cards Sparkle","Relic Stats","Reliquary","Replay The Spire","Shop Mod","Spicy Shops","StSLib","The Blue Laboratory"],"gold_per_floor":[119,69,69,69,69,69,89,89,113,138,138],"floor_reached":10,"language":"ENG","playtime":1016,"items_purged":[],"score":77,"play_id":"b5ec80d5-0b76-4062-a2dc-1a56a4869394","local_time":"20210127205859","is_ascension_mode":true,"campfire_choices":[{"data":"ReplayTheSpireMod:Speed Training","floor":6,"key":"SMITH"},{"data":"Quick Slash","floor":8,"key":"SMITH"}],"circlet_count":0,"master_deck":["Strike_G","Strike_G","Strike_G","Strike_G","Strike_G","Defend_G","Defend_G","Defend_G","Defend_G","Defend_G","Survivor","Neutralize+1","ReplayTheSpireMod:Speed Training+1","Dagger Spray","Quick Slash+1"],"relics":["Ring of the Snake","hubris:Icosahedron","ReplayTheSpireMod:Lightbulb"],"acts_visited":["Exordium"],"potions_floor_usage":[],"damage_taken":[{"damage":0,"enemies":"Small Slimes","floor":1,"turns":4},{"damage":3,"enemies":"Jaw Worm","floor":7,"turns":4},{"damage":56,"enemies":"Gremlin Nob","floor":10,"turns":6}],"seed_played":"-8967887600211876070","potions_obtained":[],"is_trial":false,"path_per_floor":["M","$","?","?","$","R","M","R","T","E"],"character_chosen":"THE_SILENT","items_purchased":["Dagger Spray"],"campfire_rested":0,"item_purchase_floors":[2],"current_hp_per_floor":[70,70,70,70,70,70,67,67,67,11,11],"gold":138,"neow_bonus":"UPGRADE_CARD","is_daily":false,"chose_seed":false,"campfire_upgraded":2,"win_rate":0.0,"timestamp":1611809939,"path_taken":["M","$","?","?","$","R","M","R","T","E"],"items_purchased_type":["Card"],"build_version":"2020-12-22","purchased_purges":0,"victory":false,"max_hp_per_floor":[70,70,70,70,70,70,70,70,70,70,70],"relic_stats":{"counters":[71,323],"obtain_stats":[{"TwistedFunnel":24,"ReplayFunnel":9,"Golden Egg":37,"Regal Pillow":46,"Gremlin Horn":48,"Mango":0,"Blue Doll":44,"hubris:SlimyHat":26,"Whetstone":39,"Smiling Mask":28,"Sling":46,"Pet Ghost":19,"BranchBurnRelic":11,"Replay:Bandana":9,"hubris:Icosahedron":3,"WristBlade":17,"Ninja Scroll":50,"Pantograph":0,"Strawberry":21,"hubris:ScarierMask":19,"Tiny Chest":0,"Red Mask":33,"HandDrill":48,"Ring of the Snake":0,"Replay:Bottled Steam":43,"Gremlin Food":22,"Pear":0,"Dead Branch":9,"Paper Crane":9,"White Beast Statue":6,"Mercury Hourglass":41,"SlaversCollar":36,"Strange Spoon":48,"betterThird:SlimedRelic":4,"Membership Card":0,"ReplayTheSpireMod:Lightbulb":9,"Meat on the Bone":45},{"TwistedFunnel":35,"ReplayFunnel":53,"Golden Egg":18,"Regal Pillow":46,"Gremlin Horn":47,"Mango":0,"Blue Doll":46,"hubris:SlimyHat":13,"Whetstone":43,"Smiling Mask":14,"Sling":46,"Pet Ghost":10,"BranchBurnRelic":66,"Replay:Bandana":30,"hubris:Icosahedron":69,"WristBlade":9,"Ninja Scroll":49,"Pantograph":0,"Strawberry":11,"hubris:ScarierMask":34,"Tiny Chest":0,"Red Mask":40,"HandDrill":47,"Ring of the Snake":0,"Replay:Bottled Steam":20,"Gremlin Food":35,"Pear":50,"Dead Branch":65,"Paper Crane":5,"White Beast Statue":3,"Mercury Hourglass":20,"SlaversCollar":41,"Strange Spoon":47,"betterThird:SlimedRelic":28,"Membership Card":26,"ReplayTheSpireMod:Lightbulb":70,"Meat on the Bone":46},{"TwistedFunnel":165,"ReplayFunnel":240,"Golden Egg":89,"Regal Pillow":211,"Gremlin Horn":212,"Mango":0,"Blue Doll":211,"hubris:SlimyHat":65,"Whetstone":193,"Smiling Mask":71,"Sling":211,"Pet Ghost":51,"BranchBurnRelic":298,"Replay:Bandana":143,"hubris:Icosahedron":313,"WristBlade":47,"Ninja Scroll":218,"Pantograph":0,"Strawberry":56,"hubris:ScarierMask":163,"Tiny Chest":0,"Red Mask":181,"HandDrill":212,"Ring of the Snake":0,"Replay:Bottled Steam":100,"Gremlin Food":165,"Pear":231,"Dead Branch":295,"Paper Crane":24,"White Beast Statue":16,"Mercury Hourglass":100,"SlaversCollar":188,"Strange Spoon":212,"betterThird:SlimedRelic":135,"Membership Card":128,"ReplayTheSpireMod:Lightbulb":317,"Meat on the Bone":211}],"Ring of the Snake":[142]},"card_choices":[{"not_picked":["Poisoned Stab","Prepared"],"picked":"ReplayTheSpireMod:Speed Training","floor":1},{"not_picked":["Prepared","Toxin Wave"],"picked":"Quick Slash","floor":7}],"player_experience":430047,"relics_obtained":[{"floor":9,"key":"ReplayTheSpireMod:Lightbulb"}],"event_choices":[],"is_beta":false,"boss_relics":[],"items_purged_floors":[],"is_endless":false,"potions_floor_spawned":[10],"killed_by":"Gremlin Nob","ascension_level":4}}