{"host":"59ybwvz342rz5fw6","time":1611850718,"event":{"mods":["BaseMod","Colored Powertips","Minty Spire (QoL Compilation)","Relic Stats","RumiaBox-露米娅的神秘盒子","StSLib","Waifu the Spire","Yuyuko","[IsaacMod]以撒尖塔","simple","【功能Mod】混沌之环修复补丁","【功能Mod】聪明的最终Boss"],"gold_per_floor":[409,424,147,159,177,177,177],"floor_reached":6,"language":"ZHS","playtime":479,"items_purged":["Strike_P"],"score":40,"play_id":"839e1a4a-f8bf-4b6f-9dd7-602563690755","local_time":"20210129001838","is_ascension_mode":true,"campfire_choices":[],"circlet_count":0,"master_deck":["Strike_P","Strike_P","Strike_P","Defend_P","Defend_P","Defend_P","Defend_P","Eruption","Vigilance","ClearTheMind","EmptyBody","Prostrate"],"relics":["PureWater","HushsDoor","NineVolt","Old Coin","Oddly Smooth Stone"],"acts_visited":["Exordium"],"potions_floor_usage":[5],"damage_taken":[{"damage":0,"enemies":"2 Louse","floor":1,"turns":2},{"damage":3,"enemies":"Jaw Worm","floor":2,"turns":3},{"damage":0,"enemies":"Small Slimes","floor":4,"turns":4},{"damage":0,"enemies":"Looter","floor":5,"turns":4},{"damage":34,"enemies":"3 Sentries","floor":6,"turns":5}],"seed_played":"-8036728425105985649","potions_obtained":[{"floor":4,"key":"BottledMiracle"}],"is_trial":false,"path_per_floor":["M","M","$","M","M","E"],"character_chosen":"WATCHER","items_purchased":["EmptyBody","Oddly Smooth Stone"],"campfire_rested":0,"item_purchase_floors":[3,3],"current_hp_per_floor":[65,62,62,62,62,28,28],"gold":177,"neow_bonus":"ONE_RARE_RELIC","is_daily":false,"chose_seed":false,"campfire_upgraded":0,"win_rate":0.0,"timestamp":1611850718,"path_taken":["M","M","$","M","M","E"],"items_purchased_type":["Card","Relic"],"build_version":"2020-12-22","purchased_purges":1,"victory":false,"max_hp_per_floor":[65,65,65,65,65,65,65],"relic_stats":{"counters":[5,18],"obtain_stats":[{"KeepersGift":0,"NineVolt":0,"Oddly Smooth Stone":3,"PureWater":0,"HushsDoor":0,"Old Coin":0},{"KeepersGift":0,"NineVolt":0,"Oddly Smooth Stone":2,"PureWater":0,"HushsDoor":0,"Old Coin":0},{"KeepersGift":0,"NineVolt":0,"Oddly Smooth Stone":5,"PureWater":0,"HushsDoor":0,"Old Coin":0}]},"card_choices":[{"not_picked":["SashWhip","SandsOfTime"],"picked":"ClearTheMind","floor":1},{"not_picked":["DeceiveReality","PathToVictory","Wallop"],"picked":"SKIP","floor":2},{"not_picked":["ThirdEye","JustLucky","Bomb"],"picked":"SKIP","floor":4},{"not_picked":["ThirdEye","WaveOfTheHand"],"picked":"Prostrate","floor":5}],"player_experience":57627,"relics_obtained":[],"event_choices":[],"is_beta":false,"boss_relics":[],"items_purged_floors":[3],"is_endless":false,"potions_floor_spawned":[4],"killed_by":"3 Sentries","ascension_level":1}}