{"host":"3498uni0c31c9bdm","time":1611815674,"event":{"mods":["BaseMod","Better Third Choice","Minty Spire (QoL Compilation)","Replay The Spire","StSLib"],"gold_per_floor":[115,79,146,146,163,197,213,213,213,213,239,255,11,45,45,61,61,61,61],"floor_reached":18,"language":"ENG","playtime":504,"items_purged":[],"score":168,"play_id":"815f9e6b-fa37-4cfe-9c15-c913af70cd97","local_time":"20210128173434","is_ascension_mode":true,"campfire_choices":[{"floor":10,"key":"REST"},{"floor":15,"key":"REST"},{"floor":17,"key":"REST"}],"circlet_count":0,"master_deck":["Strike_P","Strike_P+1","Strike_P","Strike_P","Defend_P","Defend_P","Defend_P","Defend_P","Eruption","Vigilance","MasterReality","PathToVictory","SandsOfTime","Writhe","Prostrate","EmptyBody","BowlingBash","Consecrate+1","Judgement","Replay:ManipulateFuture"],"relics":["PureWater","ReplayTheSpireMod:Ring of Exchange","Ring of Fury","Strawberry","Replay:Rubber Ducky","Replay:Ringing Soul","Gremlin Food"],"acts_visited":["Exordium"],"potions_floor_usage":[6,14,18,18],"damage_taken":[{"damage":10,"enemies":"Cultist","floor":1,"turns":5},{"damage":15,"enemies":"Jaw Worm","floor":5,"turns":4},{"damage":39,"enemies":"Gremlin Nob","floor":6,"turns":5},{"damage":2,"enemies":"2 Louse","floor":7,"turns":3},{"damage":4,"enemies":"Looter","floor":12,"turns":4},{"damage":12,"enemies":"3 Sentries","floor":14,"turns":5},{"damage":10,"enemies":"Exordium Wildlife","floor":16,"turns":3},{"damage":64,"enemies":"Fading Forest","floor":18,"turns":7}],"seed_played":"-3867215662077543042","potions_obtained":[{"floor":5,"key":"LiquidMemories"},{"floor":7,"key":"Strength Potion"},{"floor":12,"key":"Block Potion"},{"floor":16,"key":"DuplicationPotion"}],"is_trial":false,"path_per_floor":["M","$","?","?","M","E","M","PTL","PTL","R","T","M","$","E","R","M","R","B"],"character_chosen":"WATCHER","items_purchased":["SandsOfTime","Replay:Ringing Soul"],"campfire_rested":3,"item_purchase_floors":[2,13],"current_hp_per_floor":[55,55,55,55,40,8,6,6,6,29,29,25,25,16,40,33,58,0,0],"gold":61,"neow_bonus":"ONE_RANDOM_RARE_CARD","is_daily":false,"chose_seed":false,"campfire_upgraded":0,"win_rate":0.0,"timestamp":1611815674,"path_taken":["M","$","?","?","M","E","M","PTL","PTL","R","T","M","$","E","R","M","R","BOSS"],"items_purchased_type":["Card","Relic"],"build_version":"2020-12-22","purchased_purges":0,"victory":false,"max_hp_per_floor":[72,72,72,72,72,79,79,79,79,79,79,79,79,82,82,85,85,85,85],"card_choices":[{"not_picked":["Replay:AtTheReady","Wallop"],"picked":"PathToVictory","floor":1},{"not_picked":["LikeWater","JustLucky"],"picked":"Prostrate","floor":5},{"not_picked":["Evaluate","FollowUp"],"picked":"EmptyBody","floor":6},{"not_picked":["EmptyBody","Study"],"picked":"BowlingBash","floor":7},{"not_picked":["Replay:Anticipation","Replay:BluntJabs"],"picked":"Consecrate","floor":12},{"not_picked":["Crescendo","WreathOfFlame"],"picked":"Judgement","floor":14},{"not_picked":["Adaptation","Replay:BluntJabs"],"picked":"Replay:ManipulateFuture","floor":16}],"player_experience":747318,"relics_obtained":[{"floor":4,"key":"ReplayTheSpireMod:Ring of Exchange"},{"floor":4,"key":"Ring of Fury"},{"floor":6,"key":"Strawberry"},{"floor":11,"key":"Replay:Rubber Ducky"},{"floor":14,"key":"Gremlin Food"}],"event_choices":[{"damage_healed":0,"gold_gain":67,"player_choice":"Gained Gold","damage_taken":0,"max_hp_gain":0,"max_hp_loss":0,"event_name":"Golden Wing","floor":3,"gold_loss":0}],"is_beta":false,"boss_relics":[],"items_purged_floors":[],"is_endless":false,"potions_floor_spawned":[5,7,12,16],"killed_by":"Fading Forest","ascension_level":8}}