{"host":"0tiuc76yumknr6qf","time":1611874520,"event":{"mods":["BaseMod","Bestiary","Colored Map","DeckTracker","Downfall","Highlight Path","Minty Spire (QoL Compilation)","StSLib"],"gold_per_floor":[99,115,127,185,197,197,197,197,217,239,239,239,50,62,79,79,79,79],"floor_reached":16,"language":"ENG","playtime":976,"items_purged":[],"score":92,"play_id":"27c6e909-db62-46e5-b0c3-ffe55c8934bd","local_time":"20210128165520","is_ascension_mode":false,"campfire_choices":[{"data":"bronze:Replicate","floor":1,"key":"SMITH"},{"data":"bronze:Philosophize","floor":6,"key":"SMITH"},{"data":"bronze:WhirlingStrike","floor":8,"key":"SMITH"},{"data":"bronze:DelayedSlice","floor":11,"key":"SMITH"}],"circlet_count":0,"master_deck":["bronze:Strike","bronze:Strike","bronze:Strike","bronze:Strike","bronze:Defend","bronze:Defend","bronze:Defend","bronze:Defend","bronze:Replicate+1","bronze:Goto","bronze:WhirlingStrike+1","bronze:Philosophize+1","bronze:ForceShield","bronze:CutThrough","bronze:Iterate","bronze:DelayedSlice+1","bronze:ForLoop","bronze:Boost","expansioncontent:InvincibleStrength","bronze:Repair"],"relics":["bronze:BronzeCore","Thread and Needle","Incense Burner","Odd Mushroom"],"acts_visited":["Exordium"],"potions_floor_usage":[4,16,16],"damage_taken":[{"damage":6,"enemies":"Cultist","floor":2,"turns":3},{"damage":2,"enemies":"2 Louse","floor":3,"turns":2},{"damage":32,"enemies":"Lagavulin Event","floor":4,"turns":5},{"damage":3,"enemies":"Small Slimes","floor":5,"turns":4},{"damage":3,"enemies":"2 Fungi Beasts","floor":9,"turns":2},{"damage":0,"enemies":"The Mushroom Lair","floor":10,"turns":2},{"damage":0,"enemies":"downfall:FleeingMerchant","floor":13,"turns":4},{"damage":0,"enemies":"Exordium Wildlife","floor":14,"turns":2},{"damage":0,"enemies":"Large Slime","floor":15,"turns":3},{"damage":48,"enemies":"DF_ARCHETYPE_STREAMLINE","floor":16,"turns":6}],"seed_played":"-3323652582015560805","potions_obtained":[{"floor":3,"key":"LiquidMemories"},{"floor":5,"key":"Swift Potion"},{"floor":9,"key":"GamblersBrew"},{"floor":14,"key":"EssenceOfSteel"}],"is_trial":false,"path_per_floor":["R","M","M","?","M","R","T","R","M","?","R","?","$","M","M","B"],"character_chosen":"THE_AUTOMATON","items_purchased":["bronze:Boost","expansioncontent:InvincibleStrength"],"campfire_rested":0,"item_purchase_floors":[13,13],"current_hp_per_floor":[77,71,69,37,34,34,34,34,31,31,31,31,31,31,31,0,0,0],"gold":79,"neow_bonus":"TEN_PERCENT_HP_BONUS","is_daily":false,"chose_seed":false,"campfire_upgraded":4,"win_rate":0.0,"timestamp":1611874520,"path_taken":["R","M","M","?","M","R","T","R","M","?","R","?","$","M","M","BOSS"],"items_purchased_type":["Card","Card"],"build_version":"2020-12-22","purchased_purges":0,"victory":false,"max_hp_per_floor":[77,77,77,77,77,77,77,77,77,77,77,77,77,77,77,77,77,77],"card_choices":[{"not_picked":["bronze:BuggyMess","bronze:WildBeam"],"picked":"bronze:WhirlingStrike","floor":2},{"not_picked":["bronze:NullPointer","bronze:Overheat"],"picked":"bronze:Philosophize","floor":3},{"not_picked":["bronze:Safeguard","bronze:Allocate"],"picked":"bronze:ForceShield","floor":4},{"not_picked":["bronze:Shield","bronze:BronzeArmor"],"picked":"bronze:CutThrough","floor":5},{"not_picked":["bronze:ForceShield","bronze:ForLoop"],"picked":"bronze:Iterate","floor":9},{"not_picked":["bronze:WhirlingStrike","bronze:OilSpill"],"picked":"bronze:DelayedSlice","floor":10},{"not_picked":["bronze:BurnOut","bronze:WildBeam"],"picked":"bronze:ForLoop","floor":13},{"not_picked":["bronze:DarkDash","bronze:OilSpill","bronze:WildBeam"],"picked":"SKIP","floor":14},{"not_picked":["bronze:Shield","bronze:WildBeam"],"picked":"bronze:Repair","floor":15}],"player_experience":2044630,"relics_obtained":[{"floor":4,"key":"Thread and Needle"},{"floor":7,"key":"Incense Burner"},{"floor":10,"key":"Odd Mushroom"}],"event_choices":[{"damage_healed":0,"gold_gain":0,"player_choice":"Fought Mushrooms","damage_taken":0,"max_hp_gain":0,"max_hp_loss":0,"event_name":"Mushrooms","floor":10,"gold_loss":0},{"damage_healed":0,"gold_gain":0,"player_choice":"Fled","damage_taken":0,"max_hp_gain":0,"max_hp_loss":0,"event_name":"Scrap Ooze","floor":12,"gold_loss":0}],"is_beta":false,"boss_relics":[],"items_purged_floors":[],"is_endless":false,"potions_floor_spawned":[3,5,9,14,15],"killed_by":"DF_ARCHETYPE_STREAMLINE","ascension_level":0}}