{"host":"hcg2wesxzfo46upw","time":1611870530,"event":{"mods":["2.2 Compatiblity","AchievementEnabler","Act Like it!","Aspiration","BaseMod","Beaked The Cultist","Clockwork Mod","Conspire","Downfall","Duelist Mod","Elementarium","Gensokyo","GifTheSpireLib","Glutton Mod","Hubris","Infinite Spire","Jedi Mod","Mad Scientist","Minty Spire (QoL Compilation)","Pale of the Ancients","Prisma Mod","Replay The Spire","Spikes Relics","StSLib","Stuff the Spire","The Blackbeard","The Bug Knight","The Construct","The Cursed","The Death Knight","The Disciple","The Jungle","The Necromancer","The Runesmith","Wandering Minibosses"],"gold_per_floor":[99,119,136,149,134,134,184,184,203,18,18,18,18,37,54,155,155,206,226,243,260,260,271,271,271,271,306,306,425,425,454,468,468,468],"floor_reached":33,"language":"ENG","playtime":2712,"items_purged":[],"score":279,"play_id":"9648b1d8-7dc9-456e-93a8-392729dac188","local_time":"20210128224850","is_ascension_mode":false,"campfire_choices":[{"data":"Bone_Wall","floor":1,"key":"SMITH"},{"data":"Negative_Energy_Arrows","floor":6,"key":"SMITH"},{"data":"Bone_Armor","floor":12,"key":"SMITH"},{"floor":28,"key":"REST"},{"floor":30,"key":"DIG"}],"circlet_count":0,"master_deck":["Strike_W","Strike_W","Strike_W","Strike_W","Defend_W","Defend_W","Defend_W","Defend_W","Negative_Energy_Arrows+1","Bone_Wall+1","Shade_Step","Thousand_Bone_Knives+1","Bone_Prison","Flesh_Made_Foul","Injury","Bone_Armor+1","Vampiric_Strike+1","Apotheosis+1","Negative_Energy_Shield","Blood_Whip+1","Grasp_Heart+1","Finger_Of_Death+1","Bone_Armor+1","Deaths_Shadow+1","Summon_Undead","Hellfire+1","Pain","Bone_Bullets+1","Negative_Energy_Javelin+1","hubris:NaturalOne","Exploit+1","Bone_Armory"],"relics":["Vampire_Amulet","jedi:crownofsimplicity","Bronze Scales","Molten Egg 2","Sandwich","Shovel","hubris:Icosahedron","WarpedTongs","hubris:FunFungus","Chameleon Ring","Juzu Bracelet","wanderingMiniBosses:OtherGremlinHorn"],"acts_visited":["Exordium","TheCity"],"potions_floor_usage":[21,29,32],"damage_taken":[{"damage":0,"enemies":"Jaw Worm","floor":2,"turns":3},{"damage":0,"enemies":"Small Slimes","floor":3,"turns":3},{"damage":0,"enemies":"Cultist","floor":4,"turns":3},{"damage":0,"enemies":"downfall:FleeingMerchant","floor":5,"turns":5},{"damage":0,"enemies":"Looter","floor":9,"turns":2},{"damage":2,"enemies":"downfall:FleeingMerchant","floor":10,"turns":5},{"damage":0,"enemies":"2 Fungi Beasts","floor":14,"turns":3},{"damage":3,"enemies":"Red Slaver","floor":15,"turns":3},{"damage":49,"enemies":"Fading Forest","floor":16,"turns":11},{"damage":50,"enemies":"conspire:FuzzyDice","floor":19,"turns":6},{"damage":2,"enemies":"Spheric Guardian","floor":20,"turns":2},{"damage":15,"enemies":"Chosen and Byrds","floor":21,"turns":7},{"damage":0,"enemies":"Snecko","floor":23,"turns":3},{"damage":18,"enemies":"HollowMod:Nosk","floor":27,"turns":4},{"damage":25,"enemies":"3 Cultists","floor":29,"turns":4},{"damage":13,"enemies":"Nightmare","floor":31,"turns":4},{"damage":25,"enemies":"Centurion and Healer","floor":32,"turns":9},{"damage":8,"enemies":"DF_ARCHETYPE_CLAW","floor":33,"turns":1}],"seed_played":"4021970255702541182","potions_obtained":[{"floor":3,"key":"Strength Potion"},{"floor":4,"key":"Languid Potion"},{"floor":15,"key":"FearPotion"},{"floor":19,"key":"Regen Potion"},{"floor":20,"key":"LiquidMemories"},{"floor":21,"key":"SmokeBomb"}],"is_trial":false,"path_per_floor":["R","M","M","M","$","R","T","?","M","$","?","R","?","M","M","B",null,"R","M","M","M","?","M","T","?","?","E","R","M","R","NM","M","B"],"character_chosen":"NECROMANCER","items_purchased":["Apotheosis"],"campfire_rested":1,"item_purchase_floors":[10],"current_hp_per_floor":[75,75,75,75,75,75,75,75,75,73,73,73,73,75,74,43,75,75,31,31,23,23,30,30,30,30,16,38,24,24,22,6,0,0],"gold":468,"neow_bonus":"RANDOM_COMMON_RELIC","is_daily":false,"chose_seed":false,"campfire_upgraded":3,"win_rate":0.0,"timestamp":1611870530,"path_taken":["R","M","M","M","$","R","T","?","M","$","?","R","?","M","M","BOSS","R","M","M","M","?","?","T","?","?","E","R","M","R","NM","M","BOSS"],"items_purchased_type":["Card"],"build_version":"2020-12-22","purchased_purges":0,"victory":false,"max_hp_per_floor":[75,75,75,75,75,75,75,75,75,75,75,75,75,75,75,75,75,75,75,75,75,75,75,75,75,75,75,75,75,75,75,75,75,75],"card_choices":[{"not_picked":["Bone_Spikes","Consume_Illness"],"picked":"Shade_Step","floor":2},{"not_picked":["Negative_Energy_Burst","Bone_Spikes"],"picked":"Thousand_Bone_Knives","floor":3},{"not_picked":["Finger_Of_Death","Negative_Energy_Javelin"],"picked":"Bone_Prison","floor":4},{"not_picked":["Negative_Energy_Mist","Vampiric_Strike"],"picked":"Flesh_Made_Foul","floor":5},{"not_picked":["Stop_Heart","Bone_Bullets+1"],"picked":"Bone_Armor","floor":9},{"not_picked":["Blood_Whip+1","Shade_Step"],"picked":"Vampiric_Strike+1","floor":10},{"not_picked":["Pandemic","Spectral_Walk"],"picked":"Negative_Energy_Shield","floor":14},{"not_picked":["Necromantic_Selection","Violent_Necrosis"],"picked":"Blood_Whip+1","floor":15},{"not_picked":["Requiem+1","Hellfire+1"],"picked":"Grasp_Heart+1","floor":16},{"not_picked":["Negative_Energy_Mist","Bone_Spikes+1"],"picked":"Finger_Of_Death+1","floor":19},{"not_picked":["Scare","Vampiric_Strike+1"],"picked":"Bone_Armor+1","floor":20},{"not_picked":["Shackles_Of_Pain","Negative_Energy_Sphere+1"],"picked":"Deaths_Shadow+1","floor":21},{"not_picked":["Bone_Armor","Chill_Blood"],"picked":"Hellfire+1","floor":23},{"not_picked":["Flesh_Made_Foul+1","Shackles_Of_Pain"],"picked":"Bone_Bullets+1","floor":27},{"not_picked":["Strike_from_Beyond+1","Negative_Energy_Sphere+1"],"picked":"Negative_Energy_Javelin+1","floor":29},{"not_picked":["Acid_Javelin+1","Necrotic_Claws+1"],"picked":"Exploit+1","floor":31},{"not_picked":["Spectral_Armor","Plague_Bolt+1"],"picked":"Bone_Armory","floor":32}],"player_experience":222729,"relics_obtained":[{"floor":7,"key":"Bronze Scales"},{"floor":24,"key":"Shovel"},{"floor":27,"key":"hubris:FunFungus"},{"floor":30,"key":"Chameleon Ring"},{"floor":31,"key":"Juzu Bracelet"},{"floor":32,"key":"wanderingMiniBosses:OtherGremlinHorn"}],"event_choices":[{"damage_healed":0,"gold_gain":0,"player_choice":"Grow","damage_taken":0,"max_hp_gain":0,"max_hp_loss":0,"event_name":"Living Wall","floor":11,"gold_loss":0,"cards_upgraded":["Apotheosis"]},{"damage_healed":0,"gold_gain":0,"player_choice":"Rummage","damage_taken":0,"relics_obtained":["WarpedTongs"],"max_hp_gain":0,"max_hp_loss":0,"event_name":"Accursed Blacksmith","floor":26,"gold_loss":0,"cards_obtained":["Pain"]}],"is_beta":false,"boss_relics":[{"not_picked":["ReplayTheSpireMod:SealedPack","StuffTheSpire:RunicConfusion"],"picked":"Sandwich"}],"items_purged_floors":[],"is_endless":true,"potions_floor_spawned":[3,4,15,19,20,21],"killed_by":"DF_ARCHETYPE_CLAW","ascension_level":0}}