{"host":"kydqlojjt9mno5rv","time":1611808270,"event":{"mods":["AchievementEnabler","BaseMod","Colored Powertips","DeckTracker","Minty Spire (QoL Compilation)","Spicy Shops","StSLib","SuperFastMode","Synergy Search","Weighted Paths"],"gold_per_floor":[113,113,113,123,123,157,3,28,77,103,278,278,306,324,324,422,422,432,432,443,289,313,345,345,380,460,460,480,480,498,517,517,517,517],"floor_reached":33,"language":"ENG","playtime":1843,"items_purged":[],"score":403,"play_id":"12d6402d-9fea-41a1-8a6f-52084db744a1","local_time":"20210127233110","is_ascension_mode":true,"campfire_choices":[{"floor":12,"key":"REST"},{"floor":15,"key":"REST"},{"floor":24,"key":"REST"},{"floor":29,"key":"RECALL"},{"data":"Ghostly","floor":32,"key":"SMITH"}],"circlet_count":0,"master_deck":["Strike_G","Strike_G","Strike_G","Strike_G+1","Strike_G","Defend_G+1","Defend_G","Defend_G","Defend_G","Survivor","Neutralize","Blade Dance","Dodge and Roll","Finisher+1","Terror","Cloak And Dagger","PiercingWail","Doubt","Dagger Throw+1","Dagger Spray+1","Night Terror+1","CurseOfTheBell","Backflip+1","Adrenaline","After Image","Bullet Time","Finisher+1","Underhanded Strike+1","Flying Knee+1","PiercingWail","Grand Finale+1","Ghostly","Ghostly","Ghostly+1","Ghostly","Ghostly","Blade Dance","Choke+1"],"relics":["Ring of the Snake","NeowsBlessing","Molten Egg 2","Frozen Eye","Mummified Hand","Orichalcum","Bag of Marbles","Bag of Preparation","Calling Bell","InkBottle","Toy Ornithopter","Gambling Chip","Orrery","Lantern","Tough Bandages","Turnip","Frozen Egg 2"],"acts_visited":["Exordium","TheCity"],"potions_floor_usage":[20,28,31],"damage_taken":[{"damage":0,"enemies":"2 Louse","floor":1,"turns":1},{"damage":0,"enemies":"Jaw Worm","floor":4,"turns":1},{"damage":0,"enemies":"3 Sentries","floor":6,"turns":1},{"damage":14,"enemies":"Gremlin Nob","floor":8,"turns":3},{"damage":8,"enemies":"3 Sentries","floor":10,"turns":6},{"damage":15,"enemies":"Lagavulin","floor":13,"turns":4},{"damage":0,"enemies":"Small Slimes","floor":14,"turns":2},{"damage":12,"enemies":"Hexaghost","floor":16,"turns":9},{"damage":18,"enemies":"Spheric Guardian","floor":18,"turns":4},{"damage":1,"enemies":"2 Thieves","floor":20,"turns":4},{"damage":11,"enemies":"Book of Stabbing","floor":23,"turns":4},{"damage":5,"enemies":"Gremlin Leader","floor":25,"turns":3},{"damage":9,"enemies":"3 Cultists","floor":28,"turns":7},{"damage":0,"enemies":"Snecko","floor":30,"turns":1},{"damage":0,"enemies":"Cultist and Chosen","floor":31,"turns":6},{"damage":48,"enemies":"Automaton","floor":33,"turns":6}],"seed_played":"-7156943032180136621","potions_obtained":[{"floor":1,"key":"EssenceOfSteel"},{"floor":6,"key":"PowerPotion"},{"floor":10,"key":"Dexterity Potion"},{"floor":14,"key":"LiquidMemories"},{"floor":23,"key":"GamblersBrew"},{"floor":25,"key":"Poison Potion"},{"floor":31,"key":"Block Potion"}],"is_trial":false,"path_per_floor":["M","?","?","M","T","E","$","E","T","E","?","R","E","M","R","B",null,"M","?","M","$","T","E","R","E","T","?","M","R","M","M","R","B"],"character_chosen":"THE_SILENT","items_purchased":["Terror","Frozen Eye","Orrery"],"campfire_rested":3,"item_purchase_floors":[7,7,21],"current_hp_per_floor":[70,56,49,49,49,49,49,35,35,27,27,48,33,33,54,42,70,52,52,56,56,56,45,66,61,61,35,31,31,31,35,35,0,0],"gold":517,"neow_bonus":"THREE_ENEMY_KILL","is_daily":false,"chose_seed":false,"campfire_upgraded":1,"win_rate":0.0,"timestamp":1611808270,"path_taken":["M","?","?","M","?","E","$","E","T","E","?","R","E","?","R","BOSS","M","?","M","$","?","E","R","E","T","?","?","R","?","M","R","BOSS"],"items_purchased_type":["Card","Relic","Relic"],"build_version":"2020-12-22","purchased_purges":0,"victory":false,"max_hp_per_floor":[70,70,70,70,70,70,70,70,70,70,70,70,70,70,70,70,70,70,70,70,70,70,70,70,70,70,35,35,35,35,35,35,35,35],"card_choices":[{"not_picked":["Skewer","Dagger Throw"],"picked":"Blade Dance","floor":1},{"not_picked":["Skewer","Poisoned Stab"],"picked":"Dodge and Roll","floor":4},{"not_picked":["PiercingWail","Dodge and Roll"],"picked":"Finisher+1","floor":6},{"not_picked":["Sucker Punch+1","Bane+1"],"picked":"Cloak And Dagger","floor":8},{"not_picked":["Bane+1","Reflex"],"picked":"PiercingWail","floor":10},{"not_picked":["Bane+1","Distraction"],"picked":"Dagger Throw+1","floor":13},{"not_picked":["Slice+1","Venomology"],"picked":"Dagger Spray+1","floor":14},{"not_picked":["Envenom","Corpse Explosion"],"picked":"Night Terror","floor":16},{"not_picked":["Bane+1","Quick Slash+1"],"picked":"Backflip+1","floor":18},{"not_picked":["Concentrate","Bane+1"],"picked":"Adrenaline","floor":20},{"not_picked":["Backflip","Underhanded Strike+1"],"picked":"After Image","floor":21},{"not_picked":["Caltrops","Poisoned Stab+1"],"picked":"Bullet Time","floor":21},{"not_picked":["Terror","Slice+1"],"picked":"Finisher+1","floor":21},{"not_picked":["Reflex","Bouncing Flask+1"],"picked":"Underhanded Strike+1","floor":21},{"not_picked":["Acrobatics+1","Endless Agony+1"],"picked":"Flying Knee+1","floor":21},{"not_picked":["Choke+1","Riddle With Holes+1"],"picked":"PiercingWail","floor":23},{"not_picked":["Leg Sweep","Deflect"],"picked":"Grand Finale+1","floor":25},{"not_picked":["Dagger Spray+1","Flying Knee+1"],"picked":"Blade Dance","floor":28},{"not_picked":["Deflect+1","Skewer+1"],"picked":"Choke+1","floor":30},{"not_picked":["Bane+1","Underhanded Strike+1","Crippling Poison"],"picked":"SKIP","floor":31}],"player_experience":139539,"relics_obtained":[{"floor":6,"key":"Molten Egg 2"},{"floor":8,"key":"Mummified Hand"},{"floor":9,"key":"Orichalcum"},{"floor":10,"key":"Bag of Marbles"},{"floor":13,"key":"Bag of Preparation"},{"floor":17,"key":"InkBottle"},{"floor":17,"key":"Toy Ornithopter"},{"floor":17,"key":"Gambling Chip"},{"floor":22,"key":"Lantern"},{"floor":23,"key":"Tough Bandages"},{"floor":25,"key":"Turnip"},{"floor":26,"key":"Frozen Egg 2"}],"event_choices":[{"damage_healed":0,"gold_gain":0,"player_choice":"Entered Light","damage_taken":14,"max_hp_gain":0,"max_hp_loss":0,"event_name":"Shining Light","floor":2,"gold_loss":0,"cards_upgraded":["Defend_G","Strike_G"]},{"cards_removed":["Defend_G"],"damage_healed":0,"gold_gain":0,"player_choice":"Card Removal","damage_taken":7,"max_hp_gain":0,"max_hp_loss":0,"event_name":"Golden Wing","floor":3,"gold_loss":0},{"damage_healed":0,"gold_gain":175,"player_choice":"AGREE","damage_taken":0,"max_hp_gain":0,"max_hp_loss":0,"event_name":"Liars Game","floor":11,"gold_loss":0,"cards_obtained":["Doubt"]},{"damage_healed":0,"gold_gain":0,"player_choice":"Upgraded","damage_taken":0,"max_hp_gain":0,"max_hp_loss":0,"event_name":"Upgrade Shrine","floor":19,"gold_loss":0,"cards_upgraded":["Night Terror"]},{"damage_healed":0,"gold_gain":0,"player_choice":"Became a Ghost","damage_taken":0,"max_hp_gain":0,"max_hp_loss":35,"event_name":"Ghosts","floor":27,"gold_loss":0,"cards_obtained":["Ghostly","Ghostly","Ghostly","Ghostly","Ghostly"]}],"is_beta":false,"boss_relics":[{"not_picked":["Cursed Key","Coffee Dripper"],"picked":"Calling Bell"}],"items_purged_floors":[],"is_endless":false,"potions_floor_spawned":[1,6,10,14,23,25,28,31],"killed_by":"Automaton","ascension_level":1}}