{"host":"drjz7zl15rqtgg20","time":1611794992,"event":{"mods":["BaseMod","Downfall","Minty Spire (QoL Compilation)","StSLib"],"gold_per_floor":[99,113,113,123,181,81,160,179,212,223,223,257,167,4,19,122,122,122,136,136,236,76,146,146,477,527,527,451,501,517,579,591,690,740,740,756,770,788,888,938,938,958,992,892,609,623,653,670,684,684],"floor_reached":51,"language":"ENG","playtime":4587,"items_purged":["Slimebound:Strike_Slimebound","Slimebound:Strike_Slimebound","Slimebound:Defend_Slimebound"],"score":825,"play_id":"2780048d-3fd7-42e2-ac55-33afd2549440","local_time":"20210127194952","is_ascension_mode":true,"campfire_choices":[{"floor":1.0,"key":"RECALL"},{"data":"Slimebound:Split","floor":6.0,"key":"SMITH"},{"data":"Slimebound:SplitSpecialist","floor":11.0,"key":"SMITH"},{"data":"Slimebound:MassRepurpose","floor":18.0,"key":"SMITH"},{"data":"Slimebound:LevelUp","floor":27.0,"key":"SMITH"},{"data":"Slimebound:SelfFormingGoo","floor":35,"key":"SMITH"},{"data":"Slimebound:FirmFortitude","floor":44,"key":"SMITH"}],"circlet_count":0,"master_deck":["Slimebound:Tackle","Slimebound:Defend_Slimebound+1","Slimebound:Defend_Slimebound","Slimebound:Defend_Slimebound","Slimebound:Split+1","Slimebound:CorrosiveSpit","Slimebound:RainOfGoop","Slimebound:SplitAcid+1","Slimebound:Prepare","Slimebound:HauntingLick","Slimebound:SplitSpecialist+1","Slimebound:RollThrough+1","Slimebound:GoopTackle+1","Slimebound:Equalize+1","Slimebound:SelfFormingGoo+1","Slimebound:SplitSpecialist","Slimebound:MassRepurpose+1","Slimebound:Repurpose+1","Slimebound:LeadByExample","Slimebound:PressTheAttack+1","Slimebound:SplitLeeching","Slimebound:LevelUp+1","Necronomicurse","Slimebound:Repurpose","Slimebound:MassRepurpose+1","Slimebound:Prepare+1","Slimebound:FirmFortitude+1","Slimebound:Prepare+1","Slimebound:DisruptingSlam+1","Slimebound:Repurpose+1","Slimebound:RallyTheTroops+1"],"relics":["Slimebound:AbsorbEndCombat","HornCleat","downfall:HeartBlessingRed","Molten Egg 2","Strawberry","Cursed Key","downfall:CloakOfManyFaces","CultistMask","FaceOfCleric","NlothsMask","GremlinMask","SsserpentHead","Old Coin","Necronomicon","DollysMirror","Blood Vial","Tiny House","Prayer Wheel","Red Mask","downfall:RedIOUUpgrade","Pen Nib","downfall:HeartBlessingGreen","Pocketwatch"],"acts_visited":["Exordium","TheCity","TheBeyond"],"potions_floor_usage":[43],"damage_taken":[{"damage":0.0,"enemies":"2 Louse","floor":2.0,"turns":2.0},{"damage":3.0,"enemies":"Small Slimes","floor":4.0,"turns":3.0},{"damage":31.0,"enemies":"3 Sentries","floor":5.0,"turns":7.0},{"damage":1.0,"enemies":"Jaw Worm","floor":8.0,"turns":2.0},{"damage":6.0,"enemies":"Lagavulin","floor":9.0,"turns":5.0},{"damage":13.0,"enemies":"Exordium Thugs","floor":10.0,"turns":3.0},{"damage":0.0,"enemies":"Gremlin Nob","floor":12.0,"turns":3.0},{"damage":0.0,"enemies":"downfall:FleeingMerchant","floor":13.0,"turns":4.0},{"damage":1.0,"enemies":"downfall:FleeingMerchant","floor":14.0,"turns":4.0},{"damage":8.0,"enemies":"3 Louse","floor":15.0,"turns":3.0},{"damage":37.0,"enemies":"DF_ARCHETYPE_STREAMLINE","floor":16.0,"turns":8.0},{"damage":0.0,"enemies":"Shell Parasite","floor":19.0,"turns":3.0},{"damage":14.0,"enemies":"downfall:FaceTrader","floor":21.0,"turns":4.0},{"damage":6.0,"enemies":"downfall:FleeingMerchant","floor":22.0,"turns":4.0},{"damage":6.0,"enemies":"Chosen","floor":23.0,"turns":5.0},{"damage":23.0,"enemies":"Book of Stabbing","floor":25.0,"turns":4.0},{"damage":6.0,"enemies":"downfall:FleeingMerchant","floor":28.0,"turns":1.0},{"damage":17,"enemies":"Shelled Parasite and Fungi","floor":30,"turns":3},{"damage":0,"enemies":"3 Cultists","floor":31,"turns":3},{"damage":0,"enemies":"Snecko","floor":32,"turns":2},{"damage":12,"enemies":"WA_ARCHETYPE_CALM","floor":33,"turns":4},{"damage":8,"enemies":"3 Shapes","floor":36,"turns":4},{"damage":0,"enemies":"3 Darklings","floor":37,"turns":3},{"damage":8,"enemies":"4 Shapes","floor":38,"turns":5},{"damage":2,"enemies":"4 Shapes","floor":39,"turns":4},{"damage":12,"enemies":"Spire Growth","floor":42,"turns":4},{"damage":30,"enemies":"Nemesis","floor":43,"turns":7},{"damage":31,"enemies":"3 Darklings","floor":46,"turns":5},{"damage":16,"enemies":"Giant Head","floor":47,"turns":6},{"damage":12,"enemies":"Writhing Mass","floor":48,"turns":4},{"damage":0,"enemies":"Maw","floor":49,"turns":4},{"damage":104,"enemies":"IC_BLOCK_ARCHETYPE","floor":50,"turns":7}],"seed_played":"-592884168966601403","potions_obtained":[{"floor":8.0,"key":"Energy Potion"},{"floor":9.0,"key":"SmokeBomb"},{"floor":10.0,"key":"EssenceOfSteel"},{"floor":15.0,"key":"Slimebound:SlimyTonguePotion"},{"floor":23.0,"key":"PowerPotion"},{"floor":34,"key":"PowerPotion"},{"floor":43,"key":"Slimebound:SlimedPotion"}],"is_trial":false,"path_per_floor":["R","M","?","M","?","R","T","M","E","M","R","E","$","$","M","B",null,"R","M","?","?","$","M","T","E","?","R","$","T","M","M","M","B",null,"R","M","M","M","?","?","T","M","E","R","?","M","E","M","M","B",null],"character_chosen":"SLIMEBOUND","items_purchased":["Slimebound:SelfFormingGoo","Slimebound:SplitSpecialist","Slimebound:PressTheAttack+1","DollysMirror","Blood Vial"],"campfire_rested":0,"item_purchase_floors":[14,14,22,28,28],"current_hp_per_floor":[65,65,65,65,40,40,40,41,48,39,39,43,51,56,52,35,72,72,72,72,61,64,61,61,55,39,39,34,34,42,51,76,80,85,85,86,87,82,85,85,85,79,63,63,102,78,81,76,83,6],"gold":684,"neow_bonus":"TRANSFORM_CARD","is_daily":false,"chose_seed":false,"campfire_upgraded":6,"win_rate":0.0,"timestamp":1611794992,"path_taken":["R","M","?","M","?","R","T","M","E","?","R","E","?","$","M","BOSS","R","M","?","?","$","?","T","E","?","R","$","?","M","?","M","BOSS","R","M","M","M","?","?","T","M","E","R","?","M","E","M","M","BOSS"],"items_purchased_type":["Card","Card","Card","Relic","Relic"],"build_version":"2020-12-22","purchased_purges":3,"victory":true,"max_hp_per_floor":[65,65,65,65,65,65,65,65,72,72,72,72,72,72,72,72,72,72,72,72,72,73,74,74,75,75,75,76,76,77,78,79,80,85,85,86,87,88,89,89,89,90,91,91,102,103,104,105,106,107],"card_choices":[{"not_picked":["Slimebound:LivingWall","Slimebound:SplitMire"],"picked":"Slimebound:SplitAcid","floor":2.0},{"not_picked":["Slimebound:Replication","Slimebound:FinishingTackle"],"picked":"Slimebound:Prepare","floor":4.0},{"not_picked":["Slimebound:FinishingTackle","Slimebound:Grow"],"picked":"Slimebound:HauntingLick","floor":5.0},{"not_picked":["Slimebound:GoopSpray","Slimebound:GoopTackle+1"],"picked":"Slimebound:ForwardTackle+1","floor":8.0},{"not_picked":["Slimebound:Prepare","Slimebound:Nibble+1","Slimebound:LeechingTouch+1"],"picked":"SKIP","floor":9.0},{"not_picked":["Slimebound:DouseInSlime","Slimebound:FinishingTackle+1"],"picked":"Slimebound:SplitSpecialist","floor":10.0},{"not_picked":["Slimebound:LeechEnergy+1","Slimebound:RejuvenatingLick"],"picked":"Slimebound:RollThrough+1","floor":12.0},{"not_picked":["Slimebound:DisruptingSlam+1","Slimebound:Schlurp"],"picked":"Slimebound:GoopTackle+1","floor":13.0},{"not_picked":["Slimebound:SplitLeeching","Slimebound:Nibble+1"],"picked":"Slimebound:Equalize+1","floor":14.0},{"not_picked":["Slimebound:Replication","Slimebound:LivingWall","Slimebound:Prepare"],"picked":"SKIP","floor":15.0},{"not_picked":["Slimebound:SlimeSlap+1","Slimebound:Darklings"],"picked":"Slimebound:MassRepurpose","floor":16.0},{"not_picked":["Slimebound:RollThrough+1","Slimebound:SlimeBrawl+1"],"picked":"Slimebound:Repurpose+1","floor":19.0},{"not_picked":["Slimebound:LivingWall+1","Slimebound:DivideAndConquer+1"],"picked":"Slimebound:LeadByExample","floor":22.0},{"not_picked":["Slimebound:DivideAndConquer+1","Slimebound:RollThrough+1"],"picked":"Slimebound:SplitLeeching","floor":23.0},{"not_picked":["Slimebound:SplitLeeching+1","Slimebound:HauntingLick+1"],"picked":"Slimebound:LevelUp","floor":25.0},{"not_picked":["Slimebound:ProtectTheBoss+1","Slimebound:FinishingTackle+1"],"picked":"Slimebound:Repurpose","floor":28.0},{"not_picked":["Slimebound:ItLooksTasty+1","Slimebound:ComboTackle+1"],"picked":"Slimebound:Prepare","floor":30},{"not_picked":["Slimebound:FinishingTackle+1","Slimebound:Repurpose","Slimebound:LeechingTouch+1"],"picked":"SKIP","floor":31},{"not_picked":["Slimebound:ItLooksTasty+1","Slimebound:Repurpose","Slimebound:ComboTackle+1"],"picked":"SKIP","floor":32},{"not_picked":["Slimebound:MassFeed+1","Slimebound:WasteNot"],"picked":"Slimebound:FirmFortitude","floor":33},{"not_picked":["Slimebound:HauntingLick","Slimebound:ServeAndProtect+1"],"picked":"Slimebound:Prepare+1","floor":36},{"not_picked":["Slimebound:SplitAcid","Slimebound:SlimeSpikes+1","Slimebound:GrowthPunch+1"],"picked":"SKIP","floor":37},{"not_picked":["Slimebound:AcidTongue","Slimebound:SplitSpecialist","Slimebound:ComboTackle+1"],"picked":"SKIP","floor":38},{"not_picked":["Slimebound:SplitLeeching+1","Slimebound:SplitMire"],"picked":"Slimebound:DisruptingSlam+1","floor":39},{"not_picked":["Slimebound:TongueLash+1","Slimebound:Nibble+1","Slimebound:HauntingLick+1"],"picked":"SKIP","floor":42},{"not_picked":["Slimebound:ItLooksTasty+1","Slimebound:FirmFortitude","Slimebound:SplitAcid+1"],"picked":"SKIP","floor":42},{"not_picked":["Slimebound:ProtectTheBoss","Slimebound:SlimeSpikes","Slimebound:PressTheAttack+1"],"picked":"SKIP","floor":43},{"not_picked":["Slimebound:LeechEnergy+1","Slimebound:DisruptingSlam+1"],"picked":"Slimebound:Repurpose+1","floor":46},{"not_picked":["Slimebound:HauntingLick","Slimebound:Prepare","Slimebound:ItLooksTasty+1"],"picked":"SKIP","floor":46},{"not_picked":["Slimebound:CheckThePlaybook","Slimebound:DivideAndConquer+1"],"picked":"Slimebound:RallyTheTroops+1","floor":47},{"not_picked":["Slimebound:FinishingTackle+1","Slimebound:SplitAcid","Slimebound:LeechEnergy+1"],"picked":"SKIP","floor":48},{"not_picked":["Slimebound:FinishingTackle+1","Slimebound:SplitSpecialist","Slimebound:RollThrough+1"],"picked":"SKIP","floor":48},{"not_picked":["Slimebound:Schlurp+1","Slimebound:ComboTackle+1","Slimebound:Prepare"],"picked":"SKIP","floor":49},{"not_picked":["Slimebound:SplitSpecialist+1","Slimebound:Schlurp","Slimebound:LivingWall"],"picked":"SKIP","floor":49}],"player_experience":568591,"relics_obtained":[{"floor":5.0,"key":"HornCleat"},{"floor":7.0,"key":"Molten Egg 2"},{"floor":9.0,"key":"Strawberry"},{"floor":12.0,"key":"War Paint"},{"floor":21.0,"key":"downfall:CloakOfManyFaces"},{"floor":25.0,"key":"Old Coin"},{"floor":26.0,"key":"Necronomicon"},{"floor":39,"key":"Prayer Wheel"},{"floor":43,"key":"Pen Nib"},{"floor":47,"key":"Pocketwatch"}],"event_choices":[],"is_beta":false,"boss_relics":[{"not_picked":["Pandora\u0027s Box","Empty Cage"],"picked":"Cursed Key"},{"not_picked":["Coffee Dripper","Runic Pyramid"],"picked":"Tiny House"}],"items_purged_floors":[13,22,28],"is_endless":false,"potions_floor_spawned":[8,9,10,15,16,23,25,31,32,33,37,38,42,43],"ascension_level":1}}