{"host":"c97twqu0op5dg8i4","time":1611795778,"event":{"mods":["AchievementEnabler","BaseMod","Colored Map","Minty Spire (QoL Compilation)","Permanent Neow"],"gold_per_floor":[112,112,131,131,141,141,167,167,193,220,29,53,53,78,43,43,163,163,179,104,104,104,119,155,155,186,186,186,205,205,205,32,32,161,161,190,190,15,0,33,33,83,104,104,104,104,138,190,222,222,222],"floor_reached":52,"language":"ENG","playtime":1664,"items_purged":["Strike_G","Strike_G"],"score":1129,"play_id":"4d742ddf-e364-4aa7-880e-6f6ebe6d4584","local_time":"20210127200257","is_ascension_mode":true,"campfire_choices":[{"data":"Neutralize","floor":6,"key":"SMITH"},{"floor":13,"key":"REST"},{"data":"Blade Dance","floor":16,"key":"SMITH"},{"floor":25,"key":"REST"},{"data":"After Image","floor":31,"key":"SMITH"},{"data":"Cloak And Dagger","floor":33,"key":"SMITH"},{"floor":41,"key":"REST"},{"floor":50,"key":"REST"}],"circlet_count":0,"master_deck":["Defend_G+1","Defend_G+1","Defend_G+1","Defend_G+1","Survivor+1","Neutralize+1","A Thousand Cuts+1","Caltrops+1","Dodge and Roll+1","Accuracy+1","Dash+1","A Thousand Cuts+1","Footwork+1","Cloak And Dagger+1","Blade Dance+1","After Image+1","Accuracy+1","Skewer+1","Night Terror+1","PiercingWail+1","Backflip+1","PiercingWail+1","Infinite Blades+1","Dodge and Roll+1","Footwork+1","Backflip+1","Envenom+1","Cloak And Dagger+1","After Image","Deflect"],"relics":["Ring of the Snake","PreservedInsect","Golden Idol","Happy Flower","DollysMirror","SacredBark","Kunai","Juzu Bracelet","CeramicFish","Nloth\u0027s Gift","Empty Cage","HandDrill","Red Mask","Anchor","White Beast Statue","Mark of the Bloom","Orichalcum"],"acts_visited":["Exordium","TheCity","TheBeyond"],"potions_floor_usage":[24,24,42,47,47,51,51],"damage_taken":[{"damage":1,"enemies":"Cultist","floor":1,"turns":4},{"damage":7,"enemies":"Small Slimes","floor":3,"turns":4},{"damage":4,"enemies":"Jaw Worm","floor":5,"turns":5},{"damage":17,"enemies":"Lagavulin","floor":7,"turns":8},{"damage":10,"enemies":"Exordium Wildlife","floor":12,"turns":6},{"damage":2,"enemies":"Large Slime","floor":14,"turns":6},{"damage":6,"enemies":"Slime Boss","floor":17,"turns":6},{"damage":30,"enemies":"2 Thieves","floor":19,"turns":5},{"damage":20,"enemies":"3 Byrds","floor":23,"turns":3},{"damage":0,"enemies":"Slavers","floor":24,"turns":4},{"damage":23,"enemies":"Gremlin Leader","floor":26,"turns":5},{"damage":11,"enemies":"Snecko","floor":29,"turns":6},{"damage":20,"enemies":"Champ","floor":34,"turns":10},{"damage":20,"enemies":"Orb Walker","floor":36,"turns":4},{"damage":28,"enemies":"3 Darklings","floor":40,"turns":6},{"damage":25,"enemies":"Reptomancer","floor":42,"turns":7},{"damage":15,"enemies":"4 Shapes","floor":43,"turns":4},{"damage":0,"enemies":"Jaw Worm Horde","floor":47,"turns":4},{"damage":0,"enemies":"Nemesis","floor":48,"turns":1},{"damage":0,"enemies":"Transient","floor":49,"turns":2},{"damage":28,"enemies":"Awakened One","floor":51,"turns":6}],"seed_played":"-17257664895602364","potions_obtained":[{"floor":3,"key":"GhostInAJar"},{"floor":14,"key":"FairyPotion"},{"floor":19,"key":"SpeedPotion"},{"floor":24,"key":"GhostInAJar"},{"floor":36,"key":"AttackPotion"},{"floor":43,"key":"LiquidMemories"},{"floor":47,"key":"Dexterity Potion"},{"floor":48,"key":"Weak Potion"},{"floor":49,"key":"BlessingOfTheForge"}],"is_trial":false,"path_per_floor":["M","?","M","?","M","R","E","?","T","T","$","M","R","M","?","R","B",null,"M","$","?","?","M","E","R","E","T","?","M","?","R","$","R","B",null,"M","?","$","?","M","R","E","M","T","?","?","M","E","M","R","B",null],"character_chosen":"THE_SILENT","items_purchased":["DollysMirror","Footwork","Infinite Blades","Footwork","HandDrill"],"campfire_rested":4,"item_purchase_floors":[11,11,32,38,38],"current_hp_per_floor":[62,62,55,55,51,51,34,17,17,17,17,7,28,26,43,43,37,62,32,32,32,32,12,12,33,60,60,60,49,49,49,49,49,29,60,40,40,40,40,12,33,8,35,35,35,35,35,35,35,35,7],"gold":222,"neow_bonus":"ONE_RANDOM_RARE_CARD","is_daily":false,"chose_seed":false,"campfire_upgraded":4,"win_rate":0.0,"timestamp":1611795777,"path_taken":["M","?","M","?","M","R","E","?","T","T","$","M","R","?","?","R","BOSS","M","$","?","?","M","E","R","E","T","?","M","?","R","$","R","BOSS","M","?","$","?","M","R","E","M","T","?","?","M","E","M","R","BOSS"],"items_purchased_type":["Relic","Card","Card","Card","Relic"],"build_version":"2020-12-22","purchased_purges":2,"victory":true,"max_hp_per_floor":[70,70,70,70,70,70,70,70,70,70,70,70,70,70,70,70,70,70,70,70,70,70,70,70,70,70,70,70,70,70,70,70,70,70,70,70,70,70,70,70,70,70,70,70,66,66,66,66,66,66,66],"card_choices":[{"not_picked":["Dagger Throw","Quick Slash"],"picked":"Caltrops","floor":1},{"not_picked":["Reflex","Tactician"],"picked":"Dodge and Roll","floor":3},{"not_picked":["Poisoned Stab","Finisher"],"picked":"Accuracy","floor":5},{"not_picked":["Unload","Bane"],"picked":"Dash","floor":7},{"not_picked":["Catalyst","Acrobatics"],"picked":"Cloak And Dagger","floor":12},{"not_picked":["Dagger Throw","Sucker Punch"],"picked":"Blade Dance","floor":14},{"not_picked":["Glass Knife","Burst"],"picked":"After Image","floor":17},{"not_picked":["Poisoned Stab+1","Backflip"],"picked":"Accuracy","floor":19},{"not_picked":["Accuracy","Caltrops"],"picked":"PiercingWail","floor":23},{"not_picked":["Concentrate","Poisoned Stab"],"picked":"Backflip","floor":24},{"not_picked":["Catalyst","All Out Attack"],"picked":"PiercingWail","floor":26},{"not_picked":["Flying Knee","Dash+1","Tools of the Trade"],"picked":"SKIP","floor":29},{"not_picked":["Flying Knee","Sucker Punch+1"],"picked":"Dodge and Roll","floor":36},{"not_picked":["Bane","Skewer"],"picked":"Backflip+1","floor":40},{"not_picked":["Concentrate","Glass Knife"],"picked":"Envenom","floor":42},{"not_picked":["Expertise","Bane","Quick Slash+1"],"picked":"SKIP","floor":43},{"not_picked":["Outmaneuver+1","Distraction"],"picked":"Cloak And Dagger+1","floor":47},{"not_picked":["Tools of the Trade","Bane+1"],"picked":"After Image","floor":48},{"not_picked":["Bane","Backstab+1"],"picked":"Deflect","floor":49}],"player_experience":319748,"relics_obtained":[{"floor":7,"key":"PreservedInsect"},{"floor":9,"key":"Happy Flower"},{"floor":10,"key":"Ancient Tea Set"},{"floor":24,"key":"Kunai"},{"floor":26,"key":"Juzu Bracelet"},{"floor":27,"key":"CeramicFish"},{"floor":42,"key":"Anchor"},{"floor":44,"key":"White Beast Statue"},{"floor":48,"key":"Orichalcum"}],"event_choices":[{"damage_healed":0,"gold_gain":0,"player_choice":"Ignored","damage_taken":0,"max_hp_gain":0,"max_hp_loss":0,"event_name":"Liars Game","floor":2,"gold_loss":0},{"damage_healed":0,"gold_gain":0,"player_choice":"Grow","damage_taken":0,"max_hp_gain":0,"max_hp_loss":0,"event_name":"Living Wall","floor":4,"gold_loss":0,"cards_upgraded":["A Thousand Cuts"]},{"damage_healed":0,"gold_gain":0,"player_choice":"Take Damage","damage_taken":17,"relics_obtained":["Golden Idol"],"max_hp_gain":0,"max_hp_loss":0,"event_name":"Golden Idol","floor":8,"gold_loss":0},{"damage_healed":17,"gold_gain":0,"player_choice":"Healed","damage_taken":0,"max_hp_gain":0,"max_hp_loss":0,"event_name":"The Cleric","floor":15,"gold_loss":35},{"damage_healed":0,"gold_gain":0,"player_choice":"Ignored","damage_taken":0,"max_hp_gain":0,"max_hp_loss":0,"event_name":"Cursed Tome","floor":21,"gold_loss":0},{"damage_healed":0,"gold_gain":0,"cards_transformed":["Defend_G","Strike_G"],"player_choice":"Became Test Subject","damage_taken":0,"max_hp_gain":0,"max_hp_loss":0,"event_name":"Drug Dealer","floor":22,"gold_loss":0,"cards_obtained":["Skewer","Night Terror"]},{"damage_healed":0,"gold_gain":0,"player_choice":"Traded Relic","damage_taken":0,"relics_obtained":["Nloth\u0027s Gift"],"max_hp_gain":0,"max_hp_loss":0,"event_name":"N\u0027loth","floor":28,"relics_lost":["Ancient Tea Set"],"gold_loss":0},{"damage_healed":0,"gold_gain":0,"player_choice":"Ignored","damage_taken":0,"max_hp_gain":0,"max_hp_loss":0,"event_name":"The Mausoleum","floor":30,"gold_loss":0},{"damage_healed":0,"gold_gain":0,"player_choice":"Bought 0 Potions","damage_taken":0,"max_hp_gain":0,"max_hp_loss":0,"event_name":"The Woman in Blue","floor":37,"gold_loss":0},{"damage_healed":0,"gold_gain":0,"player_choice":"Paid","damage_taken":0,"relics_obtained":["Red Mask"],"max_hp_gain":0,"max_hp_loss":0,"event_name":"Tomb of Lord Red Mask","floor":39,"gold_loss":15},{"damage_healed":0,"gold_gain":0,"player_choice":"Max HP","damage_taken":0,"max_hp_gain":0,"max_hp_loss":4,"event_name":"Winding Halls","floor":45,"gold_loss":0},{"damage_healed":0,"gold_gain":0,"player_choice":"Upgrade","damage_taken":0,"relics_obtained":["Mark of the Bloom"],"max_hp_gain":0,"max_hp_loss":0,"event_name":"MindBloom","floor":46,"gold_loss":0,"cards_upgraded":["Defend_G","Defend_G","Defend_G","Defend_G","Survivor","Caltrops","Dodge and Roll","Accuracy","Dash","Footwork","Accuracy","Skewer","Night Terror","PiercingWail","Backflip","PiercingWail","Infinite Blades","Dodge and Roll","Footwork","Envenom"]}],"is_beta":false,"boss_relics":[{"not_picked":["Velvet Choker","Runic Dome"],"picked":"SacredBark"},{"not_picked":["Philosopher\u0027s Stone","Tiny House"],"picked":"Empty Cage"}],"items_purged_floors":[20,32],"is_endless":false,"potions_floor_spawned":[3,14,19,24,36,43,47,48,49],"ascension_level":8}}