{"host":"bxn2em57qlx5u4i0","time":1611801709,"event":{"mods":["BaseMod","Colored Map","Colored Powertips","Highlight Path","Minty Spire (QoL Compilation)","Random Character Button","Relic Sorter","Relic Stats","StSLib","SuperFastMode"],"gold_per_floor":[110,35,35,48,48,48,60,91,91,16,16,42,53,53,81,81,159,159,172,190,80,24,39,39,71,71,152,152,182,202,41,73,73,147,147,164,176,23,0,55,55,85,85,85,85,111,111,111,138,138,138,138,138,138,13,47,47],"floor_reached":58,"language":"ENG","playtime":1812,"items_purged":["Strike_G","Strike_G","Strike_G"],"score":3310,"play_id":"af7fe0ca-3b86-4cc1-89fd-ca166bd942a0","local_time":"20210127214149","is_ascension_mode":true,"campfire_choices":[{"data":"Noxious Fumes","floor":6.0,"key":"SMITH"},{"floor":11.0,"key":"REST"},{"data":"Corpse Explosion","floor":16.0,"key":"SMITH"},{"data":"Corpse Explosion","floor":24.0,"key":"SMITH"},{"data":"Footwork","floor":26.0,"key":"SMITH"},{"data":"Noxious Fumes","floor":28.0,"key":"SMITH"},{"data":"Crippling Poison","floor":33.0,"key":"SMITH"},{"data":"After Image","floor":41.0,"key":"SMITH"},{"data":"Leg Sweep","floor":45.0,"key":"SMITH"},{"floor":48.0,"key":"RECALL"},{"data":"Dodge and Roll","floor":50.0,"key":"SMITH"},{"data":"Blur","floor":54.0,"key":"SMITH"}],"circlet_count":0,"master_deck":["AscendersBane","Defend_G+1","Defend_G","Defend_G","Defend_G","Defend_G","Survivor+1","Neutralize","Noxious Fumes+1","Bane","Footwork+1","Corpse Explosion+1","Dodge and Roll+1","Corpse Explosion+1","After Image+1","Blur+1","Noxious Fumes+1","Backflip","Bullet Time+1","PiercingWail","Leg Sweep+1","Crippling Poison+1","Bullet Time"],"relics":["Ring of the Snake","Bronze Scales","Bottled Flame","PreservedInsect","Odd Mushroom","Mummified Hand","Snecko Eye","Darkstone Periapt","Potion Belt","Anchor","Dream Catcher","Busted Crown","Red Mask","Unceasing Top","Shuriken","Oddly Smooth Stone","Blood Vial","Dead Branch","War Paint"],"acts_visited":["Exordium","TheCity","TheBeyond","TheEnding"],"potions_floor_usage":[57,57,57],"damage_taken":[{"damage":2.0,"enemies":"Jaw Worm","floor":1.0,"turns":5.0},{"damage":0.0,"enemies":"2 Louse","floor":4.0,"turns":2.0},{"damage":0.0,"enemies":"Cultist","floor":7.0,"turns":5.0},{"damage":49.0,"enemies":"Gremlin Nob","floor":8.0,"turns":6.0},{"damage":4.0,"enemies":"The Mushroom Lair","floor":12.0,"turns":2.0},{"damage":0.0,"enemies":"Red Slaver","floor":13.0,"turns":4.0},{"damage":0.0,"enemies":"3 Sentries","floor":15.0,"turns":2.0},{"damage":28.0,"enemies":"Slime Boss","floor":17.0,"turns":6.0},{"damage":5.0,"enemies":"3 Byrds","floor":19.0,"turns":2.0},{"damage":17.0,"enemies":"Spheric Guardian","floor":20.0,"turns":7.0},{"damage":0.0,"enemies":"Centurion and Healer","floor":23.0,"turns":5.0},{"damage":0.0,"enemies":"Book of Stabbing","floor":25.0,"turns":5.0},{"damage":15.0,"enemies":"Slavers","floor":29.0,"turns":2.0},{"damage":0.0,"enemies":"Snake Plant","floor":30.0,"turns":4.0},{"damage":0.0,"enemies":"Gremlin Leader","floor":32.0,"turns":5.0},{"damage":0.0,"enemies":"Collector","floor":34.0,"turns":7.0},{"damage":0.0,"enemies":"Orb Walker","floor":36.0,"turns":4.0},{"damage":0.0,"enemies":"3 Shapes","floor":37.0,"turns":4.0},{"damage":7.0,"enemies":"2 Orb Walkers","floor":40.0,"turns":4.0},{"damage":2.0,"enemies":"Reptomancer","floor":42.0,"turns":5.0},{"damage":0.0,"enemies":"Nemesis","floor":46.0,"turns":6.0},{"damage":0.0,"enemies":"Giant Head","floor":49.0,"turns":7.0},{"damage":20.0,"enemies":"Time Eater","floor":51.0,"turns":12.0},{"damage":0.0,"enemies":"Donu and Deca","floor":52.0,"turns":7.0},{"damage":0.0,"enemies":"Shield and Spear","floor":56.0,"turns":4.0},{"damage":86,"enemies":"The Heart","floor":57,"turns":11}],"seed_played":"-4854614738167238082","potions_obtained":[{"floor":7.0,"key":"Energy Potion"},{"floor":8.0,"key":"EntropicBrew"},{"floor":15.0,"key":"SteroidPotion"},{"floor":20.0,"key":"SteroidPotion"},{"floor":25.0,"key":"Strength Potion"},{"floor":30.0,"key":"FearPotion"},{"floor":36.0,"key":"FairyPotion"},{"floor":42.0,"key":"BlessingOfTheForge"}],"is_trial":false,"path_per_floor":["M","?","$","M","?","R","M","E","T","$","R","?","M","M","E","R","B",null,"M","M","?","$","M","R","E","R","T","R","E","M","$","E","R","B",null,"M","M","$","?","?","R","E","$","T","R","E","$","R","E","R","B","B",null,"R","$","E","B",null],"character_chosen":"THE_SILENT","items_purchased":["Block Potion","Anchor","SpeedPotion"],"campfire_rested":1,"item_purchase_floors":[22,31,38],"current_hp_per_floor":[57,57,57,57,62,62,62,13,13,13,34,30,30,30,30,30,2,54,49,32,32,32,32,32,32,32,32,32,17,17,17,17,17,17,58,58,58,58,58,51,51,49,49,49,49,49,49,49,51,51,33,35,62,62,62,64,1],"gold":47,"neow_bonus":"RANDOM_COMMON_RELIC","is_daily":false,"chose_seed":false,"campfire_upgraded":10,"win_rate":0.0,"timestamp":1611801709,"path_taken":["M","?","$","M","?","R","?","E","T","$","R","?","M","M","E","R","BOSS","M","M","?","$","?","R","E","R","T","R","E","M","?","E","R","BOSS","M","M","$","?","?","R","E","?","T","R","E","$","R","E","R","BOSS","BOSS","R","$","E","BOSS"],"items_purchased_type":["Potion","Relic","Potion"],"build_version":"2020-12-22","purchased_purges":3,"victory":true,"max_hp_per_floor":[66,66,66,66,71,71,71,71,71,71,71,71,71,71,71,71,71,71,71,71,71,71,71,71,71,71,71,71,71,71,71,71,71,71,71,71,71,71,71,71,71,71,71,71,71,71,71,71,71,71,71,71,71,71,71,71,71],"relic_stats":{"Darkstone Periapt":0,"counters":[26,133],"Dead Branch":[27],"PreservedInsect":493,"War Paint":["Defend_G","Bullet Time"],"Blood Vial":10,"Dream Catcher":0,"Busted Crown":16,"Mummified Hand":[70],"Shuriken":[2],"Bronze Scales":[523],"Snecko Eye":[173,168,189,193],"obtain_stats":[{"Darkstone Periapt":25,"Potion Belt":29,"Dead Branch":49,"Oddly Smooth Stone":44,"PreservedInsect":9,"Odd Mushroom":12,"War Paint":56,"Blood Vial":46,"Bottled Flame":8,"Anchor":31,"Dream Catcher":32,"Busted Crown":35,"Mummified Hand":15,"Shuriken":42,"Bronze Scales":0,"Snecko Eye":18,"Red Mask":39,"Unceasing Top":40,"Ring of the Snake":0},{"Darkstone Periapt":12,"Potion Belt":13,"Dead Branch":22,"Oddly Smooth Stone":20,"PreservedInsect":4,"Odd Mushroom":5,"War Paint":25,"Blood Vial":21,"Bottled Flame":4,"Anchor":14,"Dream Catcher":15,"Busted Crown":16,"Mummified Hand":7,"Shuriken":20,"Bronze Scales":0,"Snecko Eye":8,"Red Mask":18,"Unceasing Top":19,"Ring of the Snake":0},{"Darkstone Periapt":51,"Potion Belt":53,"Dead Branch":99,"Oddly Smooth Stone":86,"PreservedInsect":18,"Odd Mushroom":20,"War Paint":122,"Blood Vial":92,"Bottled Flame":18,"Anchor":57,"Dream Catcher":62,"Busted Crown":69,"Mummified Hand":26,"Shuriken":86,"Bronze Scales":0,"Snecko Eye":32,"Red Mask":77,"Unceasing Top":81,"Ring of the Snake":0}],"Unceasing Top":[2],"Ring of the Snake":[52]},"card_choices":[{"not_picked":["Backflip","Acrobatics"],"picked":"Noxious Fumes","floor":1.0},{"not_picked":["Slice","Concentrate"],"picked":"Bane","floor":4.0},{"not_picked":["All Out Attack","Terror"],"picked":"Footwork","floor":7.0},{"not_picked":["Quick Slash","Caltrops"],"picked":"Corpse Explosion","floor":8.0},{"not_picked":["Concentrate","Caltrops"],"picked":"Dodge and Roll","floor":13.0},{"not_picked":["Underhanded Strike","Unload"],"picked":"Corpse Explosion","floor":15.0},{"not_picked":["Venomology","Grand Finale"],"picked":"After Image","floor":17.0},{"not_picked":["Caltrops","Blade Dance+1"],"picked":"Blur","floor":19.0},{"not_picked":["Leg Sweep","PiercingWail"],"picked":"Noxious Fumes","floor":20.0},{"not_picked":["Deflect","Sucker Punch"],"picked":"Backflip","floor":23.0},{"not_picked":["Blur","Adrenaline"],"picked":"Bullet Time","floor":25.0},{"not_picked":["Calculated Gamble+1","Infinite Blades"],"picked":"PiercingWail","floor":29.0},{"not_picked":["Setup","Reflex"],"picked":"Leg Sweep","floor":30.0},{"not_picked":["Concentrate","PiercingWail"],"picked":"Crippling Poison","floor":32.0},{"not_picked":["Wraith Form v2","Tools of the Trade"],"picked":"Bullet Time","floor":34.0},{"not_picked":["Acrobatics"],"picked":"SKIP","floor":36.0},{"not_picked":["Poisoned Stab"],"picked":"SKIP","floor":37.0},{"not_picked":["Masterful Stab"],"picked":"SKIP","floor":42.0},{"not_picked":["Blade Dance"],"picked":"SKIP","floor":46.0},{"not_picked":["Tactician"],"picked":"SKIP","floor":49.0},{"not_picked":["Choke+1"],"picked":"SKIP","floor":56.0}],"player_experience":2957880,"relics_obtained":[{"floor":8.0,"key":"Bottled Flame"},{"floor":9.0,"key":"PreservedInsect"},{"floor":12.0,"key":"Odd Mushroom"},{"floor":15.0,"key":"Mummified Hand"},{"floor":25.0,"key":"Darkstone Periapt"},{"floor":29.0,"key":"Potion Belt"},{"floor":32.0,"key":"Dream Catcher"},{"floor":40.0,"key":"Unceasing Top"},{"floor":42.0,"key":"Shuriken"},{"floor":44.0,"key":"Oddly Smooth Stone"},{"floor":46.0,"key":"Blood Vial"},{"floor":49.0,"key":"Dead Branch"},{"floor":56.0,"key":"War Paint"}],"event_choices":[{"cards_removed":["Strike_G"],"damage_healed":0.0,"max_hp_gain":0.0,"max_hp_loss":0.0,"gold_gain":0.0,"event_name":"The Cleric","player_choice":"Card Removal","floor":2.0,"gold_loss":75.0,"damage_taken":0.0},{"damage_healed":0.0,"max_hp_gain":5.0,"max_hp_loss":0.0,"gold_gain":0.0,"event_name":"Big Fish","player_choice":"Donut","floor":5.0,"gold_loss":0.0,"damage_taken":0.0},{"damage_healed":0.0,"max_hp_gain":0.0,"max_hp_loss":0.0,"gold_gain":0.0,"event_name":"Mushrooms","player_choice":"Fought Mushrooms","floor":12.0,"gold_loss":0.0,"damage_taken":0.0},{"cards_removed":["Strike_G"],"damage_healed":0.0,"max_hp_gain":0.0,"max_hp_loss":0.0,"gold_gain":0.0,"event_name":"Designer","player_choice":"Upgrade and Remove","floor":21.0,"gold_loss":110.0,"damage_taken":0.0,"cards_upgraded":["Survivor"]},{"damage_healed":0.0,"max_hp_gain":0.0,"max_hp_loss":0.0,"gold_gain":0.0,"event_name":"Tomb of Lord Red Mask","player_choice":"Paid","floor":39.0,"gold_loss":23.0,"damage_taken":0.0,"relics_obtained":["Red Mask"]},{"damage_healed":0.0,"max_hp_gain":0.0,"max_hp_loss":0.0,"gold_gain":0.0,"event_name":"Mysterious Sphere","player_choice":"Fight","floor":40.0,"gold_loss":0.0,"damage_taken":0.0}],"is_beta":false,"boss_relics":[{"not_picked":["Velvet Choker","Tiny House"],"picked":"Snecko Eye"},{"not_picked":["Calling Bell","Sozu"],"picked":"Busted Crown"}],"items_purged_floors":[10,38,55],"is_endless":false,"potions_floor_spawned":[7,8,15,20,25,30,36,42,46],"ascension_level":20}}