{"host":"or1kyy78tiubr3jv","time":1611859523,"event":{"mods":["2.2 Compatiblity","AchievementEnabler","BaseMod","Bestiary","Better Note","Better Third Choice","BetterRewards","Colored Map","Colored Powertips","DeckTracker","Downfall","Energized Spire","Highlight Path","Infinite Spire","Minty Spire (QoL Compilation)","Quick Restart","Relic Filter","Reworked Bosses","StSLib","The Cursed"],"gold_per_floor":[99,110,110,127,146,146,217,217,229,259,14,26,11,29,49,149,149,149,162,180,180,240,240,240,240,253,153,30,126,160,35,49,151,151,151,209,209,262,262,322,322,372,424,292,317,317,367,367,387,387],"floor_reached":51,"language":"ENG","playtime":5811,"items_purged":["downfall:Malfunctioning","Slimebound:Strike_Slimebound"],"score":818,"play_id":"444570e2-eeb6-4117-a065-94e600bdba2f","local_time":"20210128134523","is_ascension_mode":true,"campfire_choices":[{"data":"Slimebound:Split","floor":1.0,"key":"SMITH"},{"data":"Slimebound:DisruptingSlam","floor":8.0,"key":"SMITH"},{"data":"Slimebound:DuplicatedForm","floor":18.0,"key":"SMITH"},{"data":"Slimebound:SelfFormingGoo","floor":23.0,"key":"SMITH"},{"floor":25.0,"key":"RECALL"},{"floor":27.0,"key":"REST"},{"data":"Slimebound:FirmFortitude","floor":35.0,"key":"SMITH"},{"floor":46.0,"key":"REST"},{"data":"Slimebound:DuplicatedForm","floor":48.0,"key":"SMITH"}],"circlet_count":0,"master_deck":["Slimebound:Strike_Slimebound","Slimebound:Tackle","Slimebound:Defend_Slimebound","Slimebound:Defend_Slimebound+1","Slimebound:Defend_Slimebound+1","Slimebound:Defend_Slimebound","Slimebound:Split+1","Slimebound:CorrosiveSpit","Slimebound:LeechEnergy","Slimebound:LivingWall","Slimebound:DisruptingSlam+1","Slimebound:PressTheAttack","Slimebound:DuplicatedForm+1","Slimebound:SplitLeeching","Slimebound:SpikyOuterGoop","Slimebound:Replication","Slimebound:Overexert","Slimebound:SplitMire","Slimebound:SelfFormingGoo+1","Slimebound:RainOfGoop+1","Slimebound:Prepare+1","Slimebound:SplitLeeching+1","Slimebound:FirmFortitude+1","Slimebound:SplitBruiser+1","Slimebound:GoopSpray","Slimebound:MinionMaster","Slimebound:SplitSpecialist","Slimebound:RejuvenatingLick+1","Slimebound:LeechLife","Slimebound:LevelUp","expansioncontent:AwakenDeath","Secret Weapon","Slimebound:DuplicatedForm+1","Slimebound:SplitAcid+1","Slimebound:SlimeTap+1"],"relics":["Slimebound:AbsorbEndCombat","FaceOfCleric","Mummified Hand","Bronze Scales","ClockworkSouvenir","energizedSpire:CursedPentagram","downfall:KnowingSkull","infinitespire:FocusingShard","downfall:HeartBlessingRed","Membership Card","White Beast Statue","PreservedInsect","expansioncontent:StudyCardRelic","bronze:BronzeIdol","War Paint","Omamori","Medical Kit","Juzu Bracelet","Pear","Thread and Needle"],"acts_visited":["Exordium","TheCity","TheBeyond"],"potions_floor_usage":[50,50],"damage_taken":[{"damage":4.0,"enemies":"Small Slimes","floor":2.0,"turns":4.0},{"damage":10.0,"enemies":"2 Louse","floor":4.0,"turns":2.0},{"damage":3.0,"enemies":"Cultist","floor":5.0,"turns":4.0},{"damage":10.0,"enemies":"Red Slaver","floor":9.0,"turns":4.0},{"damage":15.0,"enemies":"Lagavulin","floor":10.0,"turns":6.0},{"damage":25.0,"enemies":"downfall:FleeingMerchant","floor":11.0,"turns":4.0},{"damage":4.0,"enemies":"Exordium Thugs","floor":12.0,"turns":4.0},{"damage":7.0,"enemies":"downfall:FleeingMerchant","floor":13.0,"turns":4.0},{"damage":11.0,"enemies":"Gremlin Gang","floor":14.0,"turns":4.0},{"damage":8.0,"enemies":"Blue Slaver","floor":15.0,"turns":3.0},{"damage":8.0,"enemies":"SI_SHIV_ARCHETYPE","floor":16.0,"turns":6.0},{"damage":23.0,"enemies":"Shell Parasite","floor":19.0,"turns":4.0},{"damage":6.0,"enemies":"Spheric Guardian","floor":20.0,"turns":3.0},{"damage":11.0,"enemies":"Snake Plant","floor":22.0,"turns":4.0},{"damage":39.0,"enemies":"Centurion and Healer","floor":26.0,"turns":6.0},{"damage":10.0,"enemies":"downfall:FleeingMerchant","floor":28.0,"turns":4.0},{"damage":64.0,"enemies":"Shelled Parasite and Fungi","floor":29.0,"turns":5.0},{"damage":25.0,"enemies":"Nightmare","floor":30.0,"turns":6.0},{"damage":4.0,"enemies":"downfall:FleeingMerchant","floor":31.0,"turns":4.0},{"damage":0.0,"enemies":"Snake Plant","floor":32.0,"turns":3.0},{"damage":28.0,"enemies":"WA_ARCHETYPE_CALM","floor":33.0,"turns":7.0},{"damage":3.0,"enemies":"3 Darklings","floor":36.0,"turns":3.0},{"damage":5.0,"enemies":"Orb Walker","floor":38.0,"turns":3.0},{"damage":31.0,"enemies":"3 Darklings","floor":40.0,"turns":4.0},{"damage":5.0,"enemies":"Spire Growth","floor":42.0,"turns":5.0},{"damage":16.0,"enemies":"Sphere and 2 Shapes","floor":43.0,"turns":3.0},{"damage":3.0,"enemies":"downfall:FleeingMerchant","floor":44.0,"turns":1.0},{"damage":23.0,"enemies":"Nemesis","floor":45.0,"turns":5.0},{"damage":1.0,"enemies":"Nemesis","floor":47.0,"turns":6.0},{"damage":1.0,"enemies":"Jaw Worm Horde","floor":49.0,"turns":3.0},{"damage":124,"enemies":"IC_BLOCK_ARCHETYPE","floor":50,"turns":8}],"seed_played":"7046067531086372662","potions_obtained":[{"floor":10.0,"key":"Regen Potion"},{"floor":12.0,"key":"AttackPotion"},{"floor":14.0,"key":"SpeedPotion"},{"floor":15.0,"key":"hexamod:SoulburnPotion"},{"floor":26.0,"key":"Slimebound:SlimedPotion"},{"floor":29.0,"key":"Regen Potion"},{"floor":30.0,"key":"sneckomod:MuddlingPotion"},{"floor":31.0,"key":"SneckoOil"},{"floor":32.0,"key":"Guardian:BlockOnCardUsePotion"},{"floor":33.0,"key":"Explosive Potion"},{"floor":38.0,"key":"BlessingOfTheForge"},{"floor":43.0,"key":"Energy Potion"},{"floor":44.0,"key":"Swift Potion"},{"floor":45.0,"key":"SteroidPotion"},{"floor":47.0,"key":"LiquidBronze"},{"floor":49.0,"key":"SmokeBomb"}],"is_trial":false,"path_per_floor":["R","M","?","M","M","?","T","R","M","E","$","M","$","M","M","B",null,"R","M","M","?","M","R","T","R","M","R","$","M","NM","$","M","B",null,"R","M","AVR","M","?","M","T","M","M","$","E","R","?","R","M","B",null],"character_chosen":"SLIMEBOUND","items_purchased":["Slimebound:SpikyOuterGoop","ClockworkSouvenir","Membership Card","PreservedInsect","Omamori","Slimebound:LeechLife","Slimebound:LevelUp","Medical Kit","expansioncontent:AwakenDeath","Juzu Bracelet","Secret Weapon"],"campfire_rested":2,"item_purchase_floors":[11,11,28,31,44,44,44,44,44,44,44],"current_hp_per_floor":[71,68,68,62,63,63,63,63,60,54,49,50,48,44,41,42,79,79,65,62,56,54,54,54,54,39,63,60,29,33,34,39,35,89,89,87,87,87,87,65,65,67,58,56,65,96,107,107,108,43],"gold":387,"neow_bonus":"TEN_PERCENT_HP_BONUS","is_daily":false,"chose_seed":false,"campfire_upgraded":6,"win_rate":0.0,"timestamp":1611859523,"path_taken":["R","M","?","M","M","?","T","R","?","E","$","M","?","M","M","BOSS","R","M","M","?","M","R","T","R","M","R","?","?","NM","$","M","BOSS","R","M","AVR","?","?","M","T","M","M","$","E","R","?","R","M","BOSS"],"items_purchased_type":["Card","Relic","Relic","Relic","Relic","Card","Card","Relic","Card","Relic","Card"],"build_version":"2020-12-22","purchased_purges":2,"victory":true,"max_hp_per_floor":[71,71,71,71,71,71,71,71,72,73,74,75,76,77,78,79,79,79,80,81,81,82,82,82,82,83,83,84,85,86,87,88,89,89,89,90,90,91,91,92,92,93,94,95,106,106,107,107,108,109],"card_choices":[{"not_picked":["Slimebound:TongueLash","Slimebound:SplitAcid"],"picked":"Slimebound:LeechEnergy","floor":2.0},{"not_picked":["Slimebound:SplitMire","Slimebound:LeechEnergy"],"picked":"Slimebound:LivingWall","floor":4.0},{"not_picked":["Slimebound:FinishingTackle","Slimebound:ComboTackle"],"picked":"Slimebound:DisruptingSlam","floor":5.0},{"not_picked":["Slimebound:FormOfPuddle","Slimebound:Recollect"],"picked":"Slimebound:PressTheAttack","floor":9.0},{"not_picked":["Slimebound:SlimeBrawl","Slimebound:GoopSpray"],"picked":"Slimebound:DuplicatedForm","floor":10.0},{"not_picked":["Slimebound:ViciousTackle","Slimebound:SlimeSpikes"],"picked":"Slimebound:SplitLeeching","floor":11.0},{"not_picked":["Slimebound:FinishingTackle","Slimebound:GoopTackle"],"picked":"Slimebound:Replication","floor":12.0},{"not_picked":["Slimebound:SplitLeeching","Slimebound:Schlurp"],"picked":"Slimebound:Overexert","floor":13.0},{"not_picked":["Slimebound:FormOfPuddle","Slimebound:Schlurp","Slimebound:ItLooksTasty"],"picked":"SKIP","floor":14.0},{"not_picked":["Slimebound:Recollect","Slimebound:SlimeBrawl"],"picked":"Slimebound:SplitMire","floor":15.0},{"not_picked":["Slimebound:PrepareCrush","Slimebound:MassRepurpose"],"picked":"Slimebound:SelfFormingGoo","floor":16.0},{"not_picked":["Slimebound:GoopSpray+1","Slimebound:HauntingLick+1"],"picked":"Slimebound:RainOfGoop+1","floor":19.0},{"not_picked":["Slimebound:LeechEnergy","Slimebound:Schlurp+1"],"picked":"Slimebound:Prepare+1","floor":20.0},{"not_picked":["Slimebound:RollThrough","Slimebound:Grow+1","Slimebound:DisruptingSlam"],"picked":"SKIP","floor":22.0},{"not_picked":["Slimebound:GoopSpray","Slimebound:ComboTackle"],"picked":"Slimebound:SplitLeeching+1","floor":26.0},{"not_picked":["Slimebound:LeechEnergy","Slimebound:FinishingTackle","Slimebound:GoopTackle"],"picked":"SKIP","floor":28.0},{"not_picked":["Slimebound:SplitLeeching","Slimebound:ForwardTackle"],"picked":"Slimebound:FirmFortitude","floor":29.0},{"not_picked":["Slimebound:Schlurp","Slimebound:MegaLick","Slimebound:RainOfGoop"],"picked":"SKIP","floor":30.0},{"not_picked":["Slimebound:SplitMire+1","Slimebound:GoopSpray+1"],"picked":"Slimebound:SplitBruiser+1","floor":31.0},{"not_picked":["Slimebound:Recycling","Slimebound:SlimeSpikes"],"picked":"Slimebound:GoopSpray","floor":32.0},{"not_picked":["Slimebound:CheckThePlaybook","Slimebound:SlimeSlap"],"picked":"Slimebound:MinionMaster","floor":33.0},{"not_picked":["Slimebound:SplitAcid+1","Slimebound:SamplingLick+1"],"picked":"Slimebound:SplitSpecialist","floor":36.0},{"not_picked":["Slimebound:GoopSpray","Slimebound:DivideAndConquer","Slimebound:DisruptingSlam"],"picked":"SKIP","floor":38.0},{"not_picked":["Slimebound:Schlurp","Slimebound:ItLooksTasty","Slimebound:LeechEnergy+1"],"picked":"SKIP","floor":40.0},{"not_picked":["Slimebound:RainOfGoop","Slimebound:MegaLick"],"picked":"Slimebound:RejuvenatingLick+1","floor":42.0},{"not_picked":["Slimebound:Grow+1","Slimebound:Prepare","Slimebound:ComboTackle"],"picked":"SKIP","floor":43.0},{"not_picked":["Slimebound:SamplingLick+1","Slimebound:PressTheAttack","Slimebound:GoopSpray"],"picked":"SKIP","floor":44.0},{"not_picked":["Slimebound:GoopTackle","Slimebound:Repurpose"],"picked":"Slimebound:DuplicatedForm","floor":45.0},{"not_picked":["Slimebound:LeechEnergy+1","Slimebound:MegaLick"],"picked":"Slimebound:SplitAcid+1","floor":47.0},{"not_picked":["Slimebound:SplitMire+1","Slimebound:ItLooksTasty+1"],"picked":"Slimebound:SlimeTap+1","floor":49.0}],"player_experience":517665,"relics_obtained":[{"floor":7.0,"key":"Mummified Hand"},{"floor":10.0,"key":"Bronze Scales"},{"floor":24.0,"key":"infinitespire:FocusingShard"},{"floor":30.0,"key":"White Beast Statue"},{"floor":41.0,"key":"War Paint"},{"floor":45.0,"key":"Pear"},{"floor":47.0,"key":"Thread and Needle"}],"event_choices":[{"damage_healed":0.0,"max_hp_gain":0.0,"max_hp_loss":0.0,"gold_gain":0.0,"event_name":"FaceTrader","player_choice":"Trade","floor":6.0,"gold_loss":0.0,"damage_taken":0.0,"relics_obtained":["FaceOfCleric"]}],"is_beta":false,"boss_relics":[{"not_picked":["Fusion Hammer","Slimebound:AbsorbEndCombatUpgraded"],"picked":"energizedSpire:CursedPentagram"},{"not_picked":["Cursed Key","energizedSpire:RedRose"],"picked":"expansioncontent:StudyCardRelic"}],"items_purged_floors":[31,44],"is_endless":false,"potions_floor_spawned":[10,12,14,15,26,29,30,31,32,33,36,38,40,42,43,44,45,47,49],"ascension_level":2}}