{"host":"9dfaar78vv55a585","time":1611869556,"event":{"mods":["Arknights The Spire","Aspiration","Astrologer","Bard","Bartender","BaseMod","Beaked The Cultist","Better Third Choice","BetterRewards","Clockwork Mod","Conjunction","Conspire","DeckTracker","Energized Spire","Glutton Mod","GungeonMod","Halation","Hermit","Hubris","Humility","Infinite Spire","KinomotoSakuraMod(????)","LagranYue(???·?)","Mari Mod (Legacy)","Mari\u0027s V1 Patch","Marisa????????","Mathematician","Mimic Mod","Minty Spire (QoL Compilation)","Permanent Neow","Reimu??????","Reliquary","Remilia??????","Replay The Spire","Robot Space Explorer","Shop Mod","Spicy Shops","Spikes Relics","StSLib","SuperFastMode","Td1madao Mod","The Cursed","The Edgeheg","The Exalted","The Juggle","The Jungle","The Poker Player","The Problem Sleuth","The Sage","The Spell Scribe","The Trickster","The Valiant","The Vixen","TheFirefly","TheHeartMod","TheVacant","Trackpad","WarShipGirlsR/????R mod","Warlord Emblem","egg","??????REMEMod"],"gold_per_floor":[111,121,135,145,158,158,172,172,172,189,202,261,279,312,312,410,410],"floor_reached":16,"language":"ENG","playtime":890,"items_purged":[],"score":158,"play_id":"020feb36-eefc-4a5b-8fa5-29b32da2b591","local_time":"20210128213236","is_ascension_mode":false,"campfire_choices":[{"data":"BombardNight","floor":6,"key":"SMITH"},{"floor":8,"key":"REST"},{"data":"FitfulNightmare","floor":15,"key":"SMITH"}],"circlet_count":0,"master_deck":["Strike_RM","Strike_RM","Strike_RM","Strike_RM","Defend_RM","Defend_RM","Defend_RM","Defend_RM","RedMoon","ScarletShoot","ChaoticDestiny","BombardNight+1","Stigmanizer","BlasphemousPunishment","FitfulNightmare+1","BloodHunter","StarOfDavid","GlobalNightmare"],"relics":["ScarletHat","REME_ComplimentaryCards","LagranYue:RandomDrawCardRelic","TypeBBloodRedTea","Centennial Puzzle","DemoMod:GlassGuonStoneRelic"],"acts_visited":["Exordium"],"potions_floor_usage":[1],"damage_taken":[{"damage":0,"enemies":"conspire:RoseBush","floor":1,"turns":3},{"damage":12,"enemies":"Jaw Worm","floor":2,"turns":6},{"damage":0,"enemies":"2 Louse","floor":3,"turns":2},{"damage":1,"enemies":"Exordium Thugs","floor":4,"turns":3},{"damage":5,"enemies":"Exordium Wildlife","floor":5,"turns":5},{"damage":22,"enemies":"conspire:2 RoseBushes","floor":7,"turns":3},{"damage":0,"enemies":"Looter","floor":10,"turns":2},{"damage":0,"enemies":"Lots of Slimes","floor":11,"turns":1},{"damage":0,"enemies":"Blue Slaver","floor":13,"turns":4},{"damage":7,"enemies":"3 Sentries","floor":14,"turns":9},{"damage":63,"enemies":"The Guardian","floor":16,"turns":11}],"seed_played":"-769469545325566875","potions_obtained":[{"floor":1,"key":"REME_GoldPotion"},{"floor":3,"key":"sagemod:Wine"},{"floor":5,"key":"sagemod:Wine"},{"floor":10,"key":"DemoMod:LeadSkinPotion"}],"is_trial":false,"path_per_floor":["M","M","M","M","M","R","M","R","T","M","M","?","M","E","R","B"],"character_chosen":"REMILIA","items_purchased":[],"campfire_rested":1,"item_purchase_floors":[],"current_hp_per_floor":[75,63,63,62,59,59,37,59,59,62,65,65,69,65,65,19,19],"gold":410,"neow_bonus":"ONE_RANDOM_RARE_CARD","is_daily":false,"chose_seed":false,"campfire_upgraded":2,"win_rate":0.0,"timestamp":1611869556,"path_taken":["M","?","M","M","M","R","M","R","T","M","M","?","M","E","R","BOSS"],"items_purchased_type":[],"build_version":"2020-12-22","purchased_purges":0,"victory":false,"max_hp_per_floor":[75,75,75,75,75,75,75,75,75,75,75,75,75,75,75,75,75],"card_choices":[{"not_picked":["ScarletNetherworld","BloodyTrap","VampireFantasy"],"picked":"SKIP","floor":1},{"not_picked":["ForbiddenFruit","VampireFantasy"],"picked":"BombardNight","floor":2},{"not_picked":["RedMagic","BloodHunter"],"picked":"Stigmanizer","floor":3},{"not_picked":["Septette","BlasphemousPunishment","FavorOfDestiny"],"picked":"SKIP","floor":4},{"not_picked":["CharismaGuard","DiffusionOfMisfortune"],"picked":"BlasphemousPunishment","floor":5},{"not_picked":["StarOfDavid","CeilingFear"],"picked":"FitfulNightmare","floor":7},{"not_picked":["ScarletDevilSign","VampireClaw"],"picked":"BloodHunter","floor":10},{"not_picked":["VampireFantasy","UnderTheZenith"],"picked":"StarOfDavid","floor":11},{"not_picked":["DevilSight","ReincarnationDial"],"picked":"GlobalNightmare","floor":13},{"not_picked":["BloodyMagicSquare","ScarletDevil","UltimateOffering"],"picked":"SKIP","floor":14}],"player_experience":106399,"relics_obtained":[{"floor":9,"key":"TypeBBloodRedTea"},{"floor":14,"key":"Centennial Puzzle"}],"event_choices":[{"damage_healed":0,"gold_gain":59,"player_choice":"Gained Gold","damage_taken":0,"max_hp_gain":0,"max_hp_loss":0,"event_name":"Golden Wing","floor":12,"gold_loss":0}],"is_beta":false,"boss_relics":[],"items_purged_floors":[],"is_endless":false,"potions_floor_spawned":[1,3,5,10,13,14],"killed_by":"The Guardian","ascension_level":0,"is_humility":true}}