{"host":"gc0hqzwg2gd3zszy","time":1611858879,"event":{"mods":["BaseMod","DeckTracker","Minty Spire (QoL Compilation)","Relic Stats","SuperFastMode"],"gold_per_floor":[118,118,4,4,17,49,49,49,49,75,75,100,159,59,59,59,59],"floor_reached":16,"language":"KOR","playtime":515,"items_purged":["Strike_B","Strike_B"],"score":228,"play_id":"ca0f93ac-76d2-4e69-9628-f0a4d82d747f","local_time":"20210129033439","is_ascension_mode":true,"campfire_choices":[{"floor":8.0,"key":"REST"},{"floor":11.0,"key":"REST"},{"floor":15,"key":"REST"}],"circlet_count":0,"master_deck":["AscendersBane","Strike_B","Strike_B","Defend_B","Defend_B","Defend_B","Zap+1","Dualcast","Defragment","Ball Lightning","Loop","Conserve Battery","Sweeping Beam","Turbo","Chaos","Fission","Compile Driver","Go for the Eyes"],"relics":["Cracked Core","Akabeko","Thread and Needle","Dream Catcher","Blue Candle","Art of War"],"acts_visited":["Exordium"],"potions_floor_usage":[12,13],"damage_taken":[{"damage":3.0,"enemies":"2 Louse","floor":1.0,"turns":2.0},{"damage":0.0,"enemies":"Small Slimes","floor":5.0,"turns":2.0},{"damage":38.0,"enemies":"3 Sentries","floor":6.0,"turns":6.0},{"damage":9.0,"enemies":"Lagavulin","floor":10.0,"turns":4.0},{"damage":18,"enemies":"3 Sentries","floor":12,"turns":6},{"damage":27,"enemies":"Gremlin Nob","floor":13,"turns":4},{"damage":35,"enemies":"The Guardian","floor":16,"turns":8}],"seed_played":"-6970089562184162267","potions_obtained":[{"floor":10.0,"key":"ColorlessPotion"},{"floor":12,"key":"SkillPotion"},{"floor":13,"key":"PotionOfCapacity"}],"is_trial":false,"path_per_floor":["M","?","$","?","M","E","$","R","T","E","R","E","?","$","R","B"],"character_chosen":"DEFECT","items_purchased":["Loop"],"campfire_rested":3,"item_purchase_floors":[3],"current_hp_per_floor":[61,61,61,61,61,23,23,44,44,35,56,38,11,11,32,0,0],"gold":59,"neow_bonus":"THREE_CARDS","is_daily":false,"chose_seed":false,"campfire_upgraded":0,"win_rate":0.0,"timestamp":1611858879,"path_taken":["M","?","$","?","?","E","$","R","T","E","R","E","?","?","R","BOSS"],"items_purchased_type":["Card"],"build_version":"2020-12-22","purchased_purges":2,"victory":false,"max_hp_per_floor":[71,71,71,71,71,71,71,71,71,71,71,71,71,71,71,71,71],"relic_stats":{"Dream Catcher":2,"counters":[7,32],"Blue Candle":[0],"Art of War":[3],"obtain_stats":[{"Dream Catcher":10,"Blue Candle":12,"Thread and Needle":9,"Art of War":13,"Cracked Core":0,"Akabeko":6},{"Dream Catcher":4,"Blue Candle":5,"Thread and Needle":3,"Art of War":6,"Cracked Core":0,"Akabeko":3},{"Dream Catcher":14,"Blue Candle":20,"Thread and Needle":10,"Art of War":24,"Cracked Core":0,"Akabeko":10}]},"card_choices":[{"not_picked":["Capacitor","Steam"],"picked":"Defragment","floor":0.0},{"not_picked":["Gash","Turbo"],"picked":"Ball Lightning","floor":1.0},{"not_picked":["Hologram","Redo"],"picked":"Conserve Battery","floor":5.0},{"not_picked":["Sunder","Chaos"],"picked":"Sweeping Beam","floor":6.0},{"not_picked":["Barrage","Ball Lightning"],"picked":"Turbo","floor":10.0},{"not_picked":["Redo","Leap"],"picked":"Chaos","floor":11.0},{"not_picked":["Coolheaded","Rebound"],"picked":"Fission","floor":12},{"not_picked":["Sweeping Beam","Hologram"],"picked":"Compile Driver","floor":13},{"not_picked":["White Noise","Ball Lightning"],"picked":"Go for the Eyes","floor":15}],"player_experience":1371263,"relics_obtained":[{"floor":6.0,"key":"Akabeko"},{"floor":9.0,"key":"Thread and Needle"},{"floor":10.0,"key":"Dream Catcher"},{"floor":12,"key":"Blue Candle"},{"floor":13,"key":"Art of War"}],"event_choices":[{"damage_healed":0.0,"max_hp_gain":0.0,"max_hp_loss":0.0,"gold_gain":0.0,"event_name":"Living Wall","player_choice":"Grow","floor":2.0,"gold_loss":0.0,"damage_taken":0.0,"cards_upgraded":["Zap"]},{"cards_removed":["Defend_B"],"damage_healed":0.0,"max_hp_gain":0.0,"max_hp_loss":0.0,"gold_gain":0.0,"event_name":"Bonfire Elementals","player_choice":"Offered Basic","floor":4.0,"gold_loss":0.0,"damage_taken":0.0},{"damage_healed":0,"gold_gain":0,"player_choice":"Searched \u00272\u0027 times","damage_taken":0,"max_hp_gain":0,"max_hp_loss":0,"event_name":"Dead Adventurer","floor":13,"gold_loss":0}],"is_beta":false,"boss_relics":[],"items_purged_floors":[3,14],"is_endless":false,"potions_floor_spawned":[10,12,13],"killed_by":"The Guardian","ascension_level":20}}