{"host":"5x08nt64u3vxxcfi","time":1611827104,"event":{"mods":["BaseMod","Minty Spire (QoL Compilation)","StSLib","SuperFastMode"],"gold_per_floor":[215,235,247,115,135,135,135,135,184,184,184,201,201,18,18,18,18],"floor_reached":16,"language":"KOR","playtime":282,"items_purged":["Strike_G","Strike_G"],"score":167,"play_id":"8eefd8db-04ea-435d-8d3b-e3e5c8f26b19","local_time":"20210128184504","is_ascension_mode":true,"campfire_choices":[{"data":"Neutralize","floor":6.0,"key":"SMITH"},{"floor":8.0,"key":"REST"},{"data":"Dagger Throw","floor":10.0,"key":"SMITH"},{"data":"Burst","floor":13,"key":"SMITH"},{"data":"Footwork","floor":15,"key":"SMITH"}],"circlet_count":0,"master_deck":["AscendersBane","Strike_G","Strike_G","Defend_G","Defend_G+1","Defend_G+1","Defend_G","Defend_G","Survivor","Neutralize+1","Dodge and Roll","Blade Dance","Burst+1","Dagger Throw+1","Slice","Blade Dance","Footwork+1"],"relics":["Ring of the Snake","Toy Ornithopter"],"acts_visited":["Exordium"],"potions_floor_usage":[16],"damage_taken":[{"damage":12.0,"enemies":"Cultist","floor":1.0,"turns":5.0},{"damage":3.0,"enemies":"Small Slimes","floor":2.0,"turns":5.0},{"damage":1.0,"enemies":"2 Louse","floor":3.0,"turns":4.0},{"damage":5.0,"enemies":"Lots of Slimes","floor":5.0,"turns":5.0},{"damage":2,"enemies":"Red Slaver","floor":12,"turns":3},{"damage":44,"enemies":"Slime Boss","floor":16,"turns":9}],"seed_played":"-2752015984966136055","potions_obtained":[{"floor":5.0,"key":"Poison Potion"}],"is_trial":false,"path_per_floor":["M","M","M","$","M","R","?","R","T","R","?","M","R","$","R","B"],"character_chosen":"THE_SILENT","items_purchased":["Dagger Throw","Footwork"],"campfire_rested":1,"item_purchase_floors":[4,14],"current_hp_per_floor":[47,44,43,43,38,38,18,37,37,37,37,35,35,35,35,0,0],"gold":18,"neow_bonus":"HUNDRED_GOLD","is_daily":false,"chose_seed":false,"campfire_upgraded":4,"win_rate":0.0,"timestamp":1611827104,"path_taken":["M","M","?","$","M","R","?","R","T","R","?","?","R","?","R","BOSS"],"items_purchased_type":["Card","Card"],"build_version":"2020-12-22","purchased_purges":2,"victory":false,"max_hp_per_floor":[66,66,66,66,66,66,66,66,66,66,66,66,66,66,66,66,66],"card_choices":[{"not_picked":["Bane","PiercingWail"],"picked":"Dodge and Roll","floor":1.0},{"not_picked":["Sucker Punch","Deadly Poison"],"picked":"Blade Dance","floor":2.0},{"not_picked":["Deflect","All Out Attack"],"picked":"Burst","floor":3.0},{"not_picked":["Dodge and Roll","Flying Knee"],"picked":"Slice","floor":5.0},{"not_picked":["Calculated Gamble","Backflip"],"picked":"Blade Dance","floor":12}],"player_experience":118239,"relics_obtained":[{"floor":9.0,"key":"Toy Ornithopter"}],"event_choices":[{"damage_healed":0.0,"max_hp_gain":0.0,"max_hp_loss":0.0,"gold_gain":0.0,"event_name":"Shining Light","player_choice":"Entered Light","floor":7.0,"gold_loss":0.0,"damage_taken":20.0,"cards_upgraded":["Defend_G","Defend_G"]},{"cards_removed":["Strike_G"],"damage_healed":0.0,"max_hp_gain":0.0,"max_hp_loss":0.0,"gold_gain":0.0,"event_name":"Purifier","player_choice":"Purged","floor":11.0,"gold_loss":0.0,"damage_taken":0.0}],"is_beta":false,"boss_relics":[],"items_purged_floors":[4,14],"is_endless":false,"potions_floor_spawned":[5],"killed_by":"Slime Boss","ascension_level":17}}