{"host":"drjz7zl15rqtgg20","time":1611861144,"event":{"mods":["BaseMod","Downfall","Minty Spire (QoL Compilation)","StSLib"],"gold_per_floor":[99,110,110,110,123,23,23,57,69,85,85,105,5,21,36,131,131,131,150,250,250,263,663,663,663,692,452,352,365,365,394,412,517,517,517,517,367,382,214,214,238,251,304,332,343,371,371,399,416,416,416,451,182,182,182,182],"floor_reached":57,"language":"ENG","playtime":4105,"items_purged":["Guardian:Strike_Guardian","Guardian:Strike_Guardian","Guardian:Defend_Guardian"],"score":1484,"play_id":"1c7602a5-8a10-4703-b7aa-ce1b55c189be","local_time":"20210128141224","is_ascension_mode":true,"campfire_choices":[{"floor":1,"key":"RECALL"},{"data":"Guardian:Orbwalk","floor":6,"key":"SMITH"},{"data":"Guardian:Suspension","floor":11,"key":"SMITH"},{"data":"Guardian:TwinSlam","floor":13,"key":"SMITH"},{"data":"Guardian:TemporalShield","floor":18,"key":"SMITH"},{"floor":30,"key":"REST"},{"data":"Guardian:BaubleBeam","floor":47,"key":"SMITH"},{"data":"Guardian:FloatingOrbs","floor":54,"key":"SMITH"}],"circlet_count":0,"master_deck":["Guardian:Strike_Guardian+1","Guardian:Strike_Guardian+1","Guardian:Defend_Guardian+1","Guardian:Defend_Guardian+1","Guardian:Defend_Guardian","Guardian:CurlUp","Guardian:TwinSlam+1","Guardian:TemporalShield+1","Guardian:Orbwalk+1","Guardian:Suspension+1","Guardian:SentryBeam","Guardian:FloatingOrbs+1","Guardian:ChargeUp","Guardian:ConstructionForm","Guardian:Orbwalk+1","Guardian:TemporalShield+1","Guardian:BaubleBeam+1","Guardian:TwinSlam+1","Guardian:Preprogram+1","Guardian:ChargeUp+1","Guardian:WalkerClaw+1","Guardian:PrimingBeam+1","Guardian:PrimingBeam+1"],"relics":["Guardian:ModeShifter","PreservedInsect","FossilizedHelix","downfall:HeartBlessingRed","Juzu Bracelet","downfall:HeartBlessingBlue","Philosopher\u0027s Stone","MutagenicStrength","Old Coin","Mercury Hourglass","Kunai","Nilry\u0027s Codex","Guardian:PickAxe","DollysMirror","downfall:HeartBlessingGreen","Art of War","SacredBark","Bronze Scales","Pantograph","Whetstone","Calipers","White Beast Statue","Centennial Puzzle","War Paint","Slimebound:PreparedRelic","Lee\u0027s Waffle"],"acts_visited":["Exordium","TheCity","TheBeyond","TheEnding"],"potions_floor_usage":[10,31,43,56,56,56],"damage_taken":[{"damage":1,"enemies":"2 Louse","floor":2,"turns":3},{"damage":0,"enemies":"Small Slimes","floor":5,"turns":2},{"damage":0,"enemies":"Lagavulin","floor":8,"turns":7},{"damage":0,"enemies":"Jaw Worm","floor":9,"turns":2},{"damage":0,"enemies":"Lots of Slimes","floor":10,"turns":5},{"damage":1,"enemies":"3 Louse","floor":12,"turns":4},{"damage":0,"enemies":"Blue Slaver","floor":14,"turns":3},{"damage":4,"enemies":"Gremlin Gang","floor":15,"turns":4},{"damage":18,"enemies":"WA_ARCHETYPE_RETAIN","floor":16,"turns":6},{"damage":0,"enemies":"Shell Parasite","floor":19,"turns":4},{"damage":16,"enemies":"Spheric Guardian","floor":22,"turns":4},{"damage":4,"enemies":"DF_ARCHETYPE_STREAMLINE","floor":23,"turns":5},{"damage":20,"enemies":"Slavers","floor":26,"turns":3},{"damage":0,"enemies":"downfall:FleeingMerchant","floor":27,"turns":4},{"damage":3,"enemies":"Snake Plant","floor":29,"turns":3},{"damage":0,"enemies":"Gremlin Leader","floor":31,"turns":5},{"damage":0,"enemies":"Cultist and Chosen","floor":32,"turns":5},{"damage":6,"enemies":"IC_MUSHROOM_ARCHETYPE","floor":33,"turns":6},{"damage":13,"enemies":"3 Darklings","floor":38,"turns":5},{"damage":0,"enemies":"downfall:FleeingMerchant","floor":39,"turns":4},{"damage":0,"enemies":"Orb Walker","floor":42,"turns":1},{"damage":0,"enemies":"2 Orb Walkers","floor":43,"turns":4},{"damage":9,"enemies":"Nemesis","floor":44,"turns":5},{"damage":0,"enemies":"Spire Growth","floor":45,"turns":5},{"damage":0,"enemies":"Reptomancer","floor":46,"turns":4},{"damage":0,"enemies":"Nemesis","floor":48,"turns":5},{"damage":0,"enemies":"Sphere and 2 Shapes","floor":49,"turns":4},{"damage":13,"enemies":"DF_ARCHETYPE_ORBS","floor":50,"turns":7},{"damage":15,"enemies":"downfall:CharBossMerchant","floor":52,"turns":7},{"damage":0,"enemies":"downfall:NeowBoss","floor":55,"turns":9},{"damage":39,"enemies":"downfall:NeowBossFinal","floor":56,"turns":8}],"seed_played":"-8175906815785554839","potions_obtained":[{"floor":2,"key":"Energy Potion"},{"floor":5,"key":"hexamod:SoulburnPotion"},{"floor":9,"key":"sneckomod:MuddlingPotion"},{"floor":12,"key":"Dexterity Potion"},{"floor":22,"key":"Strength Potion"},{"floor":33,"key":"SteroidPotion"},{"floor":43,"key":"SkillPotion"},{"floor":45,"key":"Guardian:StasisDiscoveryPotion"},{"floor":48,"key":"Dexterity Potion"}],"is_trial":false,"path_per_floor":["R","M","?","?","M","R","T","E","M","M","R","M","R","M","M","B",null,"R","M","?","?","M","?","T","?","E","$","R","M","R","E","M","B",null,"R","?","?","M","$","?","T","M","?","E","M","E","R","E","M","B",null,"E","$","R","B","B",null],"character_chosen":"GUARDIAN","items_purchased":["DollysMirror","Bronze Scales","Pantograph","Lee\u0027s Waffle"],"campfire_rested":1,"item_purchase_floors":[27,39,39,53],"current_hp_per_floor":[80,79,73,66,66,66,66,66,66,66,66,65,75,75,71,53,90,90,90,90,90,74,70,70,54,34,34,34,31,58,58,58,52,90,90,90,100,87,87,87,87,87,87,78,78,78,78,78,78,87,100,85,107,107,107,68],"gold":182,"neow_bonus":"RANDOM_COMMON_RELIC","is_daily":false,"chose_seed":false,"campfire_upgraded":6,"win_rate":0.0,"timestamp":1611861144,"path_taken":["R","M","?","?","M","R","T","E","M","M","R","M","R","M","M","BOSS","R","M","?","?","M","?","T","?","E","?","R","M","R","E","M","BOSS","R","?","?","M","$","?","T","M","?","E","M","E","R","E","M","BOSS","E","$","R","BOSS","BOSS"],"items_purchased_type":["Relic","Relic","Relic","Relic"],"build_version":"2020-12-22","purchased_purges":3,"victory":true,"max_hp_per_floor":[80,80,80,80,80,80,80,80,80,80,80,80,90,90,90,90,90,90,90,90,90,90,90,90,90,90,90,90,90,90,90,90,90,90,90,90,100,100,100,100,100,100,100,100,100,100,100,100,100,100,100,100,107,107,107,107],"card_choices":[{"not_picked":["Guardian:Repulse","Guardian:WalkerClaw"],"picked":"Guardian:TemporalShield","floor":2},{"not_picked":["Guardian:BronzeOrb","Guardian:Recover"],"picked":"Guardian:Orbwalk","floor":5},{"not_picked":["Guardian:ShieldCharger","Guardian:WalkerClaw"],"picked":"Guardian:Gem_Fragmented","floor":8},{"not_picked":["Guardian:TemporalStrike","Guardian:MultiBeam","Guardian:WalkerClaw"],"picked":"SKIP","floor":9},{"not_picked":["Guardian:ArmoredProtocol","Guardian:Gem_Purple"],"picked":"Guardian:Suspension","floor":10},{"not_picked":["Guardian:TemporalStrike","Guardian:Gem_Purple","Guardian:BodySlam"],"picked":"SKIP","floor":12},{"not_picked":["Guardian:Gem_Cyan","Guardian:ChargeCore","Guardian:TimeSifter"],"picked":"SKIP","floor":14},{"not_picked":["Guardian:BronzeArmor","Guardian:PrimingBeam"],"picked":"Guardian:SentryBeam","floor":15},{"not_picked":["Guardian:Planning","Guardian:ShieldCharger","Guardian:Recover"],"picked":"SKIP","floor":19},{"not_picked":["Guardian:ChargeCore","Guardian:Gem_Fragmented"],"picked":"Guardian:FloatingOrbs","floor":22},{"not_picked":["Guardian:BaubleBeam","Guardian:Repulse"],"picked":"Guardian:ChargeUp","floor":26},{"not_picked":["Guardian:EvasiveProtocol","Guardian:RefractedBeam"],"picked":"Guardian:ConstructionForm","floor":27},{"not_picked":["Guardian:Planning","Guardian:Suspension","Guardian:PrimingBeam"],"picked":"SKIP","floor":29},{"not_picked":["Guardian:Gem_Red","Guardian:Gem_Lightblue","Guardian:Gem_Fragmented"],"picked":"SKIP","floor":31},{"not_picked":["Guardian:RollAttack","Guardian:Planning"],"picked":"Guardian:TemporalShield+1","floor":32},{"not_picked":["Guardian:Gem_Synthetic","Guardian:GemFire"],"picked":"Guardian:BaubleBeam","floor":33},{"not_picked":["Guardian:DecasProtection","Guardian:Suspension"],"picked":"Guardian:Preprogram+1","floor":38},{"not_picked":["Guardian:Incinerate+1","Guardian:SpikerProtocol+1"],"picked":"Guardian:ChargeUp+1","floor":39},{"not_picked":["Guardian:Repulse+1","Guardian:Gem_Green","Guardian:Reroute+1"],"picked":"SKIP","floor":42},{"not_picked":["Guardian:PolyBeam","Guardian:Suspension","Guardian:StasisField"],"picked":"SKIP","floor":44},{"not_picked":["Guardian:Incinerate","Guardian:Gem_Purple"],"picked":"Guardian:WalkerClaw+1","floor":45},{"not_picked":["Guardian:DecasProtection","Guardian:TimeBomb"],"picked":"Guardian:PrimingBeam+1","floor":46},{"not_picked":["Guardian:SentryBeam","Guardian:Orbwalk"],"picked":"Guardian:PrimingBeam+1","floor":48},{"not_picked":["Guardian:Gem_Lightblue","Guardian:Gem_Red"],"picked":"Guardian:Gem_Crimson","floor":49},{"not_picked":["Guardian:GatlingBeam","Guardian:Gem_Red"],"picked":"Guardian:Gem_Fragmented","floor":52}],"player_experience":597825,"relics_obtained":[{"floor":8,"key":"Juzu Bracelet"},{"floor":23,"key":"Old Coin"},{"floor":23,"key":"Mercury Hourglass"},{"floor":24,"key":"Kunai"},{"floor":25,"key":"Nilry\u0027s Codex"},{"floor":26,"key":"Guardian:PickAxe"},{"floor":31,"key":"Art of War"},{"floor":41,"key":"Whetstone"},{"floor":43,"key":"Calipers"},{"floor":44,"key":"White Beast Statue"},{"floor":46,"key":"Centennial Puzzle"},{"floor":48,"key":"War Paint"},{"floor":52,"key":"Slimebound:PreparedRelic"}],"event_choices":[{"damage_healed":0,"gold_gain":0,"player_choice":"Success","damage_taken":7,"relics_obtained":["FossilizedHelix"],"max_hp_gain":0,"max_hp_loss":0,"event_name":"Scrap Ooze","floor":4,"gold_loss":0},{"damage_healed":0,"gold_gain":0,"player_choice":"Inject Mutagens","damage_taken":0,"relics_obtained":["MutagenicStrength"],"max_hp_gain":0,"max_hp_loss":0,"event_name":"Drug Dealer","floor":21,"gold_loss":0},{"damage_healed":0,"gold_gain":0,"player_choice":"Fight","damage_taken":0,"max_hp_gain":0,"max_hp_loss":0,"event_name":"Mysterious Sphere","floor":43,"gold_loss":0}],"is_beta":false,"boss_relics":[{"not_picked":["Tiny House","Astrolabe"],"picked":"Philosopher\u0027s Stone"},{"not_picked":["Coffee Dripper","bronze:MakeshiftBattery"],"picked":"SacredBark"}],"items_purged_floors":[27,39,53],"is_endless":false,"potions_floor_spawned":[2,5,9,12,16,22,33,38,42,43,45,46,48,49,52],"ascension_level":1}}