{"host":"np9ouipdmi0bkas5","time":1611862899,"event":{"mods":["AchievementEnabler","Aspiration","BaseMod","Colored Map","Downfall","Highlight Path","Hubris","Infinite Spire","Minty Spire (QoL Compilation)","Replay The Spire","StSLib"],"gold_per_floor":[119,132,151,151,151,151,183,221,301,331,373,373,373,413,413,523,523,561,561,561,561,285,285,313,313,363,389,389],"floor_reached":27,"language":"ENG","playtime":1259,"items_purged":["Replay:AtTheReady","Strike_P"],"score":229,"play_id":"06246db2-cdc3-4794-a6c0-585032769ac9","local_time":"20210128114139","is_ascension_mode":false,"campfire_choices":[{"floor":13,"key":"REST"},{"floor":15,"key":"REST"},{"floor":23,"key":"RECALL"}],"circlet_count":0,"master_deck":["Strike_P","Strike_P","Strike_P","Defend_P","Defend_P","Defend_P","Defend_P","Eruption","Vigilance","PathToVictory","Consecrate","FollowUp","PathToVictory","Swivel","Ragnarok","DeceiveReality+1","JustLucky","PathToVictory","ReplayTheSpireMod:Black Plague"],"relics":["HolyWater","NeowsBlessing","hubris:Icosahedron","ReplayTheSpireMod:Ring of Collecting","Replay:Bandana","Mango","Ring of Fangs","Replay:Wax Seal","hubris:ToyBattleship","Replay:Bottled Flurry","MutagenicStrength","Lantern","DollysMirror","Nunchaku","Ring of Greed","Blue Doll","Golden Egg"],"acts_visited":["Exordium","TheCity"],"potions_floor_usage":[],"damage_taken":[{"damage":0,"enemies":"infinitespire:Voidling","floor":1,"turns":1},{"damage":0,"enemies":"Cultist","floor":2,"turns":1},{"damage":0,"enemies":"Small Slimes","floor":3,"turns":2},{"damage":10,"enemies":"Exordium Thugs","floor":7,"turns":5},{"damage":22,"enemies":"Replay:BlueRogue","floor":8,"turns":6},{"damage":5,"enemies":"Gremlin Gang","floor":10,"turns":5},{"damage":18,"enemies":"Lagavulin","floor":11,"turns":4},{"damage":22,"enemies":"Gremlin Nob","floor":14,"turns":4},{"damage":22,"enemies":"Hexaghost","floor":16,"turns":10},{"damage":21,"enemies":"Shell Parasite","floor":18,"turns":5},{"damage":38,"enemies":"Spheric Guardian","floor":24,"turns":8},{"damage":31,"enemies":"Slavers","floor":27,"turns":2}],"seed_played":"2367645682805997315","potions_obtained":[{"floor":2,"key":"sneckomod:MuddlingPotion"},{"floor":3,"key":"Languid Potion"},{"floor":8,"key":"SneckoOil"},{"floor":16,"key":"Doom Potion"}],"is_trial":false,"path_per_floor":["M","M","M","?","?","?","M","E","T","M","E","?","R","E","R","B",null,"M","?","T","?","$","R","M","AVR","T","E"],"character_chosen":"WATCHER","items_purchased":["Lantern","JustLucky"],"campfire_rested":2,"item_purchase_floors":[22,22],"current_hp_per_floor":[72,72,72,72,72,47,37,29,29,24,6,6,31,9,34,12,86,65,65,65,65,65,65,27,27,27,0,0],"gold":389,"neow_bonus":"THREE_ENEMY_KILL","is_daily":false,"chose_seed":false,"campfire_upgraded":0,"win_rate":0.0,"timestamp":1611862899,"path_taken":["M","?","M","?","?","?","?","E","T","?","E","?","R","E","R","BOSS","M","?","?","?","?","R","M","AVR","T","E"],"items_purchased_type":["Relic","Card"],"build_version":"2020-12-22","purchased_purges":2,"victory":false,"max_hp_per_floor":[72,72,72,72,72,72,72,86,86,86,86,86,86,86,86,86,86,86,86,86,86,86,86,86,86,86,86,86],"card_choices":[{"not_picked":["Replay:Cycle","JustLucky"],"picked":"PathToVictory","floor":1},{"not_picked":["JustLucky","FlurryOfBlows"],"picked":"Consecrate","floor":2},{"not_picked":["CarveReality","FlyingSleeves"],"picked":"FollowUp","floor":3},{"not_picked":["FollowUp","Indignation"],"picked":"PathToVictory","floor":7},{"not_picked":["Replay:AllIn","BowlingBash"],"picked":"Swivel","floor":8},{"not_picked":["EmptyFist","FollowUp","Replay:BluntJabs"],"picked":"SKIP","floor":10},{"not_picked":["MasterReality","Replay:Cycle","JustLucky"],"picked":"SKIP","floor":11},{"not_picked":["Replay:ManipulateFuture","Halt"],"picked":"Replay:AtTheReady","floor":14},{"not_picked":["DeusExMachina","Blasphemy"],"picked":"Ragnarok","floor":16},{"not_picked":["Worship+1","Wallop"],"picked":"DeceiveReality+1","floor":18},{"not_picked":["ClearTheMind","SashWhip","Replay:Anticipation"],"picked":"SKIP","floor":24}],"player_experience":121950,"relics_obtained":[{"floor":5,"key":"ReplayTheSpireMod:Ring of Collecting"},{"floor":8,"key":"Mango"},{"floor":9,"key":"Ring of Fangs"},{"floor":11,"key":"Replay:Wax Seal"},{"floor":14,"key":"hubris:ToyBattleship"},{"floor":20,"key":"Replay:Bottled Flurry"},{"floor":26,"key":"Nunchaku"},{"floor":26,"key":"Ring of Greed"},{"floor":26,"key":"Blue Doll"},{"floor":26,"key":"Golden Egg"}],"event_choices":[{"damage_healed":0,"gold_gain":0,"player_choice":"Success","damage_taken":25,"relics_obtained":["Replay:Bandana"],"max_hp_gain":0,"max_hp_loss":0,"event_name":"Scrap Ooze","floor":6,"gold_loss":0},{"damage_healed":0,"gold_gain":0,"player_choice":"Ignored","damage_taken":0,"max_hp_gain":0,"max_hp_loss":0,"event_name":"Golden Idol","floor":12,"gold_loss":0},{"damage_healed":0,"gold_gain":0,"player_choice":"Ignored","damage_taken":0,"max_hp_gain":0,"max_hp_loss":0,"event_name":"Vampires","floor":19,"gold_loss":0},{"damage_healed":0,"gold_gain":0,"player_choice":"Inject Mutagens","damage_taken":0,"relics_obtained":["MutagenicStrength"],"max_hp_gain":0,"max_hp_loss":0,"event_name":"Drug Dealer","floor":21,"gold_loss":0}],"is_beta":false,"boss_relics":[{"not_picked":["VioletLotus","infinitespire:Cupcake"],"picked":"HolyWater"}],"items_purged_floors":[22,25],"is_endless":false,"potions_floor_spawned":[2,3,8,10,16],"killed_by":"Slavers","ascension_level":0}}