{"host":"f5gffvlv6a66yqkd","time":1611875929,"event":{"mods":["2.2 Compatiblity","BaseMod","Colored Map","Custom Start","DeckTracker","Keyboard Shortcuts","Minty Spire (QoL Compilation)","Permanent Neow","Quick Restart","Relic Stats","StSLib","SuperFastMode"],"gold_per_floor":[117,117,42,56,66,66,95,95,95,106,120,100,25,42,42,118,118,133,33,33,33,49,49,49,63,89,179,99,99,99],"floor_reached":29,"language":"KOR","playtime":543,"items_purged":["Regret","Strike_B"],"score":446,"play_id":"03cd9aad-0ecb-4250-b282-74ebb0ca653d","local_time":"20210129081849","is_ascension_mode":true,"campfire_choices":[{"data":"Dualcast","floor":6,"key":"SMITH"},{"floor":8,"key":"REST"},{"data":"Zap","floor":15,"key":"SMITH"},{"data":"Recycle","floor":23,"key":"SMITH"}],"circlet_count":0,"master_deck":["AscendersBane","Strike_B","Strike_B","Defend_B","Defend_B","Defend_B","Defend_B","Zap+1","Dualcast+1","Streamline","Glacier","Ball Lightning","Gash","Ball Lightning","Gash","Capacitor","Compile Driver","Electrodynamics","Undo","Recycle+1","Rebound"],"relics":["Cracked Core","Strawberry","HornCleat","Anchor","Nuclear Battery","Centennial Puzzle"],"acts_visited":["Exordium","TheCity"],"potions_floor_usage":[],"damage_taken":[{"damage":5.0,"enemies":"Small Slimes","floor":1.0,"turns":3.0},{"damage":0,"enemies":"Cultist","floor":4,"turns":3},{"damage":0,"enemies":"2 Louse","floor":5,"turns":3},{"damage":59,"enemies":"Gremlin Nob","floor":7,"turns":5},{"damage":0,"enemies":"Lots of Slimes","floor":10,"turns":5},{"damage":0,"enemies":"Large Slime","floor":11,"turns":4},{"damage":0,"enemies":"3 Louse","floor":14,"turns":3},{"damage":14,"enemies":"The Guardian","floor":16,"turns":11},{"damage":11,"enemies":"2 Thieves","floor":18,"turns":4},{"damage":0,"enemies":"Spheric Guardian","floor":22,"turns":3},{"damage":8,"enemies":"Chosen and Byrds","floor":25,"turns":5},{"damage":12,"enemies":"Centurion and Healer","floor":29,"turns":4}],"seed_played":"-7475724388066801524","potions_obtained":[{"floor":4,"key":"Ancient Potion"},{"floor":10,"key":"Dexterity Potion"},{"floor":25,"key":"GamblersBrew"}],"is_trial":false,"path_per_floor":["M","?","$","M","M","R","E","R","T","M","M","?","$","M","R","B",null,"M","$","?","?","M","R","?","M","T","?","$","M"],"character_chosen":"DEFECT","items_purchased":["Capacitor","DistilledChaos"],"campfire_rested":1,"item_purchase_floors":[13,28],"current_hp_per_floor":[66,66,66,66,66,66,7,30,30,30,30,30,30,30,30,16,63,52,52,52,52,52,52,30,22,22,10,10,0,0],"gold":99,"neow_bonus":"RANDOM_COMMON_RELIC","is_daily":false,"chose_seed":false,"campfire_upgraded":3,"win_rate":0.0,"timestamp":1611875929,"path_taken":["M","?","$","M","M","R","E","R","T","M","M","?","$","M","R","BOSS","M","$","?","?","?","R","?","M","T","?","$","?"],"items_purchased_type":["Card","Potion"],"build_version":"2020-12-22","purchased_purges":2,"victory":false,"max_hp_per_floor":[78,78,78,78,78,78,78,78,78,78,78,78,78,78,78,78,78,78,78,78,78,78,78,83,83,83,83,83,83,83],"relic_stats":{"Centennial Puzzle":[3],"counters":[12,53],"obtain_stats":[{"Anchor":7,"Centennial Puzzle":26,"HornCleat":2,"Strawberry":0,"Cracked Core":0,"Nuclear Battery":17},{"Anchor":4,"Centennial Puzzle":11,"HornCleat":1,"Strawberry":0,"Cracked Core":0,"Nuclear Battery":8},{"Anchor":14,"Centennial Puzzle":49,"HornCleat":3,"Strawberry":0,"Cracked Core":0,"Nuclear Battery":37}]},"card_choices":[{"not_picked":["Turbo","Barrage"],"picked":"Streamline","floor":1.0},{"not_picked":["Streamline","Reprogram"],"picked":"Glacier","floor":4},{"not_picked":["Steam","Barrage"],"picked":"Ball Lightning","floor":5},{"not_picked":["Aggregate","Rebound"],"picked":"Gash","floor":7},{"not_picked":["Hologram","Stack"],"picked":"Ball Lightning","floor":10},{"not_picked":["Amplify","Coolheaded"],"picked":"Gash","floor":11},{"not_picked":["Capacitor","Static Discharge"],"picked":"Compile Driver","floor":14},{"not_picked":["Amplify","All For One"],"picked":"Electrodynamics","floor":16},{"not_picked":["Ball Lightning","Leap"],"picked":"Undo","floor":18},{"not_picked":["Compile Driver","Go for the Eyes"],"picked":"Recycle","floor":22},{"not_picked":["Stack","Sweeping Beam"],"picked":"Rebound","floor":25}],"player_experience":1628653,"relics_obtained":[{"floor":7,"key":"Anchor"},{"floor":26,"key":"Centennial Puzzle"}],"event_choices":[{"damage_healed":0,"gold_gain":0,"player_choice":"Box","damage_taken":0,"relics_obtained":["HornCleat"],"max_hp_gain":0,"max_hp_loss":0,"event_name":"Big Fish","floor":2,"gold_loss":0,"cards_obtained":["Regret"]},{"damage_healed":0,"gold_gain":0,"player_choice":"Bought 1 Potion","damage_taken":0,"max_hp_gain":0,"max_hp_loss":0,"event_name":"The Woman in Blue","floor":12,"gold_loss":0},{"damage_healed":0,"gold_gain":0,"player_choice":"Ignored","damage_taken":0,"max_hp_gain":0,"max_hp_loss":0,"event_name":"The Mausoleum","floor":20,"gold_loss":0},{"cards_removed":["Strike_B"],"damage_healed":0,"gold_gain":0,"player_choice":"Purged","damage_taken":0,"max_hp_gain":0,"max_hp_loss":0,"event_name":"Purifier","floor":21,"gold_loss":0},{"damage_healed":0,"gold_gain":0,"player_choice":"Shed Blood","damage_taken":27,"max_hp_gain":5,"max_hp_loss":0,"event_name":"Forgotten Altar","floor":24,"gold_loss":0},{"damage_healed":0,"gold_gain":90,"player_choice":"GOLD ","damage_taken":12,"max_hp_gain":0,"max_hp_loss":0,"event_name":"Knowing Skull","floor":27,"potions_obtained":[],"gold_loss":0,"cards_obtained":[]}],"is_beta":false,"boss_relics":[{"not_picked":["Empty Cage","Sozu"],"picked":"Nuclear Battery"}],"items_purged_floors":[3,19],"is_endless":false,"potions_floor_spawned":[4,10,22,25],"killed_by":"Centurion and Healer","ascension_level":20}}