{"host":"95i1gxnztdrdyvhi","time":1611860753,"event":{"mods":["AchievementEnabler","Act Like it!","BaseMod","Downfall","Minty Spire (QoL Compilation)","Quick Restart","StSLib"],"gold_per_floor":[99,99,99,24,34,48,72,85,114,126,138,138,38,58,78,78,78,78],"floor_reached":16,"language":"ENG","playtime":698,"items_purged":["bronze:Strike"],"score":104,"play_id":"0cfe5880-ccf4-47f7-b4f6-0f10022e43b8","local_time":"20210128190553","is_ascension_mode":false,"campfire_choices":[{"data":"bronze:Replicate","floor":1,"key":"SMITH"},{"data":"bronze:Repulsor","floor":13,"key":"SMITH"}],"circlet_count":0,"master_deck":["bronze:Strike","bronze:Strike","bronze:Strike","bronze:Defend","bronze:Defend","bronze:Defend","bronze:Defend","bronze:Replicate+1","bronze:Goto","bronze:Iterate","bronze:ChosenStrike","bronze:CloningBeam","bronze:Repulsor+1","bronze:FineTuning","bronze:Turbo","bronze:Safeguard","bronze:Replicate+1","bronze:HyperBeam"],"relics":["bronze:BronzeCore","downfall:HeartsMalice","Blood Vial","Dream Catcher","downfall:HeartBlessingGreen"],"acts_visited":["Exordium"],"potions_floor_usage":[11],"damage_taken":[{"damage":0,"enemies":"Cultist","floor":2,"turns":1},{"damage":0,"enemies":"2 Louse","floor":3,"turns":1},{"damage":0,"enemies":"downfall:FleeingMerchant","floor":4,"turns":1},{"damage":3,"enemies":"Jaw Worm","floor":5,"turns":3},{"damage":9,"enemies":"3 Louse","floor":6,"turns":5},{"damage":7,"enemies":"Blue Slaver","floor":8,"turns":3},{"damage":36,"enemies":"Lagavulin","floor":9,"turns":8},{"damage":0,"enemies":"Exordium Wildlife","floor":10,"turns":4},{"damage":18,"enemies":"Large Slime","floor":11,"turns":6},{"damage":0,"enemies":"Red Slaver","floor":14,"turns":1},{"damage":8,"enemies":"Gremlin Gang","floor":15,"turns":4},{"damage":0,"enemies":"DF_ARCHETYPE_STREAMLINE","floor":16,"turns":3}],"seed_played":"-2123699451395903623","potions_obtained":[{"floor":5,"key":"Strength Potion"},{"floor":6,"key":"EssenceOfSteel"},{"floor":9,"key":"Dexterity Potion"},{"floor":14,"key":"Strength Potion"},{"floor":15,"key":"EntropicBrew"}],"is_trial":false,"path_per_floor":["R","M","M","$","M","M","T","M","E","M","M","?","R","M","M","B"],"character_chosen":"THE_AUTOMATON","items_purchased":[],"campfire_rested":0,"item_purchase_floors":[],"current_hp_per_floor":[70,70,70,70,67,58,58,53,19,21,5,5,5,7,1,3,3,3],"gold":78,"neow_bonus":"THREE_ENEMY_KILL","is_daily":false,"chose_seed":false,"campfire_upgraded":2,"win_rate":0.0,"timestamp":1611860753,"path_taken":["R","M","M","$","M","M","T","M","E","?","M","?","R","M","M","BOSS"],"items_purchased_type":[],"build_version":"2020-12-22","purchased_purges":1,"victory":false,"max_hp_per_floor":[70,70,70,70,70,70,70,70,70,70,70,70,70,70,70,70,70,70],"card_choices":[{"not_picked":["bronze:Return","bronze:ClassDefault"],"picked":"bronze:Iterate","floor":2},{"not_picked":["bronze:OilSpill","bronze:WhirlingStrike"],"picked":"bronze:ChosenStrike","floor":3},{"not_picked":["bronze:Optimize","bronze:Shell"],"picked":"bronze:CloningBeam","floor":4},{"not_picked":["bronze:DelayedSlice","bronze:FollowUp"],"picked":"bronze:Repulsor","floor":5},{"not_picked":["bronze:MaxOutput","bronze:BuggyMess"],"picked":"bronze:FineTuning","floor":6},{"not_picked":["bronze:Overheat","bronze:ItsAFeature"],"picked":"bronze:Turbo","floor":8},{"not_picked":["bronze:ClassDefault","bronze:FineTuning","bronze:BronzeArmor"],"picked":"SKIP","floor":9},{"not_picked":["bronze:BugBarrage","bronze:Shield"],"picked":"bronze:Safeguard","floor":10},{"not_picked":["bronze:Overheat","bronze:Invalidate","bronze:DelayedSlice"],"picked":"SKIP","floor":11},{"not_picked":["bronze:Philosophize","bronze:DelayedGuard"],"picked":"bronze:HyperBeam","floor":14},{"not_picked":["bronze:CloningBeam","bronze:Branch","bronze:BugBarrage"],"picked":"SKIP","floor":15}],"player_experience":838416,"relics_obtained":[{"floor":7,"key":"Blood Vial"},{"floor":9,"key":"Dream Catcher"}],"event_choices":[],"is_beta":false,"boss_relics":[],"items_purged_floors":[4],"is_endless":false,"potions_floor_spawned":[5,6,9,14,15],"killed_by":"DF_ARCHETYPE_STREAMLINE","ascension_level":0}}