{"host":"nlkpd3ski1rfk80u","time":1611854333,"event":{"mods":["Act Like it!","Arknights The Spire","BaseMod","Gensokyo","HololiveMod","Marisa£®ÏF”Í°°ƒß¿Ì…≥£©","Minty Spire (QoL Compilation)","Reimu£®≤©¿ˆ¡È√Œ£©","Remilia£®¿Ÿ√◊¿Ú—«£©","StSLib","The Administrix","WarShipGirlsR/’ΩΩ¢…Ÿ≈ÆR mod","Youmu£®ªÍ∆«—˝√Œ£©","Yuyuko","noobMod"],"gold_per_floor":[91,91,112,124,151,184,184,227,227,82,96,96,116,143,143,307,307,322,354,354,354,354,397,114,114,140,167,167,167,167,186,186,305,305,325,338,356,59,71,106,106,106,130,178,204,220,254,271,271,296,296,296,58,90,90],"floor_reached":56,"language":"ZHS","playtime":4852,"items_purged":["Hololive_DiamondStrike"],"score":1714,"play_id":"92f54f98-2fef-4b4e-a473-0528778209f3","local_time":"20210129011853","is_ascension_mode":false,"campfire_choices":[{"data":"Hololive_CallUsadaPekora","floor":7.0,"key":"SMITH"},{"data":"Hololive_IdolExercise","floor":12.0,"key":"SMITH"},{"data":"Hololive_CallDoris","floor":15.0,"key":"SMITH"},{"data":"Hololive_CallShiroganeNoel","floor":25.0,"key":"SMITH"},{"data":"Hololive_CallTokinoSora","floor":28.0,"key":"SMITH"},{"data":"Hololive_CallHoshimachiSuisei","floor":30.0,"key":"SMITH"},{"data":"Hololive_CallRoboco","floor":32.0,"key":"SMITH"},{"data":"Hololive_DDD","floor":42,"key":"SMITH"},{"floor":49,"key":"RECALL"},{"data":"Hololive_IdolExercise","floor":52,"key":"SMITH"}],"circlet_count":0,"master_deck":["Hololive_CallHoushouMarine","Hololive_CallShiroganeNoel+1","Hololive_CallUruhaRushia","Hololive_CallShiranuiFlare","Hololive_CallUsadaPekora+1","Hololive_StrengthChampion","Hololive_Defend","Hololive_Defend","Hololive_CandyCastle","Gensokyo:CrescentMoonSlash","Hololive_CallHoshimachiSuisei+1","Hololive_CallRoboco+1","Hololive_CallDoris+1","Hololive_IdolExercise+1","Hololive_Psychosis+1","Hololive_CocoNews+1","Hololive_CallArtia","Hololive_CallYogiri","Hololive_OvertimeWork+1","Hololive_CallTokinoSora+1","Hololive_IdolExercise+1","Hololive_DDD+1","Hololive_CallYukihanaLamy+1","Hololive_CocoNews+1","Hololive_CallAiraniIofifteen+1","Hololive_CallMoonaHoshinova+1","Hololive_LuckPotion","Hololive_Trident+1","Hololive_CallFriendA+1","Hololive_CallRosalyn","Hololive_Yoholoon+1","Hololive_OvertimeWork+1","Hololive_Rebound+1","Hololive_Yoholoon+1","Flash of Steel+1","Hololive_SoulCatcher+1"],"relics":["Hololive_TheStar","ice","FossilizedHelix","Ornamental Fan","Molten Egg 2","Orrery","Black Star","Gremlin Horn","Incense Burner","Medical Kit","OrangePellets","Matryoshka","Bag of Preparation","Pantograph","Astrolabe","Ice Cream","Nunchaku","RuthlessExorcism:ReiMu","Thread and Needle","Shuriken","PreservedInsect","Hololive_FriedShrimpLion","Bronze Scales","Dream Catcher","Toy Ornithopter","Letter Opener"],"acts_visited":["Gensokyo:Gensokyo","Gensokyo:Gensokyoer","Gensokyo:Gensokyoest","TheEnding"],"potions_floor_usage":[40,50,50,50],"damage_taken":[{"damage":0.0,"enemies":"Gensokyo:3_Fairies","floor":1.0,"turns":3.0},{"damage":0.0,"enemies":"Gensokyo:Gryphon","floor":3.0,"turns":3.0},{"damage":0.0,"enemies":"Gensokyo:Python","floor":4.0,"turns":2.0},{"damage":0.0,"enemies":"Gensokyo:Gryphon_and_Rabbit","floor":5.0,"turns":3.0},{"damage":0.0,"enemies":"Gensokyo:Aya","floor":6.0,"turns":3.0},{"damage":0.0,"enemies":"Gensokyo:Mamizou","floor":8.0,"turns":4.0},{"damage":0.0,"enemies":"Gensokyo:CorruptedTreant","floor":11.0,"turns":2.0},{"damage":0.0,"enemies":"Gensokyo:5_Fairies","floor":13.0,"turns":3.0},{"damage":0.0,"enemies":"Gensokyo:2_Rabbits","floor":14.0,"turns":4.0},{"damage":0.0,"enemies":"Gensokyo:Reimu","floor":16.0,"turns":7.0},{"damage":0.0,"enemies":"Gensokyo:3_Dogs","floor":18.0,"turns":4.0},{"damage":0.0,"enemies":"Gensokyo:CosmicMonolith","floor":19.0,"turns":3.0},{"damage":0.0,"enemies":"Gensokyo:Reisen","floor":23.0,"turns":6.0},{"damage":0.0,"enemies":"Gensokyo:Tenshi","floor":27.0,"turns":4.0},{"damage":0.0,"enemies":"Gensokyo:Mirror_and_Dog","floor":31.0,"turns":4.0},{"damage":13.0,"enemies":"Gensokyo:Eternal_Rivals","floor":33.0,"turns":8.0},{"damage":0.0,"enemies":"Gensokyo:AncientGuardian","floor":35.0,"turns":2.0},{"damage":0.0,"enemies":"Gensokyo:3_Boulders","floor":36.0,"turns":4.0},{"damage":0.0,"enemies":"Gensokyo:AtlasGolem","floor":37.0,"turns":3.0},{"damage":0.0,"enemies":"Gensokyo:4_Bats","floor":39.0,"turns":3.0},{"damage":0,"enemies":"Gensokyo:Marisa","floor":40,"turns":6},{"damage":0,"enemies":"Gensokyo:Kasen","floor":44,"turns":3},{"damage":0,"enemies":"Gensokyo:Sharpion","floor":45,"turns":3},{"damage":0,"enemies":"Gensokyo:Dusk_and_Dawn","floor":46,"turns":3},{"damage":0,"enemies":"Gensokyo:Marisa","floor":47,"turns":4},{"damage":0,"enemies":"Gensokyo:AtlasGolem","floor":48,"turns":3},{"damage":0,"enemies":"Gensokyo:Yuyuko","floor":50,"turns":5},{"damage":0,"enemies":"Shield and Spear","floor":54,"turns":3},{"damage":0,"enemies":"The Heart","floor":55,"turns":6}],"seed_played":"-6936031587249535759","potions_obtained":[{"floor":1.0,"key":"LiquidBronze"},{"floor":11.0,"key":"SkillPotion"},{"floor":13.0,"key":"Energy Potion"},{"floor":33.0,"key":"Fire Potion"},{"floor":36.0,"key":"Weak Potion"},{"floor":40,"key":"Energy Potion"},{"floor":44,"key":"Block Potion"},{"floor":46,"key":"Ancient Potion"}],"is_trial":false,"path_per_floor":["M","?","M","M","M","E","R","E","T","$","M","R","M","M","R","B",null,"M","M","?","?","$","E","COS","R","T","E","R","?","R","M","R","B",null,"M","M","M","$","M","E","?","R","T","E","M","M","E","M","R","B",null,"R","$","E","B",null],"character_chosen":"Hololive_HololiveCharacter","items_purchased":["Orrery","Ice Cream","Hololive_Yoholoon+1","Flash of Steel+1"],"campfire_rested":0,"item_purchase_floors":[10,38,53,53],"current_hp_per_floor":[32,28,28,28,28,28,28,28,28,28,28,28,28,28,28,28,32,32,32,32,32,32,32,32,32,32,32,32,30,30,30,30,17,30,30,30,30,30,30,30,18,18,18,18,18,18,18,18,18,18,42,42,42,42,42],"gold":90,"neow_bonus":"THREE_RARE_CARDS","is_daily":false,"chose_seed":false,"campfire_upgraded":9,"win_rate":0.0,"timestamp":1611854333,"path_taken":["M","?","M","M","M","E","R","E","T","?","M","R","?","M","R","BOSS","M","M","?","?","$","E","COS","R","T","E","R","?","R","M","R","BOSS","M","M","M","?","?","E","?","R","T","E","M","M","E","M","R","BOSS","R","$","E","BOSS"],"items_purchased_type":["Relic","Relic","Card","Card"],"build_version":"2020-12-22","purchased_purges":1,"victory":true,"max_hp_per_floor":[32,32,32,32,32,32,32,32,32,32,32,32,32,32,32,32,32,32,32,32,32,32,32,32,32,32,32,32,30,30,30,30,30,30,30,30,30,30,30,30,30,30,30,30,30,30,30,30,30,42,42,42,42,42,42],"card_choices":[{"not_picked":["Hololive_HighAtkLowDef","Hololive_ASMR"],"picked":"Hololive_DiamondStrike","floor":0.0},{"not_picked":["Hololive_Trident","Hololive_Sequa","Hololive_LuckPotion"],"picked":"Hololive_CandyCastle","floor":1.0},{"not_picked":["Hololive_CallShiranuiFlare","Hololive_CallOmaruPolka","Hololive_CallManoAloe"],"picked":"Hololive_CallHoshimachiSuisei","floor":3.0},{"not_picked":["Hololive_CallAmaneKanata","Hololive_Drill","Hololive_CallTokoyamiTowa"],"picked":"Hololive_CallRoboco","floor":4.0},{"not_picked":["Hololive_Sequa","Hololive_CallTokoyamiTowa","Hololive_BringToTrial"],"picked":"Hololive_CallDoris","floor":5.0},{"not_picked":["Hololive_CallKiryuuCoco","Hololive_CallNakiriAyame","Hololive_CallUsadaPekora","Hololive_CallOmaruPolka"],"picked":"SKIP","floor":6.0},{"not_picked":["Hololive_CallMoonaHoshinova","Hololive_Breathe","Hololive_Psychosis"],"picked":"Hololive_FlyingPonyTail","floor":8.0},{"not_picked":["Hololive_CocoNews+1","Hololive_OvertimeWork+1","Hololive_Trident+1"],"picked":"Hololive_IdolExercise","floor":10.0},{"not_picked":["Hololive_StrengthChampion+1","Hololive_CallTokoyamiTowa","Hololive_HuntDinosaur"],"picked":"Hololive_Psychosis+1","floor":10.0},{"not_picked":["Hololive_CallHimemoriLuna","Hololive_CallTokoyamiTowa","Hololive_FlyingPonyTail"],"picked":"Hololive_CocoNews+1","floor":10.0},{"not_picked":["Hololive_StrengthChampion+1","Hololive_HuntDinosaur","Hololive_Trident+1"],"picked":"Hololive_CallArtia","floor":10.0},{"not_picked":["Hololive_CallUsadaPekora","Hololive_StarCraft","Hololive_OpenUp+1"],"picked":"Hololive_CallYogiri","floor":10.0},{"not_picked":["Hololive_Breathe","Hololive_CallYukihanaLamy","Hololive_StrengthChampion+1"],"picked":"Hololive_OvertimeWork+1","floor":11.0},{"not_picked":["Hololive_CallYuzukiChoco","Hololive_CallOmaruPolka","Hololive_OvertimeWork+1"],"picked":"Hololive_RevenueBasedLive","floor":13.0},{"not_picked":["Hololive_Recruit","Hololive_Psychosis+1","Hololive_ILoveYou"],"picked":"Hololive_CallTokinoSora","floor":14.0},{"not_picked":["Hololive_HighAtkLowDef","Hololive_StarCraft","Hololive_Rebirth"],"picked":"Hololive_IdolExercise","floor":16.0},{"not_picked":["Hololive_StrengthChampion+1","Hololive_CallTokinoSora","Hololive_CallShiroganeNoel","Hololive_SummonFox"],"picked":"SKIP","floor":18.0},{"not_picked":["Hololive_Psychosis+1","Hololive_Drill+1","Hololive_FlyingPonyTail+1","Hololive_Rebound"],"picked":"SKIP","floor":19.0},{"not_picked":["Hololive_CallTsunomakiWatame+1","Hololive_Drill+1","Hololive_CallMurasakiShion","Hololive_Teleport+1"],"picked":"SKIP","floor":23.0},{"not_picked":["Hololive_FlyingPonyTail+1","Hololive_IdolExercise","Hololive_Drill+1","Hololive_CallAkiRosenthal"],"picked":"SKIP","floor":27.0},{"not_picked":["Hololive_CallMurasakiShion","Hololive_Sequa+1","Hololive_StrengthChampion+1","Hololive_Psychosis+1"],"picked":"SKIP","floor":31.0},{"not_picked":["Hololive_DiamondStrike+1","Hololive_StarCraft","Hololive_WolfAndLamb"],"picked":"Hololive_DDD","floor":33.0},{"not_picked":["Hololive_ManjiGathering+1","Hololive_FlyingPonyTail+1","Hololive_Drill+1"],"picked":"Hololive_CallMoonaHoshinova+1","floor":35.0},{"not_picked":["Hololive_CallInugamiKorone","Hololive_CallHoushouMarine+1","Hololive_Sequa+1"],"picked":"Hololive_LuckPotion","floor":36.0},{"not_picked":["Hololive_Rebound","Hololive_RevenueBasedLive+1","Hololive_SummonFox+1"],"picked":"Hololive_Trident+1","floor":37.0},{"not_picked":["Hololive_CallDoris+1","Hololive_CallOzoraSubaru+1","Hololive_Drill+1"],"picked":"Hololive_CallFriendA+1","floor":39.0},{"not_picked":["Hololive_Breathe","Hololive_CallAkiRosenthal","Hololive_CallYogiri+1"],"picked":"Hololive_CallRosalyn","floor":40},{"not_picked":["Hololive_CallHimemoriLuna+1","Hololive_DevilCharm","Hololive_CallAmaneKanata"],"picked":"Hololive_Yoholoon+1","floor":44},{"not_picked":["Hololive_Sequa+1","Hololive_RevenueBasedLive","Hololive_CallKiryuuCoco+1","Hololive_FlareMind"],"picked":"SKIP","floor":45},{"not_picked":["Hololive_CallYukihanaLamy+1","Hololive_Drill+1","Hololive_Psychosis+1","Hololive_Sequa+1"],"picked":"SKIP","floor":46},{"not_picked":["Hololive_Teleport+1","Hololive_StarCraft","Hololive_CallYozoraMel+1"],"picked":"Hololive_OvertimeWork+1","floor":47},{"not_picked":["Hololive_Trident+1","Hololive_CocoNews+1","Hololive_Breathe"],"picked":"Hololive_Rebound+1","floor":48},{"not_picked":["Hololive_CallMomosuzuNene","Hololive_DiamondStrike+1","Hololive_Psychosis+1"],"picked":"Hololive_SoulCatcher+1","floor":54}],"player_experience":33257,"relics_obtained":[{"floor":6.0,"key":"FossilizedHelix"},{"floor":8.0,"key":"Ornamental Fan"},{"floor":9.0,"key":"Molten Egg 2"},{"floor":23.0,"key":"Gremlin Horn"},{"floor":23.0,"key":"Incense Burner"},{"floor":27.0,"key":"Matryoshka"},{"floor":27.0,"key":"Bag of Preparation"},{"floor":40,"key":"Nunchaku"},{"floor":40,"key":"RuthlessExorcism:ReiMu"},{"floor":43,"key":"Shuriken"},{"floor":43,"key":"PreservedInsect"},{"floor":44,"key":"Hololive_FriedShrimpLion"},{"floor":44,"key":"Bronze Scales"},{"floor":47,"key":"Dream Catcher"},{"floor":47,"key":"Toy Ornithopter"},{"floor":54,"key":"Letter Opener"}],"event_choices":[],"is_beta":false,"boss_relics":[{"not_picked":["Hololive_ChaosS","Empty Cage"],"picked":"Black Star"},{"not_picked":["Runic Pyramid","Busted Crown"],"picked":"Astrolabe"}],"items_purged_floors":[53],"is_endless":false,"potions_floor_spawned":[1,11,13,14,18,23,33,36,40,44,45,46,47],"ascension_level":0}}