{"host":"i29s15dsg0c43zmx","time":1611860717,"event":{"mods":["AchievementEnabler","BaseMod","Colored Map","Minty Spire (QoL Compilation)","StSLib","The Death Knight"],"gold_per_floor":[115,128,128,31,51,76,76,109,109,128,128,128,140,29,29,128,128,146,146,161,10,10,10,21,21,21,46,60,80,99,131,131,227,227,244,244,264,279,358,392,96,126,126,126,126,126],"floor_reached":45,"language":"ENG","playtime":2387,"items_purged":["Strike_P","Strike_P","Strike_P+1"],"score":623,"play_id":"a99f8e1f-9016-4250-941a-5f94b2b9d40a","local_time":"20210128200517","is_ascension_mode":false,"campfire_choices":[{"data":"Fasting2","floor":7,"key":"SMITH"},{"data":"Eruption","floor":15,"key":"SMITH"},{"data":"Vault","floor":23,"key":"SMITH"},{"floor":32,"key":"REST"}],"circlet_count":0,"master_deck":["Defend_P+1","Defend_P+1","Defend_P+1","Defend_P+1","Eruption+1","Vigilance","FlurryOfBlows","BattleHymn","FollowUp+1","Fasting2+1","ThirdEye+1","ThirdEye+1","LessonLearned+1","Vault+1","Pain","Protect","Nirvana+1","Worship+1","Devotion","FollowUp+1","DevaForm","CurseOfTheBell","Consecrate+1","Wallop+1","Devotion+1","Apotheosis"],"relics":["HolyWater","Bag of Preparation","Damaru","Singing Bowl","PreservedInsect","Mercury Hourglass","Meat on the Bone","WarpedTongs","Bag of Marbles","Girya","Calling Bell","Happy Flower","Frozen Egg 2","Du-Vu Doll","Eternal Feather","Whetstone","Ancient Tea Set","Calipers"],"acts_visited":["Exordium","TheCity","TheBeyond"],"potions_floor_usage":[6,6,31,40],"damage_taken":[{"damage":2,"enemies":"Cultist","floor":1,"turns":3},{"damage":4,"enemies":"2 Louse","floor":2,"turns":2},{"damage":3,"enemies":"Jaw Worm","floor":5,"turns":3},{"damage":11,"enemies":"Gremlin Nob","floor":6,"turns":3},{"damage":18,"enemies":"3 Sentries","floor":8,"turns":5},{"damage":12,"enemies":"Blue Slaver","floor":10,"turns":4},{"damage":0,"enemies":"Exordium Wildlife","floor":13,"turns":3},{"damage":24,"enemies":"Hexaghost","floor":16,"turns":6},{"damage":19,"enemies":"2 Thieves","floor":18,"turns":6},{"damage":3,"enemies":"Chosen","floor":20,"turns":4},{"damage":20,"enemies":"Sentry and Sphere","floor":24,"turns":5},{"damage":10,"enemies":"Book of Stabbing","floor":27,"turns":4},{"damage":31,"enemies":"Snake Plant","floor":28,"turns":3},{"damage":7,"enemies":"Snecko","floor":29,"turns":5},{"damage":0,"enemies":"Chosen and Byrds","floor":30,"turns":4},{"damage":9,"enemies":"Gremlin Leader","floor":31,"turns":3},{"damage":2,"enemies":"Champ","floor":33,"turns":7},{"damage":10,"enemies":"Orb Walker","floor":35,"turns":4},{"damage":21,"enemies":"3 Darklings","floor":37,"turns":7},{"damage":18,"enemies":"Sphere and 2 Shapes","floor":38,"turns":3},{"damage":15,"enemies":"Giant Head","floor":40,"turns":6},{"damage":16,"enemies":"Nemesis","floor":42,"turns":5},{"damage":80,"enemies":"Transient","floor":45,"turns":5}],"seed_played":"907119993355184337","potions_obtained":[{"floor":1,"key":"BottledMiracle"},{"floor":2,"key":"BottledMiracle"},{"floor":27,"key":"Dexterity Potion"},{"floor":31,"key":"Fruit Juice"},{"floor":37,"key":"LiquidBronze"},{"floor":40,"key":"Fruit Juice"}],"is_trial":false,"path_per_floor":["M","M","?","$","M","E","R","E","T","M","?","T","M","$","R","B",null,"M","?","M","$","?","R","M","?","T","E","M","M","M","E","R","B",null,"M","?","M","M","T","E","$","E","T","?","M"],"character_chosen":"WATCHER","items_purchased":["FollowUp","Fasting2","BattleHymn","Protect","Apotheosis"],"campfire_rested":1,"item_purchase_floors":[4,4,14,21,41],"current_hp_per_floor":[70,66,66,66,63,52,52,36,36,26,23,23,35,35,35,23,76,59,59,58,58,43,43,35,35,35,37,20,25,39,47,75,73,94,86,86,65,59,59,61,61,59,59,59,0,0],"gold":126,"neow_bonus":"RANDOM_COMMON_RELIC","is_daily":false,"chose_seed":false,"campfire_upgraded":3,"win_rate":0.0,"timestamp":1611860717,"path_taken":["M","M","?","$","M","E","R","E","T","M","?","?","M","?","R","BOSS","M","?","?","$","?","R","M","?","T","E","M","M","M","E","R","BOSS","M","?","?","M","?","E","?","E","T","?","M"],"items_purchased_type":["Card","Card","Card","Card","Card"],"build_version":"2020-12-22","purchased_purges":3,"victory":false,"max_hp_per_floor":[72,72,72,72,72,72,72,74,74,76,76,76,76,76,76,76,76,78,78,80,80,85,85,85,85,85,85,87,87,89,94,94,94,94,96,96,96,96,96,101,101,103,103,103,103,103],"card_choices":[{"not_picked":["Adaptation","SashWhip","Crescendo"],"picked":"SKIP","floor":1},{"not_picked":["LikeWater","Consecrate"],"picked":"FlurryOfBlows","floor":2},{"not_picked":["PathToVictory","FlyingSleeves"],"picked":"ThirdEye","floor":5},{"not_picked":["WaveOfTheHand","WreathOfFlame"],"picked":"ThirdEye","floor":6},{"not_picked":["EmptyBody","MentalFortress","JustLucky"],"picked":"Singing Bowl","floor":8},{"not_picked":["CrushJoints","DeceiveReality","JustLucky"],"picked":"Singing Bowl","floor":10},{"not_picked":["CutThroughFate","Consecrate"],"picked":"LessonLearned","floor":13},{"not_picked":["Ragnarok","Scrawl"],"picked":"Vault","floor":16},{"not_picked":["SashWhip","Halt+1","Evaluate"],"picked":"Singing Bowl","floor":18},{"not_picked":["Protect","ThirdEye","Wireheading"],"picked":"Singing Bowl","floor":20},{"not_picked":["Vengeance","Wireheading"],"picked":"Nirvana+1","floor":24},{"not_picked":["CutThroughFate+1","Pray"],"picked":"Worship+1","floor":27},{"not_picked":["FlurryOfBlows","WreathOfFlame","CutThroughFate+1"],"picked":"Singing Bowl","floor":28},{"not_picked":["FlurryOfBlows","Evaluate+1"],"picked":"Devotion","floor":29},{"not_picked":["Perseverance","WindmillStrike","Meditate"],"picked":"Singing Bowl","floor":30},{"not_picked":["Protect","FearNoEvil"],"picked":"FollowUp","floor":31},{"not_picked":["LessonLearned","Vault"],"picked":"DevaForm","floor":33},{"not_picked":["CutThroughFate+1","DeceiveReality","Evaluate"],"picked":"Singing Bowl","floor":35},{"not_picked":["CutThroughFate","BowlingBash"],"picked":"Consecrate+1","floor":37},{"not_picked":["PathToVictory","DeceiveReality+1"],"picked":"Wallop+1","floor":38},{"not_picked":["DeceiveReality","Perseverance"],"picked":"Devotion+1","floor":40},{"not_picked":["LikeWater+1","DeceiveReality+1","BowlingBash+1"],"picked":"Singing Bowl","floor":42}],"player_experience":94897,"relics_obtained":[{"floor":6,"key":"Damaru"},{"floor":8,"key":"Singing Bowl"},{"floor":9,"key":"PreservedInsect"},{"floor":12,"key":"Meat on the Bone"},{"floor":27,"key":"Bag of Marbles"},{"floor":31,"key":"Girya"},{"floor":34,"key":"Happy Flower"},{"floor":34,"key":"Frozen Egg 2"},{"floor":34,"key":"Du-Vu Doll"},{"floor":39,"key":"Eternal Feather"},{"floor":40,"key":"Whetstone"},{"floor":42,"key":"Ancient Tea Set"},{"floor":43,"key":"Calipers"}],"event_choices":[{"damage_healed":0,"gold_gain":0,"cards_transformed":["Strike_P"],"player_choice":"Change","damage_taken":0,"max_hp_gain":0,"max_hp_loss":0,"event_name":"Living Wall","floor":3,"gold_loss":0,"cards_obtained":["BattleHymn"]},{"damage_healed":0,"gold_gain":0,"player_choice":"Success","damage_taken":3,"relics_obtained":["Mercury Hourglass"],"max_hp_gain":0,"max_hp_loss":0,"event_name":"Scrap Ooze","floor":11,"gold_loss":0},{"damage_healed":0,"gold_gain":0,"player_choice":"Rummage","damage_taken":0,"relics_obtained":["WarpedTongs"],"max_hp_gain":0,"max_hp_loss":0,"event_name":"Accursed Blacksmith","floor":19,"gold_loss":0,"cards_obtained":["Pain"]},{"damage_healed":0,"gold_gain":0,"player_choice":"Shed Blood","damage_taken":20,"max_hp_gain":5,"max_hp_loss":0,"event_name":"Forgotten Altar","floor":22,"gold_loss":0},{"damage_healed":0,"gold_gain":0,"player_choice":"Simplicity","damage_taken":0,"max_hp_gain":0,"max_hp_loss":0,"event_name":"Back to Basics","floor":25,"gold_loss":0,"cards_upgraded":["Strike_P","Defend_P","Defend_P","Defend_P","Defend_P"]},{"damage_healed":0,"gold_gain":0,"player_choice":"Ignored","damage_taken":0,"max_hp_gain":0,"max_hp_loss":0,"event_name":"SecretPortal","floor":36,"gold_loss":0},{"cards_removed":["BattleHymn"],"damage_healed":0,"gold_gain":0,"player_choice":"Removed Power","damage_taken":0,"max_hp_gain":0,"max_hp_loss":0,"event_name":"Falling","floor":44,"gold_loss":0}],"is_beta":false,"boss_relics":[{"not_picked":["Coffee Dripper","Sozu"],"picked":"HolyWater"},{"not_picked":["Tiny House","Velvet Choker"],"picked":"Calling Bell"}],"items_purged_floors":[14,21,41],"is_endless":false,"potions_floor_spawned":[1,2,20,27,29,31,37,40],"killed_by":"Transient","ascension_level":0}}