{"host":"44ptf306keujqm0c","time":1611826425,"event":{"mods":["Aspiration","BaseMod","Marisa（F雨　魔理沙）","Minty Spire (QoL Compilation)","Remilia（蕾米莉亚）","Replay The Spire","StSLib","The Administrix","The Construct","The Cursed","The Runesmith","The Servant 0.9.4","WarShipGirlsR/战舰少女R mod","[IsaacMod]以撒尖塔"],"gold_per_floor":[112,192,267,317,336,368,400,431,431,451,465,465,481,494,494,568,568,586,650,660,52,67,77,109,109,109,126,141,153,153,165,165,240,240,254,254,254],"floor_reached":36,"language":"ZHS","playtime":6872,"items_purged":["BattleHymn"],"score":920,"play_id":"8678f8e4-e381-4add-88f0-07de07e5ef6e","local_time":"20210128173345","daily_mods":["Draft","Diverse","DeadlyEvents"],"is_ascension_mode":true,"campfire_choices":[{"data":"Runesmith:Grindstone","floor":12.0,"key":"SMITH"},{"floor":15.0,"key":"REST"},{"data":"Luminosity","floor":25,"key":"SMITH"},{"data":"rmod:expedition","floor":30,"key":"SMITH"},{"data":"rmod:expedition+1","floor":32,"key":"SMITH"}],"circlet_count":0,"master_deck":["AscendersBane","Acrobatics","Dagger Throw","construct:HeavyBolt","rmod:chargemoney+1","EmergencyRegeneration","Terror","Cold Snap","LuminesStrike","Replay:Anticipation","Runesmith:ChaoticBlast","construct:Reinforce","EmptyBody","Runesmith:Grindstone+1","construct:Forcefield","Backflip","Chaos","Luminosity+1","Runesmith:Refine","Creative AI+1","UnstableMagic","Blade Dance","AsteroidBelt","Master of Strategy","Prepared","rmod:expedition+2","TheCursedMod:CircleOfWindfury"],"relics":["ScarletHat","HushsDoor","PunchingBag","DeadEye","Omamori","Pantograph","Ginger","D6","FossilizedHelix","Cursed Key","GuppysPaw","Art of War","Guide Book","Blue Doll","Divine Protection","Replay:Bottled Flurry","APieceOfRedMist"],"acts_visited":["Exordium","TheCity","TheBeyond"],"potions_floor_usage":[33],"damage_taken":[{"damage":0.0,"enemies":"Small Slimes","floor":1.0,"turns":2.0},{"damage":3.0,"enemies":"Hiden Room Battle","floor":4.0,"turns":5.0},{"damage":2.0,"enemies":"2 Louse","floor":5.0,"turns":3.0},{"damage":5.0,"enemies":"3 Sentries","floor":6.0,"turns":7.0},{"damage":66.0,"enemies":"Gremlin Nob","floor":7.0,"turns":4.0},{"damage":2.0,"enemies":"Replay:BlueRogue","floor":8.0,"turns":6.0},{"damage":0.0,"enemies":"Cultist","floor":10.0,"turns":4.0},{"damage":0.0,"enemies":"Exordium Wildlife","floor":11.0,"turns":5.0},{"damage":8.0,"enemies":"3 Louse","floor":13.0,"turns":5.0},{"damage":0.0,"enemies":"Looter","floor":14.0,"turns":4.0},{"damage":8.0,"enemies":"Hexaghost","floor":16.0,"turns":10.0},{"damage":0.0,"enemies":"Shell Parasite","floor":18.0,"turns":5.0},{"damage":0.0,"enemies":"3 Byrds","floor":20.0,"turns":5.0},{"damage":48.0,"enemies":"Cultist and Chosen","floor":22.0,"turns":14.0},{"damage":10.0,"enemies":"Centurion and Healer","floor":23.0,"turns":11.0},{"damage":11.0,"enemies":"Gremlin Leader","floor":24.0,"turns":8.0},{"damage":0,"enemies":"3 Cultists","floor":27,"turns":5},{"damage":0,"enemies":"Sentry and Sphere","floor":28,"turns":10},{"damage":0,"enemies":"Snecko","floor":29,"turns":5},{"damage":0,"enemies":"Centurion and Healer","floor":31,"turns":9},{"damage":0,"enemies":"Collector","floor":33,"turns":11},{"damage":43,"enemies":"3 Darklings","floor":35,"turns":11},{"damage":30,"enemies":"3 Shapes","floor":36,"turns":3}],"seed_played":"8169331409915638187","potions_obtained":[{"floor":1.0,"key":"SteroidPotion"},{"floor":5.0,"key":"CultistPotion"},{"floor":13.0,"key":"LifebloodPotion"},{"floor":22.0,"key":"Venom Potion"},{"floor":27,"key":"Dexterity Potion"},{"floor":29,"key":"Energy Potion"},{"floor":33,"key":"SkillPotion"}],"is_trial":true,"path_per_floor":["M","?","?","?","M","E","E","E","T","M","M","R","M","M","R","B",null,"M","?","M","$","M","M","E","R","T","M","M","M","R","M","R","B",null,"M","M"],"character_chosen":"REMILIA","items_purchased":["FairyPotion","GuppysPaw","Guide Book","Blue Doll","Master of Strategy"],"campfire_rested":1,"item_purchase_floors":[17,17,21,21,21],"current_hp_per_floor":[63,63,52,49,47,42,23,21,21,21,21,21,13,13,34,51,50,50,34,34,34,3,37,33,33,33,44,44,44,44,44,44,44,44,3,0,0],"gold":254,"neow_bonus":"","is_daily":false,"chose_seed":false,"campfire_upgraded":4,"win_rate":0.0,"timestamp":1611826425,"path_taken":["M","?","?","?","?","E","?","E","T","M","M","R","M","M","R","BOSS","M","?","M","$","M","M","?","R","T","M","M","M","R","M","R","BOSS","M","M"],"items_purchased_type":["Potion","Relic","Relic","Relic","Card"],"build_version":"2020-12-22","purchased_purges":1,"victory":false,"max_hp_per_floor":[70,70,70,70,70,70,70,70,70,70,70,70,70,70,70,70,50,50,50,50,50,50,47,44,44,44,44,44,44,44,44,44,44,44,44,44,44],"card_choices":[{"not_picked":[],"picked":"Bomb","floor":0.0},{"not_picked":["Revamp","Reflex"],"picked":"Acrobatics","floor":0.0},{"not_picked":["TheCursedMod:SpitefulStrike","AdministrixMod:RegentEdict"],"picked":"Dagger Throw","floor":0.0},{"not_picked":["rmod:punchline","Steam"],"picked":"construct:HeavyBolt","floor":0.0},{"not_picked":["construct:Hazardproof","Ball Lightning"],"picked":"BattleHymn","floor":0.0},{"not_picked":["construct:BatteryAcid","Coolheaded"],"picked":"rmod:chargemoney","floor":0.0},{"not_picked":["Massacre","Compile Driver"],"picked":"EmergencyRegeneration","floor":0.0},{"not_picked":["Life Link","Wild Strike"],"picked":"Terror","floor":0.0},{"not_picked":["Distribution","Runesmith:Malloc"],"picked":"Cold Snap","floor":0.0},{"not_picked":["WitchOfGreed","Protect"],"picked":"LuminesStrike","floor":0.0},{"not_picked":["ReplayTheSpireMod:Tripwire","Poisoned Stab"],"picked":"Replay:Anticipation","floor":0.0},{"not_picked":["Dodge and Roll","Turbo"],"picked":"Runesmith:ChaoticBlast","floor":0.0},{"not_picked":["TheCursedMod:TacticalStrike","Runesmith:ChiselStab"],"picked":"construct:Reinforce","floor":0.0},{"not_picked":["Turbo","Scrape"],"picked":"EmptyBody","floor":0.0},{"not_picked":["construct:Boost","construct:QuickAttack"],"picked":"Runesmith:Grindstone","floor":0.0},{"not_picked":["AdministrixMod:SipOfSparks","Barrage"],"picked":"construct:Forcefield","floor":0.0},{"not_picked":["Runesmith:HeatExchange","Go for the Eyes"],"picked":"Backflip","floor":1.0},{"not_picked":["Runesmith:RuneHurl","TheCursedMod:SoulReap"],"picked":"Chaos","floor":4.0},{"not_picked":["Replay:AtTheReady","WitchOfGreed"],"picked":"Luminosity","floor":5.0},{"not_picked":["Robbery","EndlessAdversity"],"picked":"Runesmith:Refine","floor":6.0},{"not_picked":["CurseOfVladTepes","Coolheaded","Exhume"],"picked":"SKIP","floor":7.0},{"not_picked":["Pommel Strike","DiffusionOfMisfortune","Beam Cell"],"picked":"SKIP","floor":8.0},{"not_picked":["construct:FocusedBeam","WaveOfTheHand","TimeWarp"],"picked":"SKIP","floor":10.0},{"not_picked":["Alleviate","Replay:ManipulateFuture","Consume"],"picked":"SKIP","floor":11.0},{"not_picked":["Runesmith:RuneHurl","Heavy Blade","TheCursedMod:VitalStrike"],"picked":"SKIP","floor":13.0},{"not_picked":["Runesmith:CraftObretio","Tempest","ReplayTheSpireMod:Omega Cannon"],"picked":"SKIP","floor":14.0},{"not_picked":["rmod:ridicule","construct:Reserves"],"picked":"Creative AI","floor":16.0},{"not_picked":["AdministrixMod:NoblePath","Quick Slash"],"picked":"UnstableMagic","floor":18.0},{"not_picked":["GalacticHalo","Unruled"],"picked":"Blade Dance","floor":19.0},{"not_picked":["AdministrixMod:ArmillarySphere+1","Clash"],"picked":"AsteroidBelt","floor":20.0},{"not_picked":["Masterful Stab","TheCursedMod:SpitefulStrike","Runesmith:DuctTape"],"picked":"SKIP","floor":22.0},{"not_picked":["EmptyFist","6A","TheCursedMod:CircleOfFlame"],"picked":"SKIP","floor":23.0},{"not_picked":["construct:Construct_Overclock","Sabotage","SandsOfTime"],"picked":"SKIP","floor":24.0},{"not_picked":["BloodAndWine","construct:LaserCore"],"picked":"Prepared","floor":27},{"not_picked":["MysteriousBeam+1","AdministrixMod:RegentEdict","construct:ShiftStrike"],"picked":"SKIP","floor":28},{"not_picked":["construct:ShiftStrike+1","ChargingUp"],"picked":"rmod:expedition","floor":29},{"not_picked":["Quick Slash+1","TheCursedMod:SmokeScreen"],"picked":"TheCursedMod:CircleOfWindfury","floor":31},{"not_picked":["ManaConvection","Crescendo+1","construct:Forcefield"],"picked":"SKIP","floor":35}],"player_experience":55776,"relics_obtained":[{"floor":4.0,"key":"DeadEye"},{"floor":4.0,"key":"Omamori"},{"floor":6.0,"key":"Pantograph"},{"floor":7.0,"key":"Ginger"},{"floor":8.0,"key":"D6"},{"floor":9.0,"key":"FossilizedHelix"},{"floor":19.0,"key":"Art of War"},{"floor":24.0,"key":"Divine Protection"},{"floor":26,"key":"Replay:Bottled Flurry"}],"event_choices":[{"damage_healed":0.0,"max_hp_gain":0.0,"max_hp_loss":0.0,"gold_gain":75.0,"event_name":"World of Goop","player_choice":"Gather Gold","floor":3.0,"gold_loss":0.0,"damage_taken":11.0},{"damage_healed":0.0,"max_hp_gain":0.0,"max_hp_loss":0.0,"gold_gain":0.0,"event_name":"HidenRoomEvent","player_choice":"Fight","floor":4.0,"gold_loss":0.0,"damage_taken":0.0}],"is_beta":false,"boss_relics":[{"not_picked":["aspiration:PoetsPen_weak","Replay:Drink Me"],"picked":"Cursed Key"},{"not_picked":[]},{"not_picked":["aspiration:SecretTechniqueScroll","Replay:Bronze Core"],"picked":"APieceOfRedMist"},{"not_picked":[]}],"items_purged_floors":[21],"is_endless":false,"potions_floor_spawned":[1,5,8,11,13,14,16,22,23,27,29,31,33,35],"killed_by":"3 Shapes","ascension_level":20}}