{"host":"lp8gi2x5rrw4z3b7","time":1611801042,"event":{"mods":["AchievementEnabler","BaseMod","Colored Map","Downfall","Minty Spire (QoL Compilation)","Quick Restart","Rare Cards Sparkle","StSLib"],"gold_per_floor":[99,116,116,116,26,26,26,26,44,57,84,84,98,123,142,142,142,142],"floor_reached":16,"language":"ENG","playtime":1341,"items_purged":["downfall:Malfunctioning"],"score":116,"play_id":"d1b78f4a-da4b-4d4c-9c1c-261eb46df9b3","local_time":"20210127213042","is_ascension_mode":true,"campfire_choices":[{"floor":1,"key":"RECALL"},{"data":"champ:Lariat","floor":8,"key":"SMITH"}],"circlet_count":0,"master_deck":["champ:Strike","champ:Strike","champ:Defend","champ:Defend+1","champ:Defend","champ:Defend+1","champ:Execute","champ:Taunt+1","champ:Lariat+1","champ:SteelEdge","champ:SetATrap","champ:PerfectedStrike","champ:CrownThrow","champ:FanOfKnives","champ:BerserkersShout","champ:SwordThrow"],"relics":["Sozu","Letter Opener","Tiny Chest","Matryoshka"],"acts_visited":["Exordium"],"potions_floor_usage":[],"damage_taken":[{"damage":10,"enemies":"2 Louse","floor":2,"turns":2},{"damage":10,"enemies":"downfall:FleeingMerchant","floor":5,"turns":4},{"damage":20,"enemies":"Jaw Worm","floor":9,"turns":4},{"damage":40,"enemies":"Cultist","floor":10,"turns":3},{"damage":45,"enemies":"3 Sentries","floor":11,"turns":8},{"damage":17,"enemies":"Large Slime","floor":13,"turns":6},{"damage":18,"enemies":"Lagavulin","floor":14,"turns":5},{"damage":23,"enemies":"Red Slaver","floor":15,"turns":3},{"damage":61,"enemies":"WA_ARCHETYPE_RETAIN","floor":16,"turns":6}],"seed_played":"-3516221041146555257","potions_obtained":[],"is_trial":false,"path_per_floor":["R","M","?","?","$","T","T","R","M","M","E","?","M","E","M","B"],"character_chosen":"THE_CHAMP","items_purchased":[],"campfire_rested":0,"item_purchase_floors":[],"current_hp_per_floor":[90,90,90,90,90,90,90,90,90,90,85,85,78,60,47,0,0,0],"gold":142,"neow_bonus":"BOSS_RELIC","is_daily":false,"chose_seed":false,"campfire_upgraded":1,"win_rate":0.0,"timestamp":1611801042,"path_taken":["R","M","?","?","$","?","T","R","M","?","E","?","M","E","M","BOSS"],"items_purchased_type":[],"build_version":"2020-12-22","purchased_purges":1,"victory":false,"max_hp_per_floor":[90,90,90,90,90,90,90,90,90,90,90,90,90,90,90,90,90,90],"card_choices":[{"not_picked":["champ:StanceDance","champ:CrownThrow"],"picked":"champ:Lariat","floor":2},{"not_picked":["champ:Endure","champ:BerserkersShout"],"picked":"champ:SteelEdge","floor":5},{"not_picked":["champ:CrownThrow","champ:Shatter"],"picked":"champ:SetATrap","floor":9},{"not_picked":["champ:SetATrap","champ:FalseCounter"],"picked":"champ:PerfectedStrike","floor":10},{"not_picked":["champ:BladeFlurry","champ:Backstep"],"picked":"champ:CrownThrow","floor":11},{"not_picked":["champ:BerserkersShout","champ:BringItOn"],"picked":"champ:FanOfKnives","floor":13},{"not_picked":["champ:Backstep","champ:EnGarde"],"picked":"champ:BerserkersShout","floor":14},{"not_picked":["champ:GutPunch","champ:BringItOn"],"picked":"champ:SwordThrow","floor":15}],"player_experience":941282,"relics_obtained":[{"floor":6,"key":"Letter Opener"},{"floor":11,"key":"Tiny Chest"},{"floor":14,"key":"Matryoshka"}],"event_choices":[{"cards_removed":["champ:Strike"],"damage_healed":0,"gold_gain":0,"player_choice":"Offered Basic","damage_taken":0,"max_hp_gain":0,"max_hp_loss":0,"event_name":"Bonfire Elementals","floor":12,"gold_loss":0}],"is_beta":false,"boss_relics":[],"items_purged_floors":[5],"is_endless":false,"potions_floor_spawned":[2,9,11,14],"killed_by":"WA_ARCHETYPE_RETAIN","ascension_level":1}}