{"host":"49abft5853189zwb","time":1611867629,"event":{"mods":["Aspiration","BaseMod","Downfall","Duelist Mod","Hermit","Hubris","Infinite Spire","Koishi","Lobotomy","Marisa????????","Minty Spire (QoL Compilation)","Quick Restart","Reimu??????","Remilia??????","StSLib","The Administrix","The Bug Knight","The Construct","The Cursed","The Disciple","The Necromancer","The Runesmith","The Senshi","The Servant 0.9.4","Yuyuko","[IsaacMod]????"],"gold_per_floor":[119,119,137,154,154,154,184,184,184,184,210,226,261,261,261,390,390,415,429,445,470,470,513,536,536,536,536,536,536,536],"floor_reached":29,"language":"ENG","playtime":1120,"items_purged":[],"score":317,"play_id":"6d99da71-c6b2-47ba-b05b-92842b5b3374","local_time":"20210129003029","is_ascension_mode":true,"campfire_choices":[{"data":"Bash","floor":6,"key":"SMITH"},{"data":"Inflame","floor":8,"key":"SMITH"},{"data":"Immolate","floor":15,"key":"SMITH"},{"data":"Offering","floor":25,"key":"SMITH"},{"data":"Perfected Strike","floor":27,"key":"SMITH"}],"circlet_count":0,"master_deck":["Strike_R","Strike_R","Strike_R","Strike_R","Strike_R","Defend_R","Defend_R","Defend_R","Defend_R","Bash+1","Clothesline","Pommel Strike+1","Inflame+1","Immolate+1","Twin Strike","Clash","Offering+1","Feel No Pain","Infernal Blade+1","Perfected Strike+1","hubris:SharpeningStone","Whirlwind+1","Perfected Strike+1"],"relics":["Burning Blood","HushsDoor","aspiration:Nostalgia","hermit:Momento","MoneyPower","Strawberry","HowToJump","Torii","Omamori","D6","Golden Idol","hubris:Backtick","Thread and Needle","hubris:Towel","Blood Vial"],"acts_visited":["Exordium","TheCity"],"potions_floor_usage":[13,13,16,29,29],"damage_taken":[{"damage":0,"enemies":"Small Slimes","floor":1,"turns":4},{"damage":7,"enemies":"Cultist","floor":3,"turns":4},{"damage":0,"enemies":"2 Louse","floor":4,"turns":1},{"damage":14,"enemies":"Gremlin Nob","floor":7,"turns":4},{"damage":20,"enemies":"3 Sentries","floor":11,"turns":7},{"damage":11,"enemies":"Red Slaver","floor":12,"turns":3},{"damage":13,"enemies":"Lagavulin","floor":13,"turns":3},{"damage":54,"enemies":"The Guardian","floor":16,"turns":6},{"damage":30,"enemies":"2 Thieves","floor":18,"turns":4},{"damage":6,"enemies":"Chosen","floor":19,"turns":5},{"damage":26,"enemies":"Snake Plant","floor":20,"turns":3},{"damage":9,"enemies":"Snecko","floor":21,"turns":3},{"damage":6,"enemies":"theDuelist:KaibaA2","floor":23,"turns":3},{"damage":7,"enemies":"3 Cultists","floor":24,"turns":3},{"damage":48,"enemies":"Book of Stabbing","floor":29,"turns":4}],"seed_played":"-8798663212547348177","potions_obtained":[{"floor":4,"key":"MagicPotion:ReiMu"},{"floor":7,"key":"champ:CounterPotion"},{"floor":11,"key":"Slimebound:ThreeZeroPotion"},{"floor":13,"key":"Dexterity Potion"},{"floor":23,"key":"ElixirPotion"},{"floor":24,"key":"GrandPatriotsElixir:ReiMu"}],"is_trial":false,"path_per_floor":["M","?","M","M","?","R","E","R","T","?","E","M","E","?","R","B",null,"M","M","M","M","?","E","M","R","T","R","?","E"],"character_chosen":"IRONCLAD","items_purchased":[],"campfire_rested":0,"item_purchase_floors":[],"current_hp_per_floor":[80,72,71,77,77,77,69,69,69,97,83,78,71,71,71,23,90,66,66,46,43,43,43,44,44,44,44,44,0,0],"gold":536,"neow_bonus":"NOSTALGIA","is_daily":false,"chose_seed":false,"campfire_upgraded":5,"win_rate":0.0,"timestamp":1611867629,"path_taken":["M","?","?","M","?","R","E","R","T","?","E","M","E","?","R","BOSS","M","M","M","M","?","E","M","R","T","R","?","E"],"items_purchased_type":[],"build_version":"2020-12-13","purchased_purges":0,"victory":false,"max_hp_per_floor":[80,87,87,87,87,87,87,87,87,97,97,97,97,90,90,90,90,90,90,90,90,90,90,90,90,90,90,90,90,90],"card_choices":[{"not_picked":[],"picked":"SuicideKing","floor":0},{"not_picked":["Seeing Red","Havoc"],"picked":"Clothesline","floor":1},{"not_picked":["Feed","Flame Barrier"],"picked":"Bomb","floor":3},{"not_picked":["Flex","Cleave"],"picked":"Pommel Strike","floor":4},{"not_picked":["Burning Pact","Shrug It Off"],"picked":"Inflame","floor":7},{"not_picked":["Headbutt","Heavy Blade"],"picked":"Immolate","floor":11},{"not_picked":["Carnage","Pommel Strike"],"picked":"Twin Strike","floor":12},{"not_picked":["Havoc","Metallicize"],"picked":"Clash","floor":13},{"not_picked":["Exhume","Berserk"],"picked":"Offering","floor":16},{"not_picked":["Pummel","Heavy Blade"],"picked":"Feel No Pain","floor":18},{"not_picked":["Searing Blow","Headbutt"],"picked":"Infernal Blade+1","floor":19},{"not_picked":["Body Slam","Reckless Charge"],"picked":"Perfected Strike+1","floor":20},{"not_picked":["Armaments","Rampage"],"picked":"hubris:SharpeningStone","floor":21},{"not_picked":["Perfected Strike","True Grit"],"picked":"Whirlwind+1","floor":23},{"not_picked":["True Grit+1","Clothesline+1"],"picked":"Perfected Strike","floor":24}],"player_experience":86367,"relics_obtained":[{"floor":7,"key":"HowToJump"},{"floor":9,"key":"Torii"},{"floor":11,"key":"Omamori"},{"floor":13,"key":"D6"},{"floor":23,"key":"Blood Vial"}],"event_choices":[{"cards_removed":["SuicideKing"],"damage_healed":18,"gold_gain":0,"player_choice":"Offered Rare","damage_taken":0,"max_hp_gain":10,"max_hp_loss":0,"event_name":"Bonfire Elementals","floor":10,"gold_loss":0},{"damage_healed":0,"gold_gain":0,"player_choice":"Lose Max HP","damage_taken":0,"relics_obtained":["Golden Idol"],"max_hp_gain":0,"max_hp_loss":7,"event_name":"Golden Idol","floor":14,"gold_loss":0}],"is_beta":false,"boss_relics":[{"not_picked":["hubris:RunicObelisk","bronze:MakeshiftBattery"],"picked":"hubris:Backtick"},{"not_picked":[]}],"items_purged_floors":[],"is_endless":false,"potions_floor_spawned":[4,7,11,13,23,24],"killed_by":"Book of Stabbing","ascension_level":2}}