{"host":"ymmeoa1x24ihslbm","time":1611845432,"event":{"mods":["AchievementEnabler","BaseMod","Colored Map","Colored Powertips","Defuse TimeMaze Blight","Highlight Path","Minty Spire (QoL Compilation)","Permanent Neow","Quick Restart","StSLib","Unceasing Turn Reminder"],"gold_per_floor":[109,109,109,121,46,76,76,110,110,110,129,129,140,154,154,250,250,267,284,301,301,301,301,326,326,326],"floor_reached":25,"language":"ENG","playtime":1364,"items_purged":["Pain"],"score":383,"play_id":"da1e7fbf-8c8f-40aa-a95a-1a2bf839f8a8","local_time":"20210128155032","is_ascension_mode":true,"campfire_choices":[{"data":"Eruption","floor":7,"key":"SMITH"},{"data":"Vigilance","floor":10,"key":"SMITH"},{"data":"Defend_P","floor":12,"key":"SMITH"},{"data":"ThirdEye","floor":15,"key":"SMITH"},{"data":"Writhe","floor":23,"key":"PURGE"}],"circlet_count":0,"master_deck":["Strike_P","Strike_P","Defend_P+1","Defend_P","Eruption+1","Vigilance+1","Tantrum","EmptyFist","Consecrate","FlurryOfBlows","SignatureMove","ThirdEye+1","DevaForm","Blasphemy+1","Fasting2+1","FollowUp+1","EmptyMind","Evaluate","Alpha"],"relics":["PureWater","WarpedTongs","Peace Pipe","Akabeko","Shovel","Astrolabe","Nilry\u0027s Codex","The Courier","Mercury Hourglass"],"acts_visited":["Exordium","TheCity"],"potions_floor_usage":[18,19,24,24],"damage_taken":[{"damage":2,"enemies":"Jaw Worm","floor":1,"turns":3},{"damage":6,"enemies":"Small Slimes","floor":4,"turns":2},{"damage":10,"enemies":"Lagavulin","floor":6,"turns":5},{"damage":15,"enemies":"3 Sentries","floor":8,"turns":5},{"damage":0,"enemies":"Cultist","floor":11,"turns":2},{"damage":0,"enemies":"Blue Slaver","floor":13,"turns":1},{"damage":0,"enemies":"Large Slime","floor":14,"turns":3},{"damage":0,"enemies":"Slime Boss","floor":16,"turns":3},{"damage":22,"enemies":"2 Thieves","floor":18,"turns":2},{"damage":0,"enemies":"3 Byrds","floor":19,"turns":3},{"damage":0,"enemies":"Centurion and Healer","floor":20,"turns":3},{"damage":21,"enemies":"Slavers","floor":24,"turns":3},{"damage":12,"enemies":"Shelled Parasite and Fungi","floor":25,"turns":1}],"seed_played":"-5013057666182011795","potions_obtained":[{"floor":1,"key":"LiquidBronze"},{"floor":6,"key":"Strength Potion"},{"floor":16,"key":"LiquidMemories"},{"floor":18,"key":"Strength Potion"},{"floor":20,"key":"PowerPotion"}],"is_trial":false,"path_per_floor":["M","?","?","M","$","E","R","E","T","R","M","R","M","M","R","B",null,"M","M","M","?","?","R","E","M"],"character_chosen":"WATCHER","items_purchased":[],"campfire_rested":0,"item_purchase_floors":[],"current_hp_per_floor":[70,75,75,69,69,59,59,44,44,44,44,44,44,44,44,44,69,47,47,47,31,31,31,10,0,0],"gold":326,"neow_bonus":"TRANSFORM_CARD","is_daily":false,"chose_seed":false,"campfire_upgraded":4,"win_rate":0.0,"timestamp":1611845432,"path_taken":["M","?","?","M","$","E","R","E","T","R","M","R","M","?","R","BOSS","M","M","M","?","?","R","E","M"],"items_purchased_type":[],"build_version":"2020-12-22","purchased_purges":1,"victory":false,"max_hp_per_floor":[72,77,77,77,77,77,77,77,77,77,77,77,77,77,77,77,77,77,77,77,77,77,77,77,77,77],"card_choices":[{"not_picked":["Collect","SashWhip"],"picked":"EmptyFist","floor":1},{"not_picked":["Protect","Weave","EmptyFist"],"picked":"SKIP","floor":4},{"not_picked":["CrushJoints","ThirdEye"],"picked":"Consecrate","floor":6},{"not_picked":["PathToVictory","ClearTheMind","LikeWater"],"picked":"SKIP","floor":8},{"not_picked":["FollowUp","JustLucky"],"picked":"FlurryOfBlows","floor":11},{"not_picked":["Nirvana","FlurryOfBlows"],"picked":"SignatureMove","floor":13},{"not_picked":["Indignation","FlyingSleeves"],"picked":"ThirdEye","floor":14},{"not_picked":["Ragnarok","Wish"],"picked":"DevaForm","floor":16},{"not_picked":["SandsOfTime","FlyingSleeves","Crescendo+1"],"picked":"SKIP","floor":18},{"not_picked":["CutThroughFate","FlurryOfBlows"],"picked":"EmptyMind","floor":19},{"not_picked":["JustLucky+1","InnerPeace"],"picked":"Evaluate","floor":20},{"not_picked":["FollowUp","Crescendo"],"picked":"Alpha","floor":24}],"player_experience":714642,"relics_obtained":[{"floor":6,"key":"Peace Pipe"},{"floor":8,"key":"Akabeko"},{"floor":9,"key":"Shovel"},{"floor":21,"key":"Nilry\u0027s Codex"},{"floor":24,"key":"Mercury Hourglass"}],"event_choices":[{"damage_healed":0,"gold_gain":0,"player_choice":"Donut","damage_taken":0,"max_hp_gain":5,"max_hp_loss":0,"event_name":"Big Fish","floor":2,"gold_loss":0},{"damage_healed":0,"gold_gain":0,"player_choice":"Rummage","damage_taken":0,"relics_obtained":["WarpedTongs"],"max_hp_gain":0,"max_hp_loss":0,"event_name":"Accursed Blacksmith","floor":3,"gold_loss":0,"cards_obtained":["Pain"]},{"damage_healed":0,"gold_gain":0,"player_choice":"Obtained Book","damage_taken":16,"max_hp_gain":0,"max_hp_loss":0,"event_name":"Cursed Tome","floor":21,"gold_loss":0},{"damage_healed":0,"gold_gain":0,"player_choice":"Opened","damage_taken":0,"relics_obtained":["The Courier"],"max_hp_gain":0,"max_hp_loss":0,"event_name":"The Mausoleum","floor":22,"gold_loss":0,"cards_obtained":["Writhe"]}],"is_beta":false,"boss_relics":[{"not_picked":["Calling Bell","Pandora\u0027s Box"],"picked":"Astrolabe"}],"items_purged_floors":[5],"is_endless":false,"potions_floor_spawned":[1,6,16,18,20],"killed_by":"Shelled Parasite and Fungi","ascension_level":5}}