{"host":"9viy3memdfgcf4vy","time":1611859420,"event":{"mods":["BaseMod","Colored Map","Downfall","Minty Spire (QoL Compilation)","StSLib"],"gold_per_floor":[99,99,99,99,99,129,154,164,64,97,111,138,238,223,236,341,341,241,253,528,129,140,172,198,198,227,246,277,277,277,277],"floor_reached":29,"language":"ENG","playtime":4941,"items_purged":["Regret"],"score":515,"play_id":"a5f59f6e-5a18-470c-b7c1-cafeff5e6f88","local_time":"20210128204340","is_ascension_mode":true,"campfire_choices":[{"data":"Slimebound:Split","floor":1,"key":"SMITH"},{"floor":9,"key":"RECALL"},{"data":"Slimebound:DuplicatedForm","floor":18,"key":"SMITH"}],"circlet_count":0,"master_deck":["AscendersBane","Slimebound:Strike_Slimebound","Slimebound:Strike_Slimebound","Slimebound:Strike_Slimebound","Slimebound:Defend_Slimebound","Slimebound:Defend_Slimebound","Slimebound:Defend_Slimebound","Slimebound:Split+1","Slimebound:CorrosiveSpit","Slimebound:LevelUp+1","Slimebound:SplitSpecialist","Slimebound:MegaLick","Slimebound:LivingWall","Slimebound:Nibble","Slimebound:ProtectTheBoss","Slimebound:GrowthPunch","Slimebound:SplitBruiser","Slimebound:DuplicatedForm+1","Slimebound:SplitAcid","Slimebound:LevelUp","Slimebound:SplitSpecialist","Slimebound:SlimeSpikes","Slimebound:SplitBruiser","Slimebound:GrowthPunch+1","Slimebound:Schlurp+1"],"relics":["Slimebound:AbsorbEndCombat","downfall:HeartsMalice","downfall:ShatteredFragment","Blue Candle","Incense Burner","downfall:HeartBlessingBlue","Centennial Puzzle","White Beast Statue","Runic Pyramid","downfall:HeartBlessingRed","Juzu Bracelet","Pantograph","Bag of Marbles","Enchiridion","Calipers","Mummified Hand"],"acts_visited":["Exordium","TheCity"],"potions_floor_usage":[12,16,23,26,27,27,28,29],"damage_taken":[{"damage":0,"enemies":"2 Louse","floor":2,"turns":1},{"damage":0,"enemies":"Jaw Worm","floor":4,"turns":1},{"damage":0,"enemies":"Gremlin Nob","floor":6,"turns":1},{"damage":9,"enemies":"Small Slimes","floor":8,"turns":3},{"damage":16,"enemies":"3 Sentries","floor":10,"turns":6},{"damage":4,"enemies":"Blue Slaver","floor":11,"turns":3},{"damage":2,"enemies":"Lagavulin","floor":12,"turns":5},{"damage":4,"enemies":"downfall:Heads","floor":13,"turns":6},{"damage":5,"enemies":"downfall:FleeingMerchant","floor":14,"turns":4},{"damage":0,"enemies":"Large Slime","floor":15,"turns":4},{"damage":31,"enemies":"IC_STATUS_ARCHETYPE","floor":16,"turns":7},{"damage":19,"enemies":"Spheric Guardian","floor":19,"turns":4},{"damage":9,"enemies":"downfall:FleeingMerchant","floor":21,"turns":4},{"damage":15,"enemies":"Chosen and Byrds","floor":22,"turns":5},{"damage":29,"enemies":"Book of Stabbing","floor":23,"turns":6},{"damage":22,"enemies":"Gremlin Leader","floor":26,"turns":5},{"damage":12,"enemies":"Snake Plant","floor":27,"turns":3},{"damage":2,"enemies":"Slavers","floor":28,"turns":4},{"damage":30,"enemies":"Shelled Parasite and Fungi","floor":29,"turns":2}],"seed_played":"-2537435591935267973","potions_obtained":[{"floor":6,"key":"FearPotion"},{"floor":8,"key":"FearPotion"},{"floor":12,"key":"Energy Potion"},{"floor":14,"key":"CultistPotion"},{"floor":16,"key":"Swift Potion"},{"floor":23,"key":"SkillPotion"},{"floor":26,"key":"ColorlessPotion"},{"floor":27,"key":"ColorlessPotion"},{"floor":28,"key":"bronze:BurnAndBuffPotion"}],"is_trial":false,"path_per_floor":["R","M","?","M","?","E","T","M","R","E","M","E","?","$","M","B",null,"R","M","?","$","M","E","T","?","E","M","E","M"],"character_chosen":"SLIMEBOUND","items_purchased":["Slimebound:SplitAcid","Juzu Bracelet","Slimebound:LevelUp","Slimebound:SplitSpecialist"],"campfire_rested":0,"item_purchase_floors":[21,21,21,21],"current_hp_per_floor":[59,59,41,41,36,36,36,31,41,29,33,39,43,46,50,27,63,63,50,50,49,55,49,49,33,19,9,15,0,0,0],"gold":277,"neow_bonus":"THREE_ENEMY_KILL","is_daily":false,"chose_seed":false,"campfire_upgraded":2,"win_rate":0.0,"timestamp":1611859420,"path_taken":["R","M","?","M","?","E","T","?","R","E","M","E","?","$","M","BOSS","R","M","?","$","M","E","T","?","E","M","E","M"],"items_purchased_type":["Card","Relic","Card","Card"],"build_version":"2020-12-22","purchased_purges":1,"victory":false,"max_hp_per_floor":[65,65,65,65,65,65,65,65,75,75,75,75,75,75,75,75,75,75,75,75,75,75,75,75,75,75,75,75,75,75,75],"card_choices":[{"not_picked":["Slimebound:ComboTackle","Slimebound:SlimeTap","Slimebound:GoopTackle"],"picked":"SKIP","floor":2},{"not_picked":["Slimebound:LeechEnergy","Slimebound:FinishingTackle","Slimebound:ForwardTackle"],"picked":"SKIP","floor":4},{"not_picked":["Slimebound:ProtectTheBoss","Slimebound:FlameTackle"],"picked":"Slimebound:LevelUp","floor":6},{"not_picked":["Slimebound:ComboTackle","Slimebound:LeechingTouch"],"picked":"Slimebound:SplitSpecialist","floor":8},{"not_picked":["Slimebound:ServeAndProtect","Slimebound:PressTheAttack"],"picked":"Slimebound:MegaLick","floor":10},{"not_picked":["Slimebound:FinishingTackle","Slimebound:Repurpose"],"picked":"Slimebound:LivingWall","floor":11},{"not_picked":["Slimebound:TongueLash","Slimebound:LeechingTouch"],"picked":"Slimebound:Nibble","floor":12},{"not_picked":["Slimebound:ComboTackle","Slimebound:GoopSpray"],"picked":"Slimebound:GrowthPunch","floor":13},{"not_picked":["Slimebound:ProtectTheBoss","Slimebound:Prepare"],"picked":"Slimebound:SplitBruiser","floor":14},{"not_picked":["Slimebound:PressTheAttack","Slimebound:Prepare","Slimebound:Schlurp"],"picked":"SKIP","floor":15},{"not_picked":["Slimebound:RallyTheTroops","Slimebound:SelfFormingGoo"],"picked":"Slimebound:DuplicatedForm","floor":16},{"not_picked":["Slimebound:Replication","Slimebound:GoopTackle","Slimebound:SplitBruiser"],"picked":"SKIP","floor":19},{"not_picked":["Slimebound:LeechEnergy","Slimebound:ItLooksTasty","Slimebound:Prepare"],"picked":"SKIP","floor":21},{"not_picked":["Slimebound:SamplingLick","Slimebound:GoopSpray","Slimebound:Teamwork"],"picked":"SKIP","floor":22},{"not_picked":["Slimebound:Replication","Slimebound:ItLooksTasty"],"picked":"Slimebound:SlimeSpikes","floor":23},{"not_picked":["Slimebound:Schlurp","Slimebound:ItLooksTasty"],"picked":"Slimebound:SplitBruiser","floor":26},{"not_picked":["Slimebound:SplitLeeching","Slimebound:Repurpose"],"picked":"Slimebound:GrowthPunch+1","floor":27},{"not_picked":["Slimebound:RollThrough","Slimebound:SamplingLick"],"picked":"Slimebound:Schlurp+1","floor":28}],"player_experience":416873,"relics_obtained":[{"floor":6,"key":"Incense Burner"},{"floor":10,"key":"Centennial Puzzle"},{"floor":12,"key":"White Beast Statue"},{"floor":23,"key":"Pantograph"},{"floor":24,"key":"Bag of Marbles"},{"floor":25,"key":"Enchiridion"},{"floor":26,"key":"Calipers"},{"floor":28,"key":"Mummified Hand"}],"event_choices":[],"is_beta":false,"boss_relics":[{"not_picked":["Black Star","bronze:MakeshiftBattery"],"picked":"Runic Pyramid"}],"items_purged_floors":[21],"is_endless":false,"potions_floor_spawned":[6,8,12,13,14,15,16,19,21,22,23,26,27,28],"killed_by":"Shelled Parasite and Fungi","ascension_level":12}}