{"host":"8ki4rp59nppvqwda","time":1611800457,"event":{"mods":["AlwaysNeverKeys","BaseMod","Hermit","Minty Spire (QoL Compilation)","Robot Space Explorer","SacredBarkPlus","StSLib","The Bug Knight","The Cursed","The Marked","The Necromancer","The Trickster"],"gold_per_floor":[111,127,127,202,377,377,393,424,498,498,37,37,49,63,63,159,159,169,169,84,103,83,109,123,398,452,464,464,122,156,174,174,279,279,298,318,336,386,403,419,419,17,17,17,28,28,48,62,62,62],"floor_reached":51,"language":"ENG","playtime":2418,"items_purged":["Doubt","Regret"],"score":766,"play_id":"9031d316-1986-4486-805f-fb0d32bb3ea9","local_time":"20210127212057","is_ascension_mode":false,"campfire_choices":[{"data":"RobotSpaceExplorer:MakeshiftVolley","floor":6.0,"key":"SMITH"},{"data":"RobotSpaceExplorer:Accelerator","floor":10.0,"key":"SMITH"},{"data":"RobotSpaceExplorer:Pulsar","floor":15.0,"key":"SMITH"},{"data":"RobotSpaceExplorer:Comet","floor":28.0,"key":"SMITH"},{"data":"RobotSpaceExplorer:LaserBurst","floor":32.0,"key":"SMITH"},{"data":"RobotSpaceExplorer:Pulsar","floor":44,"key":"SMITH"},{"data":"RobotSpaceExplorer:Probe","floor":46,"key":"SMITH"},{"data":"RobotSpaceExplorer:MiniLasers","floor":49,"key":"SMITH"}],"circlet_count":0,"master_deck":["RobotSpaceExplorer:Strike","RobotSpaceExplorer:Strike","RobotSpaceExplorer:Strike","RobotSpaceExplorer:Strike","RobotSpaceExplorer:Defend","RobotSpaceExplorer:Defend","RobotSpaceExplorer:Defend","RobotSpaceExplorer:Defend","RobotSpaceExplorer:Scan","RobotSpaceExplorer:MiniLasers+1","RobotSpaceExplorer:Probe+1","RobotSpaceExplorer:MakeshiftVolley+1","RobotSpaceExplorer:Pulsar+1","RobotSpaceExplorer:Accelerator+1","RobotSpaceExplorer:LaserBurst+1","RobotSpaceExplorer:Comet+1","RobotSpaceExplorer:ScrapMissile+1","RitualDagger","RobotSpaceExplorer:SurgingShield+1","RobotSpaceExplorer:DualCore+1","RobotSpaceExplorer:Pulsar+1","RobotSpaceExplorer:Accelerator+1","RobotSpaceExplorer:Counterblock+1"],"relics":["RobotSpaceExplorer:RoboCore","Ancient Tea Set","Singing Bowl","White Beast Statue","Toy Ornithopter","Busted Crown","Eternal Feather","Frozen Egg 2","MealTicket","RobotSpaceExplorer:PlasmaHourglass","Mummified Hand","SlaversCollar","CaptainsWheel","FossilizedHelix","Omamori","Gremlin Horn","Potion Belt"],"acts_visited":["Exordium","TheCity","TheBeyond"],"potions_floor_usage":[40,48,50,50],"damage_taken":[{"damage":2.0,"enemies":"Jaw Worm","floor":1.0,"turns":4.0},{"damage":0.0,"enemies":"2 Louse","floor":2.0,"turns":4.0},{"damage":0.0,"enemies":"Small Slimes","floor":7.0,"turns":2.0},{"damage":33.0,"enemies":"Lagavulin","floor":8.0,"turns":7.0},{"damage":0.0,"enemies":"Blue Slaver","floor":13.0,"turns":1.0},{"damage":1.0,"enemies":"Gremlin Gang","floor":14.0,"turns":6.0},{"damage":44.0,"enemies":"Hexaghost","floor":16.0,"turns":11.0},{"damage":24.0,"enemies":"2 Thieves","floor":18.0,"turns":4.0},{"damage":3.0,"enemies":"Shell Parasite","floor":21.0,"turns":3.0},{"damage":31.0,"enemies":"Gremlin Leader","floor":23.0,"turns":5.0},{"damage":5.0,"enemies":"Cultist and Chosen","floor":24.0,"turns":5.0},{"damage":22.0,"enemies":"Snake Plant","floor":27.0,"turns":5.0},{"damage":12.0,"enemies":"Book of Stabbing","floor":30.0,"turns":4.0},{"damage":7.0,"enemies":"Shelled Parasite and Fungi","floor":31.0,"turns":4.0},{"damage":45.0,"enemies":"Automaton","floor":33.0,"turns":8.0},{"damage":18.0,"enemies":"3 Darklings","floor":35.0,"turns":4.0},{"damage":11.0,"enemies":"3 Shapes","floor":36.0,"turns":4.0},{"damage":0.0,"enemies":"4 Shapes","floor":37.0,"turns":3.0},{"damage":2.0,"enemies":"Mind Bloom Boss Battle","floor":38.0,"turns":7.0},{"damage":0.0,"enemies":"Jaw Worm Horde","floor":39.0,"turns":5.0},{"damage":0,"enemies":"Spire Growth","floor":40,"turns":4},{"damage":0,"enemies":"Writhing Mass","floor":45,"turns":4},{"damage":0,"enemies":"3 Darklings","floor":47,"turns":5},{"damage":12,"enemies":"Spire Growth","floor":48,"turns":5},{"damage":44,"enemies":"Time Eater","floor":50,"turns":7}],"seed_played":"8679533226687343910","potions_obtained":[{"floor":1.0,"key":"Swift Potion"},{"floor":2.0,"key":"SneckoOil"},{"floor":13.0,"key":"Regen Potion"},{"floor":14.0,"key":"Ancient Potion"},{"floor":16.0,"key":"EssenceOfSteel"},{"floor":18.0,"key":"FearPotion"},{"floor":21.0,"key":"BlessingOfTheForge"},{"floor":22.0,"key":"CultistPotion"},{"floor":23.0,"key":"Weak Potion"},{"floor":24.0,"key":"PowerPotion"},{"floor":27.0,"key":"FearPotion"},{"floor":30.0,"key":"GamblersBrew"},{"floor":31.0,"key":"RobotSpaceExplorer:RecyclePotion"},{"floor":33.0,"key":"BlessingOfTheForge"},{"floor":35.0,"key":"DistilledChaos"},{"floor":36.0,"key":"CultistPotion"},{"floor":39.0,"key":"Strength Potion"},{"floor":40,"key":"RobotSpaceExplorer:RecyclePotion"},{"floor":45,"key":"SteroidPotion"},{"floor":47,"key":"Dexterity Potion"},{"floor":48,"key":"Strength Potion"}],"is_trial":false,"path_per_floor":["M","M","?","?","?","R","M","E","T","R","$","$","M","M","R","B",null,"M","?","?","M","?","E","M","?","T","M","R","$","E","M","R","B",null,"M","M","M","?","M","M","T","$","T","R","M","R","M","M","R","B",null],"character_chosen":"RobotSpaceExplorer","items_purchased":["White Beast Statue","Toy Ornithopter","RobotSpaceExplorer:PlasmaHourglass","RobotSpaceExplorer:Accelerator+1","Gremlin Horn"],"campfire_rested":0,"item_purchase_floors":[11,11,29,42,42],"current_hp_per_floor":[80,80,85,74,74,74,74,41,41,41,41,41,48,67,67,23,89,70,64,64,68,68,47,44,44,44,29,41,56,49,49,61,26,97,86,77,79,79,84,91,91,106,106,107,107,107,109,104,111,67],"gold":62,"neow_bonus":"TEN_PERCENT_HP_BONUS","is_daily":false,"chose_seed":false,"campfire_upgraded":8,"win_rate":0.0,"timestamp":1611800457,"path_taken":["M","M","?","?","?","R","M","E","T","R","$","?","?","?","R","BOSS","M","?","?","M","?","E","?","?","T","M","R","$","E","M","R","BOSS","M","?","M","?","M","M","?","$","T","R","M","R","M","M","R","BOSS"],"items_purchased_type":["Relic","Relic","Relic","Card","Relic"],"build_version":"2020-12-22","purchased_purges":2,"victory":true,"max_hp_per_floor":[82,82,87,87,87,87,87,87,87,87,87,87,89,89,89,89,89,89,89,89,91,91,91,93,93,93,95,95,95,95,97,97,97,97,99,101,103,105,105,107,107,107,107,107,107,107,109,111,111,111],"card_choices":[{"not_picked":["RobotSpaceExplorer:ExhaustFan","RobotSpaceExplorer:Counterblock"],"picked":"RobotSpaceExplorer:Probe","floor":1.0},{"not_picked":["RobotSpaceExplorer:SurgingShield","RobotSpaceExplorer:FranticSearch"],"picked":"RobotSpaceExplorer:MakeshiftVolley","floor":2.0},{"not_picked":["RobotSpaceExplorer:FrostMissile","RobotSpaceExplorer:ImprovisedAttack"],"picked":"RobotSpaceExplorer:Pulsar","floor":7.0},{"not_picked":["RobotSpaceExplorer:GearShield","RobotSpaceExplorer:DoubleBlock"],"picked":"RobotSpaceExplorer:Accelerator","floor":8.0},{"not_picked":["RobotSpaceExplorer:SelfCleaning","RobotSpaceExplorer:SwiftStep","RobotSpaceExplorer:ScrapMissile"],"picked":"Singing Bowl","floor":13.0},{"not_picked":["RobotSpaceExplorer:Reload","RobotSpaceExplorer:Pulsar"],"picked":"RobotSpaceExplorer:LaserBurst","floor":14.0},{"not_picked":["RobotSpaceExplorer:Autoloader","RobotSpaceExplorer:TrailblazerForm"],"picked":"RobotSpaceExplorer:Comet","floor":16.0},{"not_picked":[],"picked":"RobotSpaceExplorer:ScrapMissile+1","floor":18.0},{"not_picked":["RobotSpaceExplorer:ShovelStrike"],"picked":"Singing Bowl","floor":21.0},{"not_picked":[],"picked":"RobotSpaceExplorer:SurgingShield+1","floor":23.0},{"not_picked":["RobotSpaceExplorer:ImprovisedAttack"],"picked":"Singing Bowl","floor":24.0},{"not_picked":["RobotSpaceExplorer:Ammunition"],"picked":"Singing Bowl","floor":27.0},{"not_picked":[],"picked":"RobotSpaceExplorer:DualCore+1","floor":30.0},{"not_picked":["RobotSpaceExplorer:MakeshiftVolley"],"picked":"Singing Bowl","floor":31.0},{"not_picked":[],"picked":"RobotSpaceExplorer:Exploration","floor":33.0},{"not_picked":["RobotSpaceExplorer:FranticSearch"],"picked":"Singing Bowl","floor":35.0},{"not_picked":["RobotSpaceExplorer:FranticSearch"],"picked":"Singing Bowl","floor":36.0},{"not_picked":["RobotSpaceExplorer:SurgingStrike+1"],"picked":"Singing Bowl","floor":37.0},{"not_picked":["RobotSpaceExplorer:MetalStrike+1"],"picked":"Singing Bowl","floor":38.0},{"not_picked":[],"picked":"RobotSpaceExplorer:Pulsar","floor":39.0},{"not_picked":["RobotSpaceExplorer:Ammunition"],"picked":"Singing Bowl","floor":40},{"not_picked":[],"picked":"RobotSpaceExplorer:Counterblock+1","floor":45},{"not_picked":["RobotSpaceExplorer:SwiftStep"],"picked":"Singing Bowl","floor":47},{"not_picked":["RobotSpaceExplorer:Blitz"],"picked":"Singing Bowl","floor":48}],"player_experience":1221643,"relics_obtained":[{"floor":8.0,"key":"Ancient Tea Set"},{"floor":9.0,"key":"Singing Bowl"},{"floor":23.0,"key":"Frozen Egg 2"},{"floor":26.0,"key":"MealTicket"},{"floor":30.0,"key":"Mummified Hand"},{"floor":35.0,"key":"CaptainsWheel"},{"floor":38.0,"key":"FossilizedHelix"},{"floor":41,"key":"Omamori"},{"floor":43,"key":"Potion Belt"}],"event_choices":[{"damage_healed":0.0,"max_hp_gain":5.0,"max_hp_loss":0.0,"gold_gain":0.0,"event_name":"Big Fish","player_choice":"Donut","floor":3.0,"gold_loss":0.0,"damage_taken":0.0},{"damage_healed":0.0,"max_hp_gain":0.0,"max_hp_loss":0.0,"gold_gain":75.0,"event_name":"World of Goop","player_choice":"Gather Gold","floor":4.0,"gold_loss":0.0,"damage_taken":11.0},{"damage_healed":0.0,"max_hp_gain":0.0,"max_hp_loss":0.0,"gold_gain":175.0,"event_name":"Liars Game","player_choice":"AGREE","floor":5.0,"gold_loss":0.0,"damage_taken":0.0,"cards_obtained":["Doubt"]},{"damage_healed":0.0,"max_hp_gain":0.0,"max_hp_loss":0.0,"gold_gain":0.0,"event_name":"Nest","player_choice":"Joined the Cult","floor":19.0,"gold_loss":0.0,"damage_taken":6.0,"cards_obtained":["RitualDagger"]},{"damage_healed":0.0,"max_hp_gain":0.0,"max_hp_loss":0.0,"gold_gain":0.0,"event_name":"Addict","player_choice":"Obtained Relic","floor":20.0,"gold_loss":85.0,"damage_taken":0.0,"relics_obtained":["Eternal Feather"]},{"damage_healed":0.0,"max_hp_gain":0.0,"max_hp_loss":0.0,"gold_gain":0.0,"event_name":"The Woman in Blue","player_choice":"Bought 1 Potion","floor":22.0,"gold_loss":0.0,"damage_taken":0.0},{"damage_healed":0.0,"max_hp_gain":0.0,"max_hp_loss":0.0,"gold_gain":275.0,"event_name":"Golden Shrine","player_choice":"Desecrate","floor":25.0,"gold_loss":0.0,"damage_taken":0.0,"cards_obtained":["Regret"]},{"damage_healed":0.0,"max_hp_gain":0.0,"max_hp_loss":0.0,"gold_gain":0.0,"event_name":"MindBloom","player_choice":"Fight","floor":38.0,"gold_loss":0.0,"damage_taken":0.0}],"is_beta":false,"boss_relics":[{"not_picked":["Velvet Choker","Coffee Dripper"],"picked":"Busted Crown"},{"not_picked":["Runic Dome","Runic Pyramid"],"picked":"SlaversCollar"}],"items_purged_floors":[11,29],"is_endless":false,"potions_floor_spawned":[1,2,13,14,16,18,21,23,24,27,30,31,33,35,36,37,38,39,40,45,47,48],"ascension_level":0}}