{"host":"spdqkj9ykratwava","time":1611800325,"event":{"mods":["BaseMod","Block Reminder","Minty Spire (QoL Compilation)","Slay the Relics Exporter","StSLib"],"gold_per_floor":[119,219,237,252,252,252,266,266,289,314,330,341,341,372,372,474,474,487,402,417,436,446,479,479,494,494,507,532,532,532,566,566,669,669,682,694,705,705,758,758,790,790,790],"floor_reached":42,"language":"ENG","playtime":2174,"items_purged":[],"score":550,"play_id":"1f404bbe-e31e-43b4-bd1a-9322610d8910","local_time":"20210127181845","is_ascension_mode":false,"campfire_choices":[{"data":"WindmillStrike","floor":6.0,"key":"SMITH"},{"data":"SashWhip","floor":13.0,"key":"SMITH"},{"data":"TalkToTheHand","floor":15.0,"key":"SMITH"},{"floor":24.0,"key":"REST"},{"floor":30.0,"key":"REST"},{"data":"Fasting2","floor":32.0,"key":"SMITH"},{"data":"Study","floor":40.0,"key":"SMITH"}],"circlet_count":0,"master_deck":["Strike_P+1","Strike_P+1","Strike_P+1","Strike_P+1","Defend_P+1","Defend_P","Defend_P+1","Eruption+1","Vigilance+1","WindmillStrike+1","Protect+1","MentalFortress+1","Crescendo+1","LessonLearned+1","ClearTheMind+1","SashWhip+1","TalkToTheHand+1","EmptyFist","DevaForm+1","EmptyBody+1","Fasting2+1","FearNoEvil","Protect","Evaluate+1","FlurryOfBlows","CrushJoints+1","FlurryOfBlows+1","Study+1","FlurryOfBlows+1","BattleHymn+1"],"relics":["PureWater","NeowsBlessing","Whetstone","Bronze Scales","Tiny Chest","Sozu","Bag of Marbles","Prayer Wheel","Letter Opener","GremlinMask","InkBottle","Coffee Dripper","Yang","Du-Vu Doll","Blood Vial"],"acts_visited":["Exordium","TheCity","TheBeyond"],"potions_floor_usage":[],"damage_taken":[{"damage":0.0,"enemies":"Small Slimes","floor":1.0,"turns":1.0},{"damage":0.0,"enemies":"Cultist","floor":3.0,"turns":1.0},{"damage":0.0,"enemies":"Jaw Worm","floor":4.0,"turns":1.0},{"damage":2.0,"enemies":"3 Louse","floor":7.0,"turns":4.0},{"damage":8.0,"enemies":"3 Sentries","floor":10.0,"turns":10.0},{"damage":10.0,"enemies":"Looter","floor":11.0,"turns":2.0},{"damage":0.0,"enemies":"Large Slime","floor":12.0,"turns":5.0},{"damage":3.0,"enemies":"Gremlin Nob","floor":14.0,"turns":3.0},{"damage":16.0,"enemies":"Slime Boss","floor":16.0,"turns":8.0},{"damage":4.0,"enemies":"Shell Parasite","floor":18.0,"turns":4.0},{"damage":0.0,"enemies":"3 Byrds","floor":20.0,"turns":3.0},{"damage":7.0,"enemies":"3 Cultists","floor":21.0,"turns":6.0},{"damage":44.0,"enemies":"Chosen and Byrds","floor":22.0,"turns":10.0},{"damage":6.0,"enemies":"Gremlin Leader","floor":23.0,"turns":9.0},{"damage":3.0,"enemies":"Centurion and Healer","floor":25.0,"turns":6.0},{"damage":6.0,"enemies":"Cultist and Chosen","floor":27.0,"turns":9.0},{"damage":14.0,"enemies":"Slavers","floor":28.0,"turns":7.0},{"damage":0.0,"enemies":"Gremlin Leader","floor":31.0,"turns":7.0},{"damage":3.0,"enemies":"Collector","floor":33.0,"turns":9.0},{"damage":2.0,"enemies":"3 Shapes","floor":35.0,"turns":4.0},{"damage":0.0,"enemies":"3 Darklings","floor":36.0,"turns":4.0},{"damage":11.0,"enemies":"Maw","floor":37.0,"turns":6.0},{"damage":34.0,"enemies":"2 Orb Walkers","floor":39.0,"turns":4.0},{"damage":9.0,"enemies":"Giant Head","floor":41.0,"turns":4.0}],"seed_played":"-5611943825437873977","potions_obtained":[{"floor":1.0,"key":"Energy Potion"},{"floor":3.0,"key":"AttackPotion"},{"floor":4.0,"key":"StancePotion"},{"floor":16.0,"key":"SkillPotion"}],"is_trial":false,"path_per_floor":["M","?","M","M","?","R","M","?","T","E","M","M","R","E","R","B",null,"M","?","M","M","M","E","R","M","T","M","E","?","R","E","R","B",null,"M","M","M","T","?","R","E","M"],"character_chosen":"WATCHER","items_purchased":[],"campfire_rested":2,"item_purchase_floors":[],"current_hp_per_floor":[72,72,72,72,58,58,56,56,56,48,38,38,38,35,35,19,72,68,68,68,61,17,11,32,29,29,23,9,9,30,30,30,27,72,70,70,59,59,25,25,16,0,0],"gold":790,"neow_bonus":"THREE_ENEMY_KILL","is_daily":false,"chose_seed":false,"campfire_upgraded":5,"win_rate":0.0,"timestamp":1611800325,"path_taken":["M","?","M","?","?","R","M","?","T","E","M","M","R","E","R","BOSS","M","?","M","M","M","E","R","M","T","M","E","?","R","E","R","BOSS","M","M","?","?","?","R","E","M"],"items_purchased_type":[],"build_version":"2020-12-22","purchased_purges":0,"victory":false,"max_hp_per_floor":[72,72,72,72,72,72,72,72,72,72,72,72,72,72,72,72,72,72,72,72,72,72,72,72,72,72,72,72,72,72,72,72,72,72,72,72,72,72,72,72,72,72,72],"card_choices":[{"not_picked":["ForeignInfluence","EmptyFist"],"picked":"WindmillStrike","floor":1.0},{"not_picked":["FlyingSleeves","DeceiveReality"],"picked":"Protect","floor":3.0},{"not_picked":["Protect","CutThroughFate"],"picked":"MentalFortress","floor":4.0},{"not_picked":["Prostrate","CrushJoints"],"picked":"Crescendo","floor":7.0},{"not_picked":["FollowUp","Wish"],"picked":"ClearTheMind","floor":10.0},{"not_picked":["JustLucky","Crescendo"],"picked":"SashWhip","floor":11.0},{"not_picked":["FlyingSleeves","CutThroughFate"],"picked":"TalkToTheHand","floor":12.0},{"not_picked":["InnerPeace","Pray"],"picked":"EmptyFist","floor":14.0},{"not_picked":["Judgement","Wish"],"picked":"DevaForm","floor":16.0},{"not_picked":["PathToVictory+1","Consecrate"],"picked":"EmptyBody","floor":18.0},{"not_picked":["ForeignInfluence","WaveOfTheHand","EmptyBody"],"picked":"SKIP","floor":20.0},{"not_picked":["EmptyFist","EmptyBody","SashWhip"],"picked":"SKIP","floor":21.0},{"not_picked":["SandsOfTime+1","SashWhip","BowlingBash"],"picked":"SKIP","floor":22.0},{"not_picked":["EmptyBody","SignatureMove+1"],"picked":"Fasting2","floor":23.0},{"not_picked":["Crescendo","SashWhip"],"picked":"FearNoEvil","floor":25.0},{"not_picked":["PathToVictory+1","CrushJoints+1","Weave"],"picked":"SKIP","floor":25.0},{"not_picked":["Worship","ReachHeaven"],"picked":"Protect","floor":27.0},{"not_picked":["Brilliance","CutThroughFate"],"picked":"Evaluate","floor":27.0},{"not_picked":["Nirvana","ClearTheMind","Protect"],"picked":"SKIP","floor":28.0},{"not_picked":["Pray","CutThroughFate","Sanctity"],"picked":"SKIP","floor":31.0},{"not_picked":["BowlingBash+1","Protect+1"],"picked":"FlurryOfBlows","floor":35.0},{"not_picked":["SashWhip","FollowUp+1"],"picked":"CrushJoints+1","floor":35.0},{"not_picked":["WaveOfTheHand","FlyingSleeves"],"picked":"FlurryOfBlows","floor":36.0},{"not_picked":["PathToVictory+1","Halt"],"picked":"Study","floor":36.0},{"not_picked":["FearNoEvil","Conclude"],"picked":"FlurryOfBlows+1","floor":37.0},{"not_picked":["EmptyBody","Study+1","Evaluate"],"picked":"SKIP","floor":37.0},{"not_picked":["WaveOfTheHand","Consecrate"],"picked":"BattleHymn","floor":41.0}],"player_experience":421089,"relics_obtained":[{"floor":9.0,"key":"Whetstone"},{"floor":10.0,"key":"Bronze Scales"},{"floor":14.0,"key":"Tiny Chest"},{"floor":23.0,"key":"Prayer Wheel"},{"floor":28.0,"key":"Letter Opener"},{"floor":31.0,"key":"InkBottle"},{"floor":38.0,"key":"Yang"},{"floor":39.0,"key":"Du-Vu Doll"},{"floor":41.0,"key":"Blood Vial"}],"event_choices":[{"damage_healed":0.0,"max_hp_gain":0.0,"max_hp_loss":0.0,"gold_gain":100.0,"event_name":"Golden Shrine","player_choice":"Pray","floor":2.0,"gold_loss":0.0,"damage_taken":0.0},{"damage_healed":0.0,"max_hp_gain":0.0,"max_hp_loss":0.0,"gold_gain":0.0,"event_name":"Shining Light","player_choice":"Entered Light","floor":5.0,"gold_loss":0.0,"damage_taken":14.0,"cards_upgraded":["Strike_P","MentalFortress"]},{"damage_healed":0.0,"max_hp_gain":0.0,"max_hp_loss":0.0,"gold_gain":0.0,"cards_transformed":["Defend_P"],"event_name":"Living Wall","player_choice":"Change","floor":8.0,"gold_loss":0.0,"damage_taken":0.0,"cards_obtained":["LessonLearned"]},{"damage_healed":0.0,"max_hp_gain":0.0,"max_hp_loss":0.0,"gold_gain":0.0,"event_name":"Addict","player_choice":"Obtained Relic","floor":19.0,"gold_loss":85.0,"damage_taken":0.0,"relics_obtained":["Bag of Marbles"]},{"damage_healed":0.0,"max_hp_gain":0.0,"max_hp_loss":0.0,"gold_gain":0.0,"event_name":"FaceTrader","player_choice":"Trade","floor":29.0,"gold_loss":0.0,"damage_taken":0.0,"relics_obtained":["GremlinMask"]},{"damage_healed":0.0,"max_hp_gain":0.0,"max_hp_loss":0.0,"gold_gain":0.0,"event_name":"Mysterious Sphere","player_choice":"Fight","floor":39.0,"gold_loss":0.0,"damage_taken":0.0}],"is_beta":false,"boss_relics":[{"not_picked":["Empty Cage","Philosopher\u0027s Stone"],"picked":"Sozu"},{"not_picked":["Snecko Eye","Astrolabe"],"picked":"Coffee Dripper"}],"items_purged_floors":[],"is_endless":false,"potions_floor_spawned":[1,3,4,16,22,25,27,33,37,41],"killed_by":"Sphere and 2 Shapes","ascension_level":0}}