{"host":"eeb412nj2w7f9cz8","time":1611834395,"event":{"mods":["100% Spire Juice","Act Like it!","BaseMod","Minty Spire (QoL Compilation)","Ryuuou¡˙Õı","StSLib"],"gold_per_floor":[114,134,28,63,83,83,83,83,14,44,76,88,131,155,47,156,168,197,308,120,120,137,137,162,189,489,76,76,92,92,110,110,209,209,222,233,35,35,35,35],"floor_reached":39,"language":"ZHS","playtime":2496,"items_purged":["Moonworks:Strike"],"score":426,"play_id":"52a4bb41-f5ca-46d3-beb7-f692150635a6","local_time":"20210128194635","is_ascension_mode":false,"campfire_choices":[{"data":"Moonworks:Ambush","floor":6,"key":"SMITH"},{"data":"Moonworks:CloudOfSeagulls","floor":8,"key":"SMITH"},{"floor":15,"key":"REST"},{"data":"Moonworks:JonathanRush","floor":23,"key":"SMITH"},{"data":"Moonworks:CloudOfSeagulls","floor":28,"key":"SMITH"},{"data":"Moonworks:EvilSpyWorkPreparation","floor":32,"key":"SMITH"}],"circlet_count":0,"master_deck":["Moonworks:Strike+1","Moonworks:Strike+1","Moonworks:Defend","Moonworks:Defend","Moonworks:Defend","Moonworks:Defend","Moonworks:Ambush+1","Moonworks:LongDistanceShot","Moonworks:CloudOfSeagulls+1","Moonworks:NicePresent","Moonworks:MiracleRedBeanIceCream","Moonworks:SakisCookie","Moonworks:MetallicMonocoque+1","Moonworks:EvilSpyWorkPreparation","Moonworks:AnotherUltimateWeapon","Moonworks:BigBangBell+1","Moonworks:JonathanRush+1","Moonworks:EvilSpyWorkPreparation+1","Moonworks:StarBlastingFuse","Moonworks:NicePresent+1","Moonworks:CloudOfSeagulls+1","Moonworks:BackdoorTrade+1","Moonworks:Accelerator","Moonworks:LuckyCharm+1","Moonworks:JonathanRush","Moonworks:SubspaceTunnel","Moonworks:JonathanRush+1","Moonworks:SubspaceTunnel","Secret Weapon","The Bomb","Flash of Steel"],"relics":["Moonworks:BrokenBomb","Moonworks:Homemark","Potion Belt","MawBank","Letter Opener","Empty Cage","Bronze Scales","Ancient Tea Set","Red Mask","Old Coin","TungstenRod","Snecko Eye","Orrery"],"acts_visited":["Exordium","TheCity","TheBeyond"],"potions_floor_usage":[2,10,18,24,33,33],"damage_taken":[{"damage":1,"enemies":"Cultist","floor":1,"turns":4},{"damage":11,"enemies":"Small Slimes","floor":2,"turns":4},{"damage":4,"enemies":"2 Louse","floor":3,"turns":3},{"damage":6,"enemies":"2 Fungi Beasts","floor":5,"turns":2},{"damage":3,"enemies":"Exordium Thugs","floor":10,"turns":3},{"damage":7,"enemies":"Looter","floor":11,"turns":2},{"damage":25,"enemies":"Gremlin Nob","floor":13,"turns":4},{"damage":1,"enemies":"3 Louse","floor":14,"turns":1},{"damage":16,"enemies":"Slime Boss","floor":16,"turns":8},{"damage":2,"enemies":"2 Thieves","floor":18,"turns":4},{"damage":0,"enemies":"3 Byrds","floor":22,"turns":2},{"damage":19,"enemies":"Slavers","floor":24,"turns":3},{"damage":10,"enemies":"Masked Bandits","floor":25,"turns":3},{"damage":6,"enemies":"Snake Plant","floor":29,"turns":2},{"damage":0,"enemies":"Centurion and Healer","floor":31,"turns":2},{"damage":49,"enemies":"Collector","floor":33,"turns":6},{"damage":18,"enemies":"3 Shapes","floor":35,"turns":3},{"damage":9,"enemies":"Orb Walker","floor":36,"turns":3},{"damage":17,"enemies":"Writhing Mass","floor":39,"turns":3}],"seed_played":"-5203431163004779438","potions_obtained":[{"floor":2,"key":"EntropicBrew"},{"floor":5,"key":"ColorlessPotion"},{"floor":11,"key":"Strength Potion"},{"floor":16,"key":"Fire Potion"},{"floor":18,"key":"Regen Potion"},{"floor":22,"key":"SkillPotion"},{"floor":25,"key":"FearPotion"},{"floor":29,"key":"BlessingOfTheForge"},{"floor":35,"key":"GamblersBrew"}],"is_trial":false,"path_per_floor":["M","M","M","?","M","R","?","R","T","M","M","?","E","M","R","B",null,"M","?","$","?","M","R","E","?","T","$","R","M","?","M","R","B",null,"M","M","$","?","M"],"character_chosen":"THE_STARBREAKER","items_purchased":["Moonworks:JonathanRush","Bronze Scales","Moonworks:CloudOfSeagulls","TungstenRod","Moonworks:JonathanRush","Orrery"],"campfire_rested":1,"item_purchase_floors":[20,20,27,27,37,37],"current_hp_per_floor":[65,54,50,50,44,44,44,44,44,46,46,33,13,17,36,27,66,66,66,66,66,66,66,52,47,47,47,47,41,41,48,48,18,66,53,49,49,40,28,28],"gold":35,"neow_bonus":"TEN_PERCENT_HP_BONUS","is_daily":false,"chose_seed":false,"campfire_upgraded":5,"win_rate":0.0,"timestamp":1611834395,"path_taken":["M","M","?","?","?","R","?","R","T","?","?","?","E","M","R","BOSS","M","?","$","?","?","R","E","?","T","$","R","M","?","M","R","BOSS","M","M","$","?","M"],"items_purchased_type":["Card","Relic","Card","Relic","Card","Relic"],"build_version":"2020-12-22","purchased_purges":1,"victory":false,"max_hp_per_floor":[66,66,66,66,66,66,66,66,66,66,66,66,66,66,66,66,66,66,66,66,66,66,66,66,66,66,66,66,66,66,66,66,66,66,66,66,66,66,66,66],"card_choices":[{"not_picked":["Moonworks:BigMagnum","Moonworks:BeyondHell"],"picked":"Moonworks:CloudOfSeagulls","floor":1},{"not_picked":["Moonworks:SealedMemories","Moonworks:DeployBits","Moonworks:Assault"],"picked":"SKIP","floor":2},{"not_picked":["Moonworks:SakisCookie","Moonworks:NicePresent","Moonworks:Assault"],"picked":"SKIP","floor":3},{"not_picked":["Moonworks:SakisCookie","Moonworks:Assault"],"picked":"Moonworks:NicePresent","floor":3},{"not_picked":["Moonworks:Poppoformation","Moonworks:LulusLuckyEgg"],"picked":"Moonworks:MiracleRedBeanIceCream","floor":5},{"not_picked":["Moonworks:Poppoformation","Moonworks:LulusLuckyEgg"],"picked":"Moonworks:SakisCookie","floor":10},{"not_picked":["Moonworks:HolyNight","Moonworks:SweetBattle","Moonworks:CastOff"],"picked":"SKIP","floor":11},{"not_picked":["Moonworks:FinalSurgery","Moonworks:ImmovableObject"],"picked":"Moonworks:MetallicMonocoque","floor":13},{"not_picked":["Moonworks:UnpaidWork","Moonworks:DeployBits"],"picked":"Moonworks:EvilSpyWorkPreparation","floor":14},{"not_picked":["Moonworks:MeltingMemories","Moonworks:EvilMastermind"],"picked":"Moonworks:AnotherUltimateWeapon","floor":16},{"not_picked":["Moonworks:NicePresent","Moonworks:LulusLuckyEgg"],"picked":"Moonworks:BigBangBell+1","floor":18},{"not_picked":["Moonworks:LulusLuckyEgg","Moonworks:ForcedRevival"],"picked":"Moonworks:EvilSpyWorkPreparation","floor":22},{"not_picked":["Moonworks:EvilSpyWorkPreparation","Moonworks:ImOnFire"],"picked":"Moonworks:StarBlastingFuse","floor":24},{"not_picked":["Moonworks:BeyondHell","Moonworks:IndiscriminateFireSupport"],"picked":"Moonworks:NicePresent+1","floor":25},{"not_picked":["Moonworks:ImOnFire","Moonworks:StiffCrystal","Moonworks:Heat300Percent"],"picked":"SKIP","floor":29},{"not_picked":["Moonworks:ForcedRevival","Moonworks:EvilSpyWorkPreparation"],"picked":"Moonworks:BackdoorTrade+1","floor":31},{"not_picked":["Moonworks:PlushieMaster","Moonworks:LeapThroughSpace"],"picked":"Moonworks:Accelerator","floor":33},{"not_picked":["Moonworks:DeployBits+1","Moonworks:BigBangBell+1","Moonworks:BigMagnum"],"picked":"SKIP","floor":35},{"not_picked":["Moonworks:BackdoorTrade","Moonworks:Assault+1"],"picked":"Moonworks:LuckyCharm+1","floor":36},{"not_picked":["Moonworks:ImOnFire+1","Moonworks:LulusLuckyEgg+1"],"picked":"Moonworks:SubspaceTunnel","floor":37},{"not_picked":["Moonworks:NicePresent","Moonworks:ImOnFire"],"picked":"Moonworks:JonathanRush+1","floor":37},{"not_picked":["Moonworks:Assault+1","Moonworks:BigMagnum+1"],"picked":"Moonworks:SubspaceTunnel","floor":37},{"not_picked":["PanicButton","Purity"],"picked":"Secret Weapon","floor":38},{"not_picked":["Madness","Dark Shackles"],"picked":"The Bomb","floor":38},{"not_picked":["Impatience","Violence"],"picked":"Flash of Steel","floor":38}],"player_experience":86494,"relics_obtained":[{"floor":9,"key":"MawBank"},{"floor":13,"key":"Letter Opener"},{"floor":24,"key":"Ancient Tea Set"},{"floor":25,"key":"Red Mask"},{"floor":26,"key":"Old Coin"}],"event_choices":[{"damage_healed":0,"gold_gain":275,"player_choice":"Desecrate","damage_taken":0,"max_hp_gain":0,"max_hp_loss":0,"event_name":"Golden Shrine","floor":4,"gold_loss":0,"cards_obtained":["Regret"]},{"damage_healed":0,"gold_gain":0,"player_choice":"Gave Potion","damage_taken":0,"relics_obtained":["Potion Belt"],"max_hp_gain":0,"max_hp_loss":0,"event_name":"WeMeetAgain","floor":7,"gold_loss":0},{"damage_healed":0,"gold_gain":0,"player_choice":"Entered Light","damage_taken":13,"max_hp_gain":0,"max_hp_loss":0,"event_name":"Shining Light","floor":12,"gold_loss":0,"cards_upgraded":["Moonworks:Strike","Moonworks:Strike"]},{"damage_healed":0,"gold_gain":99,"player_choice":"Stole From Cult","damage_taken":0,"max_hp_gain":0,"max_hp_loss":0,"event_name":"Nest","floor":19,"gold_loss":0},{"damage_healed":0,"gold_gain":0,"player_choice":"Upgraded","damage_taken":0,"max_hp_gain":0,"max_hp_loss":0,"event_name":"Upgrade Shrine","floor":21,"gold_loss":0,"cards_upgraded":["Moonworks:MetallicMonocoque"]},{"damage_healed":0,"gold_gain":0,"player_choice":"Fought Bandits","damage_taken":0,"max_hp_gain":0,"max_hp_loss":0,"event_name":"Masked Bandits","floor":25,"gold_loss":0},{"damage_healed":0,"gold_gain":0,"player_choice":"Ignored","damage_taken":0,"max_hp_gain":0,"max_hp_loss":0,"event_name":"N\u0027loth","floor":30,"gold_loss":0},{"damage_healed":0,"gold_gain":0,"player_choice":"Memory 3","damage_taken":10,"max_hp_gain":0,"max_hp_loss":0,"event_name":"SensoryStone","floor":38,"gold_loss":0}],"is_beta":false,"boss_relics":[{"not_picked":["SacredBark","Calling Bell"],"picked":"Empty Cage"},{"not_picked":["Busted Crown","Velvet Choker"],"picked":"Snecko Eye"}],"items_purged_floors":[27],"is_endless":false,"potions_floor_spawned":[2,5,11,16,18,22,25,29,35],"killed_by":"Writhing Mass","ascension_level":0}}