{"host":"rq7gz685gkaokql0","time":1611828610,"event":{"mods":["BaseMod","Hubris","Minty Spire (QoL Compilation)","Replay The Spire","StSLib"],"gold_per_floor":[109,109,119,131,55,55,72,98,98,98,110,142,162,176,176,247,247,263,263,263,281,293,293,623,623,623,623,492,492,520,533,533,605,605,625,670,681,681,402,435,435,451,499,522,522,295,312,329,329,329,329,329],"floor_reached":51,"language":"ENG","playtime":4173,"items_purged":[],"score":1454,"play_id":"e6dc2bea-f6bc-4b11-b686-db0876f6c9e6","local_time":"20210128001010","is_ascension_mode":true,"campfire_choices":[{"data":"ReplayTheSpireMod:Muscle Training","floor":10.0,"key":"SMITH"},{"floor":15.0,"key":"REST"},{"floor":23.0,"key":"REST"},{"floor":25.0,"key":"REST"},{"data":"Metallicize","floor":29.0,"key":"SMITH"},{"data":"Spot Weakness","floor":32.0,"key":"SMITH"},{"data":"Disarm","floor":41,"key":"SMITH"},{"data":"Double Tap","floor":45,"key":"SMITH"}],"circlet_count":0,"master_deck":["AscendersBane","Strike_R","Strike_R","Strike_R","Strike_R","Defend_R","Defend_R","Defend_R","Defend_R","Bash","Anger","Spot Weakness+1","Carnage","Double Tap+1","Run Through","ReplayTheSpireMod:Muscle Training+1","Run Through","Flame Barrier","Flame Barrier","ReplayTheSpireMod:Limb From Limb","Fiend Fire","Heavy Blade","RitualDagger","Sentinel","Perfected Strike+1","Armaments+1","Power Through+1","Metallicize+1","Replay:Undeath\u0027s Touch","Infernal Blade+1","Limit Break","Power Through+1","hubris:ReadiedAction","Disarm+1","Feed","Flex+1","hubris:Wrath","ReplayTheSpireMod:Muscle Training","Metallicize","Replay:Sssssssssshield+1","Wild Strike+1","Ghostly Armor","Cleave"],"relics":["Burning Blood","NeowsBlessing","King of Hearts","Tiny Chest","Pantograph","Iron Hammer","Snecko Heart","Old Coin","Gambling Chip","Meat on the Bone","Strawberry","Honey Jar","Replay:Kaleidoscope","Letter Opener","Onion Ring","Dream Catcher","Akabeko","ReplayTheSpireMod:CursedCoin","Replay:Mystery Machine"],"acts_visited":["Exordium","TheCity","TheBeyond"],"potions_floor_usage":[50,50],"damage_taken":[{"damage":0.0,"enemies":"2 Louse","floor":1.0,"turns":1.0},{"damage":0.0,"enemies":"Cultist","floor":3.0,"turns":1.0},{"damage":0.0,"enemies":"Small Slimes","floor":4.0,"turns":1.0},{"damage":16.0,"enemies":"3 Louse","floor":7.0,"turns":4.0},{"damage":20.0,"enemies":"3 Sentries","floor":8.0,"turns":6.0},{"damage":10.0,"enemies":"Red Slaver","floor":11.0,"turns":3.0},{"damage":41.0,"enemies":"Gremlin Nob","floor":12.0,"turns":4.0},{"damage":0.0,"enemies":"2 Fungi Beasts","floor":13.0,"turns":3.0},{"damage":14.0,"enemies":"3 Louse","floor":14.0,"turns":4.0},{"damage":34.0,"enemies":"The Guardian","floor":16.0,"turns":10.0},{"damage":4.0,"enemies":"Shell Parasite","floor":18.0,"turns":3.0},{"damage":31.0,"enemies":"2 Thieves","floor":21.0,"turns":4.0},{"damage":37.0,"enemies":"Centurion and Healer","floor":22.0,"turns":5.0},{"damage":31.0,"enemies":"Gremlin Leader","floor":24.0,"turns":5.0},{"damage":10.0,"enemies":"Replay:Snechameleon","floor":30.0,"turns":9.0},{"damage":16.0,"enemies":"Shelled Parasite and Fungi","floor":31.0,"turns":4.0},{"damage":90.0,"enemies":"Collector","floor":33.0,"turns":14.0},{"damage":18.0,"enemies":"3 Shapes","floor":35.0,"turns":7.0},{"damage":40.0,"enemies":"2 Orb Walkers","floor":36.0,"turns":5.0},{"damage":13.0,"enemies":"3 Darklings","floor":37.0,"turns":7.0},{"damage":8,"enemies":"Nemesis","floor":40,"turns":9},{"damage":0,"enemies":"Transient","floor":42,"turns":6},{"damage":34,"enemies":"Maw","floor":47,"turns":7},{"damage":1,"enemies":"Sphere and 2 Shapes","floor":48,"turns":3},{"damage":72,"enemies":"Awakened One","floor":50,"turns":10},{"damage":80,"enemies":"Donu and Deca","floor":51,"turns":6}],"seed_played":"229557953857533663","potions_obtained":[{"floor":1.0,"key":"Fruit Juice"},{"floor":8.0,"key":"ElixirPotion"},{"floor":13.0,"key":"EntropicBrew"},{"floor":16.0,"key":"Strength Potion"},{"floor":21.0,"key":"Fruit Juice"},{"floor":31.0,"key":"Block Potion"},{"floor":36.0,"key":"Reflective Coating"},{"floor":47,"key":"BlessingOfTheForge"}],"is_trial":false,"path_per_floor":["M","?","M","M","$","T","M","E","T","R","M","E","M","M","R","B",null,"M","?","?","M","M","R","E","R","T","T","$","R","E","M","R","B",null,"M","?","M","?","$","E","R","M","T","T","R","$","M","M","R","B","B"],"character_chosen":"IRONCLAD","items_purchased":["Double Tap","BloodPotion","Metallicize","Letter Opener","ReplayTheSpireMod:CursedCoin","Replay:Mystery Machine","ReplayTheSpireMod:Muscle Training","Metallicize","Replay:Sssssssssshield"],"campfire_rested":3,"item_purchase_floors":[5,28,28,39,46,46,46,46,46],"current_hp_per_floor":[74,74,75,75,75,75,65,51,51,51,47,17,23,15,39,36,69,71,65,65,45,14,39,14,39,39,39,39,39,54,56,56,27,76,64,42,47,47,47,57,57,63,63,63,63,63,47,64,91,38,0,0],"gold":329,"neow_bonus":"THREE_ENEMY_KILL","is_daily":false,"chose_seed":false,"campfire_upgraded":5,"win_rate":0.0,"timestamp":1611828610,"path_taken":["M","?","M","?","$","?","M","E","T","R","M","E","M","M","R","BOSS","M","?","?","M","?","R","E","R","T","?","$","R","E","M","R","BOSS","M","?","M","?","?","E","R","M","T","?","R","$","M","?","R","BOSS","BOSS"],"items_purchased_type":["Card","Potion","Card","Relic","Relic","Relic","Card","Card","Card"],"build_version":"2020-12-22","purchased_purges":0,"victory":false,"max_hp_per_floor":[75,75,75,75,75,75,75,75,75,75,75,80,80,80,80,80,80,80,80,80,85,85,85,85,85,85,85,85,85,92,92,92,92,92,92,92,92,92,92,92,92,92,92,92,92,92,92,92,92,92,92,92],"card_choices":[{"not_picked":["Abandon","Dark Embrace"],"picked":"Anger","floor":1.0},{"not_picked":["Combust","Body Slam"],"picked":"Spot Weakness","floor":3.0},{"not_picked":["Sword Boomerang","Wild Strike"],"picked":"Carnage","floor":4.0},{"not_picked":["Pommel Strike","Heavy Blade"],"picked":"Run Through","floor":7.0},{"not_picked":["Sentinel","Body Slam"],"picked":"ReplayTheSpireMod:Muscle Training","floor":8.0},{"not_picked":["Sentinel","Dropkick"],"picked":"Run Through","floor":11.0},{"not_picked":["ReplayTheSpireMod:Strike From Hell","ReplayTheSpireMod:Limb From Limb"],"picked":"Flame Barrier","floor":12.0},{"not_picked":["Rage","ReplayTheSpireMod:Strike From Hell"],"picked":"Flame Barrier","floor":13.0},{"not_picked":["Clash","Blood for Blood"],"picked":"ReplayTheSpireMod:Limb From Limb","floor":14.0},{"not_picked":["Double Tap","Brutality"],"picked":"Fiend Fire","floor":16.0},{"not_picked":["Feel No Pain","Sword Boomerang"],"picked":"Heavy Blade","floor":18.0},{"not_picked":["Clothesline","Sentinel"],"picked":"Perfected Strike+1","floor":21.0},{"not_picked":["Bludgeon","Replay:Undeath\u0027s Touch"],"picked":"Armaments+1","floor":22.0},{"not_picked":["Sever Soul","Havoc"],"picked":"Power Through+1","floor":24.0},{"not_picked":["Shrug It Off","ReplayTheSpireMod:Corrosion Curse"],"picked":"Replay:Undeath\u0027s Touch","floor":30.0},{"not_picked":["Cleave","Havoc+1"],"picked":"Infernal Blade+1","floor":31.0},{"not_picked":["Berserk","Corruption"],"picked":"Limit Break","floor":33.0},{"not_picked":["Body Slam","Clash","Wild Strike"],"picked":"Power Through+1","floor":35.0},{"not_picked":["True Grit","Dropkick+1","ReplayTheSpireMod:Corrosion Curse"],"picked":"hubris:ReadiedAction","floor":36.0},{"not_picked":["ReplayTheSpireMod:Limb From Limb","hubris:ReadiedAction","Warcry"],"picked":"Disarm","floor":37.0},{"not_picked":["Iron Wave","Disarm","Feel No Pain"],"picked":"Feed","floor":40},{"not_picked":["Carnage+1","Shrug It Off","Armaments"],"picked":"Flex+1","floor":42},{"not_picked":["Burning Pact","ReplayTheSpireMod:Corrosion Curse","Pommel Strike"],"picked":"Wild Strike+1","floor":47},{"not_picked":["Hemokinesis","Spot Weakness","ReplayTheSpireMod:Strike From Hell"],"picked":"Ghostly Armor","floor":48},{"not_picked":["Replay:Undeath\u0027s Touch","Offering","Flex"],"picked":"Cleave","floor":49}],"player_experience":1213094,"relics_obtained":[{"floor":6.0,"key":"King of Hearts"},{"floor":8.0,"key":"Tiny Chest"},{"floor":9.0,"key":"Pantograph"},{"floor":12.0,"key":"Iron Hammer"},{"floor":24.0,"key":"Old Coin"},{"floor":26.0,"key":"Gambling Chip"},{"floor":27.0,"key":"Meat on the Bone"},{"floor":30.0,"key":"Strawberry"},{"floor":36.0,"key":"Replay:Kaleidoscope"},{"floor":40,"key":"Onion Ring"},{"floor":43,"key":"Dream Catcher"},{"floor":44,"key":"Akabeko"}],"event_choices":[{"cards_removed":["Strike_R"],"damage_healed":0.0,"max_hp_gain":0.0,"max_hp_loss":0.0,"gold_gain":0.0,"event_name":"Bonfire Elementals","player_choice":"Offered Basic","floor":2.0,"gold_loss":0.0,"damage_taken":0.0},{"damage_healed":0.0,"max_hp_gain":0.0,"max_hp_loss":0.0,"gold_gain":0.0,"event_name":"Nest","player_choice":"Joined the Cult","floor":19.0,"gold_loss":0.0,"damage_taken":6.0,"cards_obtained":["RitualDagger"]},{"damage_healed":0.0,"max_hp_gain":0.0,"max_hp_loss":0.0,"gold_gain":0.0,"event_name":"Match and Keep!","player_choice":"1 cards matched","floor":20.0,"gold_loss":0.0,"damage_taken":0.0,"cards_obtained":["Sentinel"]},{"damage_healed":0.0,"max_hp_gain":0.0,"max_hp_loss":0.0,"gold_gain":0.0,"event_name":"Mysterious Sphere","player_choice":"Fight","floor":36.0,"gold_loss":0.0,"damage_taken":0.0},{"damage_healed":0.0,"max_hp_gain":0.0,"max_hp_loss":0.0,"gold_gain":0.0,"event_name":"Tomb of Lord Red Mask","player_choice":"Ignored","floor":38.0,"gold_loss":0.0,"damage_taken":0.0}],"is_beta":false,"boss_relics":[{"not_picked":["ReplayTheSpireMod:DimensionalGlitch","Sozu"],"picked":"Snecko Heart"},{"not_picked":["hubris:CrackedHourglass","ChewingGum"],"picked":"Honey Jar"}],"items_purged_floors":[],"is_endless":false,"potions_floor_spawned":[1,8,13,16,21,31,36,47],"killed_by":"Donu and Deca","ascension_level":20}}