{"host":"h5golg54dem4i27y","time":1611826216,"event":{"mods":["BaseMod","Colored Map","Colored Powertips","Minty Spire (QoL Compilation)","Replay The Spire","StSLib","SuperFastMode","The Hierophant"],"gold_per_floor":[11,11,11,11,23,23,57,69,81,93,105,135,157,25,25,128,128,142,15,15,26,26,41,41,61,88,88,28,28,28,48,48,108,108,91,16,35,53,55,55,5,5],"floor_reached":41,"language":"KOR","playtime":1680,"items_purged":["hierophant:Strike_Hierophant","hierophant:Strike_Hierophant"],"score":392,"play_id":"4a886855-d248-4455-9095-4248aa995e96","local_time":"20210128183016","is_ascension_mode":true,"campfire_choices":[{"data":"hierophant:ChurchCoffers","floor":6.0,"key":"SMITH"},{"floor":8.0,"key":"REST"},{"floor":10.0,"key":"REST"},{"floor":24.0,"key":"REST"},{"floor":27.0,"key":"REST"},{"floor":40,"key":"REST"}],"circlet_count":0,"master_deck":["hierophant:Strike_Hierophant","hierophant:Defend_Hierophant","hierophant:Defend_Hierophant","hierophant:Defend_Hierophant","hierophant:ChurchCoffers+1","hierophant:Sermon+1","hierophant:Chorus","hierophant:SolarFlare","AbeCurse","hierophant:Kindle","hierophant:FlamingChariot+1","hierophant:FaithHealing+1","Parasite"],"relics":["hierophant:PropheticMaskRelic","MawBank","Replay:WaspNest","Bronze Scales","Black Star","Quantum Egg","Mirror","Pear","Vajra","Replay:Mystery Machine","SacredBark","ReplayTheSpireMod:CursedCoin"],"acts_visited":["Exordium","TheCity","TheBeyond"],"potions_floor_usage":[38,38,41],"damage_taken":[{"damage":3.0,"enemies":"2 Louse","floor":1.0,"turns":3.0},{"damage":3.0,"enemies":"Small Slimes","floor":5.0,"turns":6.0},{"damage":60.0,"enemies":"Lagavulin","floor":7.0,"turns":8.0},{"damage":6.0,"enemies":"Cultist","floor":12.0,"turns":4.0},{"damage":8.0,"enemies":"Blue Slaver","floor":13.0,"turns":3.0},{"damage":31.0,"enemies":"The Guardian","floor":16.0,"turns":18.0},{"damage":10.0,"enemies":"3 Byrds","floor":18.0,"turns":4.0},{"damage":12.0,"enemies":"Shell Parasite","floor":21.0,"turns":9.0},{"damage":27.0,"enemies":"Gremlin Leader","floor":23.0,"turns":3.0},{"damage":39.0,"enemies":"Slavers","floor":25.0,"turns":5.0},{"damage":20.0,"enemies":"Snake Plant","floor":29.0,"turns":4.0},{"damage":16.0,"enemies":"Shelled Parasite and Fungi","floor":31.0,"turns":9.0},{"damage":69.0,"enemies":"Pondfish","floor":33.0,"turns":12.0},{"damage":44.0,"enemies":"3 Darklings","floor":35.0,"turns":6.0},{"damage":0.0,"enemies":"Orb Walker","floor":37.0,"turns":1.0},{"damage":19,"enemies":"Jaw Worm Horde","floor":38,"turns":4},{"damage":54,"enemies":"Transient","floor":41,"turns":5}],"seed_played":"7025066498280469795","potions_obtained":[{"floor":5.0,"key":"SpeedPotion"},{"floor":7.0,"key":"Adrenaline Potion"},{"floor":15.0,"key":"LifebloodPotion"},{"floor":15.0,"key":"SkillPotion"},{"floor":16.0,"key":"Regen Potion"},{"floor":18.0,"key":"Cursed Concoction"},{"floor":21.0,"key":"AttackPotion"},{"floor":23.0,"key":"Fire Potion"},{"floor":31.0,"key":"DistilledChaos"},{"floor":33.0,"key":"GamblersBrew"},{"floor":35.0,"key":"Fire Potion"},{"floor":37.0,"key":"Swift Potion"}],"is_trial":false,"path_per_floor":["M","?","$","?","M","R","E","R","T","R","?","M","M","$","R_BF","B",null,"M","$","?","M","?","E","R","E","T","R","?","M","?","M","R_BF","B",null,"M","$","M","M","$","R","M"],"character_chosen":"HIEROPHANT","items_purchased":["Bronze Scales","hierophant:SolarFlare","Explosive Potion","ReplayTheSpireMod:CursedCoin","Block Potion"],"campfire_rested":5,"item_purchase_floors":[14,19,19,39,39],"current_hp_per_floor":[72,72,72,72,69,69,9,31,31,53,58,52,44,44,44,13,75,65,65,65,65,65,38,60,31,31,56,56,36,85,69,85,16,85,41,41,41,22,22,47,0,0],"gold":5,"neow_bonus":"REMOVE_TWO","is_daily":false,"chose_seed":false,"campfire_upgraded":1,"win_rate":0.0,"timestamp":1611826216,"path_taken":["M","?","$","?","M","R","E","R","T","R","?","M","?","$","R_BF","BOSS","M","$","?","M","?","E","R","E","T","R","?","?","?","M","R_BF","BOSS","M","$","M","M","$","R","M"],"items_purchased_type":["Relic","Card","Potion","Relic","Potion"],"build_version":"2020-12-22","purchased_purges":2,"victory":false,"max_hp_per_floor":[75,75,75,75,75,75,75,75,75,75,75,75,75,75,75,75,75,75,75,75,75,75,75,75,85,85,85,85,85,85,85,85,85,85,85,85,85,85,85,85,85,85],"card_choices":[{"not_picked":["hierophant:HolyVerse","hierophant:Repentance"],"picked":"hierophant:Sermon","floor":1.0},{"not_picked":["hierophant:Flagellation","hierophant:Racketeering"],"picked":"hierophant:Sermon","floor":5.0},{"not_picked":["hierophant:Encroach","hierophant:DivineIntervention","hierophant:Racketeering"],"picked":"SKIP","floor":7.0},{"not_picked":["hierophant:Zeal","hierophant:OrnateBuckler","hierophant:Remorse"],"picked":"SKIP","floor":12.0},{"not_picked":["hierophant:Blessing","hierophant:OrnateJavelin"],"picked":"hierophant:Chorus","floor":13.0},{"not_picked":["hierophant:Remorse","hierophant:Flagellation","hierophant:Encroach"],"picked":"SKIP","floor":18.0},{"not_picked":["hierophant:ThreeLashes","hierophant:SecretStash","hierophant:OrnateBuckler"],"picked":"SKIP","floor":21.0},{"not_picked":["hierophant:OrnateBuckler","hierophant:Repentance+1","hierophant:Prophecy"],"picked":"SKIP","floor":23.0},{"not_picked":["hierophant:HammerAndAnvil","hierophant:Sermon","hierophant:Remorse+1"],"picked":"SKIP","floor":25.0},{"not_picked":["hierophant:EyeForCoin","hierophant:ThreeLashes","hierophant:Purify"],"picked":"SKIP","floor":29.0},{"not_picked":["hierophant:SealAway","hierophant:RustyCrate","hierophant:FieryStrike"],"picked":"SKIP","floor":31.0},{"not_picked":["hierophant:Levitation","hierophant:WrathOfGod"],"picked":"hierophant:Kindle","floor":33.0},{"not_picked":["hierophant:Smite+1","hierophant:HammerAndAnvil"],"picked":"hierophant:FlamingChariot+1","floor":35.0},{"not_picked":["hierophant:Shelter+1","hierophant:Community","hierophant:Doomsaying"],"picked":"SKIP","floor":37.0},{"not_picked":["hierophant:RepressedViolence","hierophant:HolyVerse"],"picked":"hierophant:FaithHealing+1","floor":38}],"player_experience":646113,"relics_obtained":[{"floor":7.0,"key":"MawBank"},{"floor":9.0,"key":"Replay:WaspNest"},{"floor":23.0,"key":"Quantum Egg"},{"floor":23.0,"key":"Mirror"},{"floor":25.0,"key":"Pear"},{"floor":25.0,"key":"Vajra"},{"floor":26.0,"key":"Replay:Mystery Machine"}],"event_choices":[{"damage_healed":0.0,"max_hp_gain":0.0,"max_hp_loss":0.0,"gold_gain":0.0,"event_name":"Liars Game","player_choice":"Ignored","floor":2.0,"gold_loss":0.0,"damage_taken":0.0},{"cards_removed":["hierophant:Defend_Hierophant"],"damage_healed":0.0,"max_hp_gain":0.0,"max_hp_loss":0.0,"gold_gain":0.0,"event_name":"Living Wall","player_choice":"Forget","floor":4.0,"gold_loss":0.0,"damage_taken":0.0},{"cards_removed":["hierophant:Sermon"],"damage_healed":5.0,"max_hp_gain":0.0,"max_hp_loss":0.0,"gold_gain":0.0,"event_name":"Bonfire Elementals","player_choice":"Offered Common","floor":11.0,"gold_loss":0.0,"damage_taken":0.0},{"cards_removed":["hierophant:Sermon"],"damage_healed":5.0,"max_hp_gain":0.0,"max_hp_loss":0.0,"gold_gain":0.0,"event_name":"Bonfire Elementals","player_choice":"Offered Special","floor":11.0,"gold_loss":0.0,"damage_taken":0.0},{"damage_healed":0.0,"max_hp_gain":0.0,"max_hp_loss":0.0,"gold_gain":0.0,"event_name":"Vampires","player_choice":"Ignored","floor":20.0,"gold_loss":0.0,"damage_taken":0.0},{"damage_healed":49.0,"max_hp_gain":0.0,"max_hp_loss":0.0,"gold_gain":0.0,"event_name":"Wheel of Change","player_choice":"Full Heal","floor":30.0,"gold_loss":0.0,"damage_taken":0.0}],"is_beta":false,"boss_relics":[{"not_picked":["SlaversCollar","Abe\u0027s Treasure"],"picked":"Black Star"},{"not_picked":["Cursed Key","Fusion Hammer"],"picked":"SacredBark"}],"items_purged_floors":[36,39],"is_endless":false,"potions_floor_spawned":[5,7,16,18,21,23,31,33,35,37],"killed_by":"Transient","ascension_level":4}}