{"host":"4u4xibnmtqpdl4qa","time":1611846480,"event":{"mods":["2.2 Compatiblity","AchievementEnabler","BaseMod","Colored Map","Colored Powertips","Curses Come First","DeckTracker","Highlight Path","Minty Spire (QoL Compilation)","Quick Restart","Rare Cards Sparkle","Relic Stats","Slay-I","StSLib","SuperFastMode","Waifu the Spire"],"gold_per_floor":[111,129,204,216,216,241,241,253,307,326,326,351,526,537,537,636,636,656,27,39,138,148,176,176,176,202,222,222,241,241,258,258,360,360,377,19,19,38,38,38,56,90,90,123,168,181,181,181,181,181],"floor_reached":51,"language":"ENG","playtime":4262,"items_purged":["Doubt","Unload"],"score":1034,"play_id":"f69f7aab-23b9-4ba4-a1cb-5d192688ea00","local_time":"20210128160800","is_ascension_mode":true,"campfire_choices":[{"floor":7.0,"key":"REST"},{"data":"Neutralize","floor":11.0,"key":"SMITH"},{"data":"Adrenaline","floor":15.0,"key":"SMITH"},{"floor":25.0,"key":"REST"},{"floor":30.0,"key":"REST"},{"data":"Catalyst","floor":32.0,"key":"SMITH"},{"data":"Footwork","floor":40.0,"key":"SMITH"},{"data":"1","floor":49,"key":"LIFT"}],"circlet_count":0,"master_deck":["Survivor+1","Neutralize+1","Outmaneuver+1","Reflex+1","Deadly Poison+1","Acrobatics+1","Terror+1","Dodge and Roll+1","Dash+1","Adrenaline+1","Wraith Form v2+1","Bouncing Flask+1","Noxious Fumes+1","Caltrops+1","Concentrate+1","Catalyst+1","Crippling Poison+1","Backflip+1","Leg Sweep+1","Phantasmal Killer+1","Doppelganger+1","Night Terror+1","Glass Knife+1","Blur+1","Escape Plan+1","Finisher+1","Heel Hook+1","Noxious Fumes+1","Blade Dance+1","Terror+1","Footwork+1","Bullet Time+1","After Image+1","Tactician+1","Dodge and Roll+1"],"relics":["Runic Pyramid","Mummified Hand","Regal Pillow","Philosopher\u0027s Stone","Bottled Lightning","Prayer Wheel","WingedGreaves","TungstenRod","Vajra","Nloth\u0027s Gift","Pandora\u0027s Box","Shuriken","Girya","Paper Crane","Eternal Feather","Meat on the Bone","Lizard Tail","Mark of the Bloom","Letter Opener"],"acts_visited":["Exordium","TheCity","TheBeyond"],"potions_floor_usage":[41,44,45,45,50],"damage_taken":[{"damage":0.0,"enemies":"Cultist","floor":1.0,"turns":5.0},{"damage":0.0,"enemies":"Small Slimes","floor":2.0,"turns":4.0},{"damage":4.0,"enemies":"2 Louse","floor":4.0,"turns":3.0},{"damage":12.0,"enemies":"3 Sentries","floor":6.0,"turns":11.0},{"damage":1.0,"enemies":"Exordium Wildlife","floor":8.0,"turns":5.0},{"damage":0.0,"enemies":"2 Fungi Beasts","floor":10.0,"turns":4.0},{"damage":5.0,"enemies":"Lagavulin","floor":12.0,"turns":8.0},{"damage":0.0,"enemies":"Large Slime","floor":14.0,"turns":7.0},{"damage":2.0,"enemies":"The Guardian","floor":16.0,"turns":14.0},{"damage":8.0,"enemies":"Shell Parasite","floor":18.0,"turns":8.0},{"damage":0.0,"enemies":"Spheric Guardian","floor":20.0,"turns":4.0},{"damage":0.0,"enemies":"Snecko","floor":22.0,"turns":5.0},{"damage":39.0,"enemies":"Book of Stabbing","floor":23.0,"turns":5.0},{"damage":9.0,"enemies":"Shelled Parasite and Fungi","floor":27.0,"turns":4.0},{"damage":13.0,"enemies":"Snake Plant","floor":29.0,"turns":3.0},{"damage":0.0,"enemies":"3 Cultists","floor":31.0,"turns":4.0},{"damage":0.0,"enemies":"Champ","floor":33.0,"turns":9.0},{"damage":15.0,"enemies":"Orb Walker","floor":35.0,"turns":4.0},{"damage":3.0,"enemies":"3 Shapes","floor":38.0,"turns":3.0},{"damage":0,"enemies":"Maw","floor":41,"turns":4},{"damage":0,"enemies":"Giant Head","floor":42,"turns":6},{"damage":25,"enemies":"Reptomancer","floor":44,"turns":6},{"damage":5,"enemies":"2 Orb Walkers","floor":45,"turns":4},{"damage":40,"enemies":"Jaw Worm Horde","floor":46,"turns":5},{"damage":11,"enemies":"Donu and Deca","floor":50,"turns":7}],"seed_played":"-872750485804721286","potions_obtained":[{"floor":2.0,"key":"Regen Potion"},{"floor":4.0,"key":"DistilledChaos"},{"floor":14.0,"key":"champ:CounterPotion"},{"floor":16.0,"key":"Explosive Potion"},{"floor":20.0,"key":"SteroidPotion"},{"floor":23.0,"key":"CultistPotion"},{"floor":31.0,"key":"Energy Potion"},{"floor":33.0,"key":"DistilledChaos"},{"floor":38.0,"key":"AttackPotion"},{"floor":41,"key":"ColorlessPotion"},{"floor":44,"key":"Poison Potion"},{"floor":45,"key":"SteroidPotion"},{"floor":46,"key":"PowerPotion"}],"is_trial":false,"path_per_floor":["M","M","?","M","?","E","R","M","T","M","R","E","?","M","R","B",null,"M","$","M","?","M","E","?","R","T","M","?","M","R","M","R","B",null,"M","$","?","M","?","R","M","E","T","E","?","M","?","T","R","B",null],"character_chosen":"THE_SILENT","items_purchased":["Bottled Lightning","Prayer Wheel","Shuriken"],"campfire_rested":3,"item_purchase_floors":[19,19,36],"current_hp_per_floor":[70,70,59,55,41,44,65,64,64,64,64,59,59,59,59,57,67,59,59,59,59,59,20,20,56,56,47,47,34,70,70,70,70,70,55,55,55,52,52,52,52,52,52,27,34,45,45,45,45,34],"gold":181,"neow_bonus":"BOSS_RELIC","is_daily":false,"chose_seed":false,"campfire_upgraded":4,"win_rate":0.0,"timestamp":1611846480,"path_taken":["M","?","?","M","?","E","R","M","T","M","R","E","?","?","R","BOSS","M","$","M","?","M","E","?","R","T","M","?","M","R","M","R","BOSS","M","$","?","M","?","R","?","E","T","E","?","M","?","?","R","BOSS"],"items_purchased_type":["Relic","Relic","Relic"],"build_version":"2020-12-22","purchased_purges":2,"victory":true,"max_hp_per_floor":[70,70,70,70,70,70,70,70,70,70,70,70,70,70,70,70,70,70,70,70,70,70,70,70,70,70,70,70,70,70,70,70,70,70,70,70,66,66,66,66,66,66,66,66,66,66,66,66,66,66],"relic_stats":{"Regal Pillow":30,"Mark of the Bloom":21,"counters":[25,142],"Eternal Feather":0,"Letter Opener":[50],"Lizard Tail":33,"Mummified Hand":[53],"Shuriken":[11],"Prayer Wheel":9,"Pandora\u0027s Box":["Doppelganger","Night Terror","Glass Knife","Unload","Blur","Escape Plan","Finisher","Heel Hook","Noxious Fumes","Blade Dance"],"Nloth\u0027s Gift":3,"obtain_stats":[{"Girya":39,"Regal Pillow":12,"Mark of the Bloom":47,"Vajra":26,"Eternal Feather":43,"Letter Opener":48,"Paper Crane":42,"Nunchaku":9,"Lizard Tail":45,"Mummified Hand":6,"Shuriken":36,"Philosopher\u0027s Stone":17,"Prayer Wheel":19,"Pandora\u0027s Box":34,"WingedGreaves":23,"Nloth\u0027s Gift":28,"Bottled Lightning":19,"TungstenRod":24,"Ring of the Snake":0,"Runic Pyramid":0,"Meat on the Bone":44},{"Girya":19,"Regal Pillow":7,"Mark of the Bloom":24,"Vajra":13,"Eternal Feather":21,"Letter Opener":24,"Paper Crane":21,"Nunchaku":5,"Lizard Tail":23,"Mummified Hand":4,"Shuriken":18,"Philosopher\u0027s Stone":9,"Prayer Wheel":10,"Pandora\u0027s Box":17,"WingedGreaves":13,"Nloth\u0027s Gift":14,"Bottled Lightning":10,"TungstenRod":13,"Ring of the Snake":0,"Runic Pyramid":0,"Meat on the Bone":22},{"Girya":110,"Regal Pillow":40,"Mark of the Bloom":135,"Vajra":83,"Eternal Feather":120,"Letter Opener":135,"Paper Crane":120,"Nunchaku":28,"Lizard Tail":130,"Mummified Hand":23,"Shuriken":107,"Philosopher\u0027s Stone":61,"Prayer Wheel":69,"Pandora\u0027s Box":103,"WingedGreaves":83,"Nloth\u0027s Gift":87,"Bottled Lightning":69,"TungstenRod":83,"Ring of the Snake":0,"Runic Pyramid":0,"Meat on the Bone":126}],"TungstenRod":18,"Meat on the Bone":24},"card_choices":[{"not_picked":["Deflect","Blade Dance"],"picked":"Outmaneuver","floor":1.0},{"not_picked":["Dodge and Roll","Catalyst"],"picked":"Reflex","floor":2.0},{"not_picked":["Dodge and Roll","Sucker Punch"],"picked":"Deadly Poison","floor":4.0},{"not_picked":["Flying Knee","Blur"],"picked":"Acrobatics","floor":6.0},{"not_picked":["Quick Slash","Cloak And Dagger"],"picked":"Terror","floor":8.0},{"not_picked":["Prepared","Dagger Throw"],"picked":"Dodge and Roll","floor":10.0},{"not_picked":["Outmaneuver","Setup"],"picked":"Dash","floor":12.0},{"not_picked":["Prepared","Dodge and Roll"],"picked":"Adrenaline","floor":14.0},{"not_picked":["Glass Knife","Unload"],"picked":"Wraith Form v2","floor":16.0},{"not_picked":["Quick Slash","Reflex+1"],"picked":"Bouncing Flask+1","floor":18.0},{"not_picked":["Tactician","Prepared+1"],"picked":"Noxious Fumes","floor":20.0},{"not_picked":["Deadly Poison+1","Slice"],"picked":"Caltrops","floor":20.0},{"not_picked":["Prepared","Acrobatics","Blade Dance"],"picked":"SKIP","floor":22.0},{"not_picked":["Masterful Stab+1","Prepared","Dagger Spray"],"picked":"SKIP","floor":22.0},{"not_picked":["Blade Dance","Dagger Spray"],"picked":"Concentrate+1","floor":23.0},{"not_picked":["Envenom","Quick Slash+1"],"picked":"Catalyst","floor":27.0},{"not_picked":["Well Laid Plans+1","Slice","Poisoned Stab"],"picked":"SKIP","floor":27.0},{"not_picked":["Bane","Leg Sweep"],"picked":"Crippling Poison","floor":29.0},{"not_picked":["Storm of Steel","Masterful Stab","Skewer"],"picked":"SKIP","floor":29.0},{"not_picked":["Cloak And Dagger","Accuracy"],"picked":"Backflip","floor":31.0},{"not_picked":["Bane+1","Predator+1"],"picked":"Leg Sweep","floor":31.0},{"not_picked":["Night Terror","Envenom"],"picked":"Phantasmal Killer","floor":33.0},{"not_picked":["Distraction","Heel Hook+1","Acrobatics"],"picked":"SKIP","floor":35.0},{"not_picked":["Acrobatics","Poisoned Stab+1","Cloak And Dagger+1"],"picked":"SKIP","floor":35.0},{"not_picked":["Flying Knee","Backstab+1"],"picked":"Terror+1","floor":38.0},{"not_picked":["Prepared","Dagger Spray"],"picked":"Footwork","floor":38.0},{"not_picked":["Deadly Poison","Dagger Throw"],"picked":"Bullet Time","floor":41},{"not_picked":["Poisoned Stab+1","Expertise","Terror+1"],"picked":"SKIP","floor":41},{"not_picked":["A Thousand Cuts","Choke"],"picked":"After Image","floor":42},{"not_picked":["Dagger Spray","Underhanded Strike","Concentrate"],"picked":"SKIP","floor":44},{"not_picked":["Flechettes+1","Riddle With Holes"],"picked":"Tactician+1","floor":45},{"not_picked":["Concentrate","Leg Sweep"],"picked":"Dodge and Roll+1","floor":46},{"not_picked":["Deadly Poison","Acrobatics","Sucker Punch+1"],"picked":"SKIP","floor":46}],"player_experience":145478,"relics_obtained":[{"floor":6.0,"key":"Mummified Hand"},{"floor":9.0,"key":"Nunchaku"},{"floor":12.0,"key":"Regal Pillow"},{"floor":23.0,"key":"WingedGreaves"},{"floor":26.0,"key":"Vajra"},{"floor":42,"key":"Paper Crane"},{"floor":43,"key":"Eternal Feather"},{"floor":44,"key":"Meat on the Bone"},{"floor":45,"key":"Lizard Tail"},{"floor":48,"key":"Letter Opener"}],"event_choices":[{"damage_healed":0.0,"max_hp_gain":0.0,"max_hp_loss":0.0,"gold_gain":75.0,"event_name":"World of Goop","player_choice":"Gather Gold","floor":3.0,"gold_loss":0.0,"damage_taken":11.0},{"damage_healed":0.0,"max_hp_gain":0.0,"max_hp_loss":0.0,"gold_gain":0.0,"event_name":"Shining Light","player_choice":"Entered Light","floor":5.0,"gold_loss":0.0,"damage_taken":14.0,"cards_upgraded":["Defend_G","Strike_G"]},{"damage_healed":0.0,"max_hp_gain":0.0,"max_hp_loss":0.0,"gold_gain":175.0,"event_name":"Liars Game","player_choice":"AGREE","floor":13.0,"gold_loss":0.0,"damage_taken":0.0,"cards_obtained":["Doubt"]},{"damage_healed":0.0,"max_hp_gain":0.0,"max_hp_loss":0.0,"gold_gain":99.0,"event_name":"Nest","player_choice":"Stole From Cult","floor":21.0,"gold_loss":0.0,"damage_taken":0.0},{"damage_healed":0.0,"max_hp_gain":0.0,"max_hp_loss":0.0,"gold_gain":0.0,"event_name":"The Mausoleum","player_choice":"Opened","floor":24.0,"gold_loss":0.0,"damage_taken":0.0,"relics_obtained":["TungstenRod"]},{"damage_healed":0.0,"max_hp_gain":0.0,"max_hp_loss":0.0,"gold_gain":0.0,"event_name":"N\u0027loth","player_choice":"Traded Relic","floor":28.0,"relics_lost":["Nunchaku"],"gold_loss":0.0,"damage_taken":0.0,"relics_obtained":["Nloth\u0027s Gift"]},{"damage_healed":0.0,"max_hp_gain":0.0,"max_hp_loss":4.0,"gold_gain":0.0,"event_name":"Winding Halls","player_choice":"Max HP","floor":37.0,"gold_loss":0.0,"damage_taken":0.0},{"damage_healed":0.0,"max_hp_gain":0.0,"max_hp_loss":0.0,"gold_gain":0.0,"event_name":"WeMeetAgain","player_choice":"Gave Potion","floor":39.0,"gold_loss":0.0,"damage_taken":0.0,"relics_obtained":["Girya"]},{"damage_healed":0,"gold_gain":0,"player_choice":"Fight","damage_taken":0,"max_hp_gain":0,"max_hp_loss":0,"event_name":"Mysterious Sphere","floor":45,"gold_loss":0},{"damage_healed":0,"gold_gain":0,"player_choice":"Upgrade","damage_taken":0,"relics_obtained":["Mark of the Bloom"],"max_hp_gain":0,"max_hp_loss":0,"event_name":"MindBloom","floor":47,"gold_loss":0,"cards_upgraded":["Survivor","Outmaneuver","Reflex","Deadly Poison","Acrobatics","Terror","Dodge and Roll","Dash","Wraith Form v2","Noxious Fumes","Caltrops","Crippling Poison","Backflip","Leg Sweep","Phantasmal Killer","Doppelganger","Night Terror","Glass Knife","Blur","Escape Plan","Finisher","Heel Hook","Noxious Fumes","Blade Dance","Bullet Time","After Image"]}],"is_beta":false,"boss_relics":[{"not_picked":["Circlet","Snecko Eye"],"picked":"Philosopher\u0027s Stone"},{"not_picked":["WristBlade","Calling Bell"],"picked":"Pandora\u0027s Box"}],"items_purged_floors":[19,36],"is_endless":false,"potions_floor_spawned":[2,4,14,16,20,23,31,33,38,41,44,45,46],"ascension_level":5}}