{"host":"sav7uxregyirlf69","time":1611800204,"event":{"mods":["AchievementEnabler","BaseMod","Colored Map","DeckTracker","Keyboard Shortcuts","Minty Spire (QoL Compilation)","READ ME - Guardian Mod","StSLib","SuperFastMode"],"gold_per_floor":[119,134,134,154,204,204,229,240,240,259,275,291,291,311,311,389,389,404,27,77,88,117,117,150,150,204,204,204],"floor_reached":27,"language":"KOR","playtime":458,"items_purged":["Strike_G"],"score":470,"play_id":"552df1ef-6901-413d-8fe0-cf7e97de133c","local_time":"20210128111644","is_ascension_mode":true,"campfire_choices":[{"data":"Dash","floor":6,"key":"SMITH"},{"data":"Catalyst","floor":13,"key":"SMITH"},{"data":"Neutralize","floor":15,"key":"SMITH"},{"floor":23,"key":"REST"},{"floor":25,"key":"REST"}],"circlet_count":0,"master_deck":["AscendersBane","Strike_G","Strike_G","Defend_G","Defend_G","Defend_G","Defend_G","Survivor","Neutralize+1","Noxious Fumes+1","Dash+1","Blade Dance","Backflip","Masterful Stab","Catalyst+1","Crippling Poison+1","All Out Attack+1","Blur+1","Escape Plan","Backflip","Reflex+1"],"relics":["Ring of the Snake","NeowsBlessing","Toy Ornithopter","Strawberry","Astrolabe","Potion Belt","Red Mask","Blue Candle","Juzu Bracelet"],"acts_visited":["Exordium","TheCity"],"potions_floor_usage":[11,16,22,22],"damage_taken":[{"damage":0,"enemies":"Cultist","floor":1,"turns":1},{"damage":0,"enemies":"Small Slimes","floor":2,"turns":1},{"damage":0,"enemies":"2 Louse","floor":4,"turns":1},{"damage":41,"enemies":"Gremlin Nob","floor":7,"turns":5},{"damage":3,"enemies":"Blue Slaver","floor":8,"turns":4},{"damage":0,"enemies":"Exordium Thugs","floor":10,"turns":5},{"damage":1,"enemies":"Red Slaver","floor":11,"turns":3},{"damage":0,"enemies":"2 Fungi Beasts","floor":12,"turns":4},{"damage":1,"enemies":"Blue Slaver","floor":14,"turns":3},{"damage":23,"enemies":"The Guardian","floor":16,"turns":11},{"damage":0,"enemies":"Chosen","floor":18,"turns":4},{"damage":14,"enemies":"3 Byrds","floor":21,"turns":4},{"damage":17,"enemies":"Masked Bandits","floor":22,"turns":4},{"damage":49,"enemies":"Gremlin Leader","floor":24,"turns":8},{"damage":33,"enemies":"Sentry and Sphere","floor":27,"turns":6}],"seed_played":"3982339566762083391","potions_obtained":[{"floor":2,"key":"BlessingOfTheForge"},{"floor":8,"key":"Weak Potion"},{"floor":11,"key":"PowerPotion"},{"floor":18,"key":"SkillPotion"},{"floor":24,"key":"LiquidMemories"}],"is_trial":false,"path_per_floor":["M","M","?","M","?","R","E","M","T","M","M","M","R","M","R","B",null,"M","$","?","M","?","R","E","R","T","M"],"character_chosen":"THE_SILENT","items_purchased":["Potion Belt","Block Potion","LiquidMemories"],"campfire_rested":2,"item_purchase_floors":[19,19,19],"current_hp_per_floor":[59,59,59,59,59,59,18,15,22,22,26,26,26,25,25,7,57,57,57,57,43,36,57,8,29,29,0,0],"gold":204,"neow_bonus":"THREE_ENEMY_KILL","is_daily":false,"chose_seed":false,"campfire_upgraded":3,"win_rate":0.0,"timestamp":1611800204,"path_taken":["M","M","?","?","?","R","E","M","T","M","M","M","R","M","R","BOSS","M","$","?","M","?","R","E","R","T","M"],"items_purchased_type":["Relic","Potion","Potion"],"build_version":"2020-12-22","purchased_purges":1,"victory":false,"max_hp_per_floor":[66,66,66,66,66,66,66,66,73,73,73,73,73,73,73,73,73,73,73,73,73,73,73,73,73,73,73,73],"card_choices":[{"not_picked":["PiercingWail","Backflip"],"picked":"Noxious Fumes","floor":1},{"not_picked":["Riddle With Holes","Calculated Gamble"],"picked":"Dash","floor":2},{"not_picked":["Cloak And Dagger","Dagger Throw"],"picked":"Blade Dance","floor":4},{"not_picked":["Poisoned Stab","Riddle With Holes"],"picked":"Backflip","floor":7},{"not_picked":["Heel Hook","Choke"],"picked":"Masterful Stab","floor":8},{"not_picked":["Slice","Dodge and Roll","Noxious Fumes"],"picked":"SKIP","floor":10},{"not_picked":["Outmaneuver","Prepared","Quick Slash"],"picked":"SKIP","floor":11},{"not_picked":["Dodge and Roll","Quick Slash"],"picked":"Catalyst","floor":12},{"not_picked":["Predator","Distraction","Deflect"],"picked":"SKIP","floor":14},{"not_picked":["Dodge and Roll","Prepared","Choke"],"picked":"SKIP","floor":18},{"not_picked":["All Out Attack","Sucker Punch"],"picked":"Escape Plan","floor":21},{"not_picked":["Bane","Outmaneuver+1"],"picked":"Backflip","floor":22},{"not_picked":["Eviscerate","Outmaneuver"],"picked":"Reflex+1","floor":24}],"player_experience":1406455,"relics_obtained":[{"floor":7,"key":"Toy Ornithopter"},{"floor":9,"key":"Strawberry"},{"floor":22,"key":"Red Mask"},{"floor":24,"key":"Blue Candle"},{"floor":26,"key":"Juzu Bracelet"}],"event_choices":[{"damage_healed":0,"gold_gain":0,"player_choice":"Forge","damage_taken":0,"max_hp_gain":0,"max_hp_loss":0,"event_name":"Accursed Blacksmith","floor":3,"gold_loss":0,"cards_upgraded":["Noxious Fumes"]},{"damage_healed":0,"gold_gain":50,"player_choice":"Pray","damage_taken":0,"max_hp_gain":0,"max_hp_loss":0,"event_name":"Golden Shrine","floor":5,"gold_loss":0},{"damage_healed":0,"gold_gain":50,"player_choice":"Stole From Cult","damage_taken":0,"max_hp_gain":0,"max_hp_loss":0,"event_name":"Nest","floor":20,"gold_loss":0},{"damage_healed":0,"gold_gain":0,"player_choice":"Fought Bandits","damage_taken":0,"max_hp_gain":0,"max_hp_loss":0,"event_name":"Masked Bandits","floor":22,"gold_loss":0}],"is_beta":false,"boss_relics":[{"not_picked":["Ring of the Serpent","Velvet Choker"],"picked":"Astrolabe"}],"items_purged_floors":[19],"is_endless":false,"potions_floor_spawned":[2,8,10,11,14,18,24],"killed_by":"Sentry and Sphere","ascension_level":20}}