{"host":"o3n4et6u1y1w2h5j","time":1611869111,"event":{"mods":["AchievementEnabler","BaseMod","Minty Spire (QoL Compilation)","StSLib"],"gold_per_floor":[218,218,218,27,27,27,42,80,107,145,38,38,61,82,82,211,211,231,55,55,55,70,108,30,70,119,459,384,399,399,413,413,532,532,550,550,883,883,883,912,930,779,779,791,337,368,388,423,423,423,423,423,176,203,203,203],"floor_reached":55,"language":"ENG","playtime":4181,"items_purged":["Injury","Strike_G","Backstab","Die Die Die","Neutralize+1"],"score":960,"play_id":"4456394e-50f4-4d41-a2ae-afb0d62415d5","local_time":"20210128132511","is_ascension_mode":true,"campfire_choices":[{"data":"Footwork","floor":6,"key":"SMITH"},{"data":"Flechettes","floor":15,"key":"SMITH"},{"data":"Catalyst","floor":32,"key":"SMITH"},{"data":"Catalyst","floor":44,"key":"SMITH"},{"floor":49,"key":"RECALL"},{"data":"After Image","floor":52,"key":"SMITH"}],"circlet_count":0,"master_deck":["Defend_G","Defend_G","Defend_G","Defend_G","Defend_G","Survivor","Blade Dance","Footwork+1","Blur","Backflip","PiercingWail","Flechettes+1","Well Laid Plans","Crippling Poison","Blade Dance","After Image+1","Catalyst+1","Deadly Poison+1","Prepared","Catalyst+1","Terror+1","Corpse Explosion","Sadistic Nature","PanicButton","Night Terror","Outmaneuver+1","Blur","Panache","Footwork+1","Deadly Poison","After Image+1","Deadly Poison","Leg Sweep"],"relics":["Ring of the Serpent","MealTicket","Blood Vial","InkBottle","Snecko Eye","Matryoshka","Torii","Smiling Mask","Nunchaku","Old Coin","Question Card","MawBank","Bag of Preparation","Letter Opener","Whetstone","DollysMirror","Strawberry"],"acts_visited":["Exordium","TheCity","TheBeyond","TheEnding"],"potions_floor_usage":[8,13,16,22,27,33,35,41,47,54],"damage_taken":[{"damage":0,"enemies":"2 Louse","floor":1,"turns":3},{"damage":0,"enemies":"Small Slimes","floor":7,"turns":4},{"damage":12,"enemies":"3 Sentries","floor":8,"turns":13},{"damage":36,"enemies":"Lagavulin","floor":10,"turns":14},{"damage":0,"enemies":"Jaw Worm","floor":13,"turns":2},{"damage":4,"enemies":"Red Slaver","floor":14,"turns":4},{"damage":0,"enemies":"The Guardian","floor":16,"turns":14},{"damage":0,"enemies":"Chosen","floor":18,"turns":4},{"damage":7,"enemies":"Shell Parasite","floor":22,"turns":3},{"damage":4,"enemies":"Book of Stabbing","floor":23,"turns":5},{"damage":18,"enemies":"Gremlin Leader","floor":25,"turns":5},{"damage":28,"enemies":"Slavers","floor":27,"turns":8},{"damage":15,"enemies":"Centurion and Healer","floor":29,"turns":5},{"damage":1,"enemies":"Snake Plant","floor":31,"turns":5},{"damage":15,"enemies":"Automaton","floor":33,"turns":12},{"damage":0,"enemies":"3 Shapes","floor":35,"turns":2},{"damage":45,"enemies":"Nemesis","floor":40,"turns":7},{"damage":0,"enemies":"3 Darklings","floor":41,"turns":3},{"damage":0,"enemies":"Giant Head","floor":46,"turns":3},{"damage":0,"enemies":"Jaw Worm Horde","floor":47,"turns":2},{"damage":18,"enemies":"Reptomancer","floor":48,"turns":4},{"damage":21,"enemies":"Time Eater","floor":50,"turns":2},{"damage":42,"enemies":"Shield and Spear","floor":54,"turns":4},{"damage":72,"enemies":"The Heart","floor":55,"turns":6}],"seed_played":"3438587033209246427","potions_obtained":[{"floor":7,"key":"AttackPotion"},{"floor":13,"key":"EntropicBrew"},{"floor":16,"key":"BlessingOfTheForge"},{"floor":23,"key":"Dexterity Potion"},{"floor":25,"key":"Strength Potion"},{"floor":31,"key":"BlessingOfTheForge"},{"floor":33,"key":"DistilledChaos"},{"floor":40,"key":"Regen Potion"},{"floor":41,"key":"Fire Potion"}],"is_trial":false,"path_per_floor":["M","?","?","$","?","R","M","E","T","E","$","?","M","M","R","B",null,"M","$","?","?","M","E","$","E","T","E","?","M","?","M","R","B",null,"M","?","?","?","?","E","M","$","T","R","$","E","M","E","R","B",null,"R","$","E","B"],"character_chosen":"THE_SILENT","items_purchased":["Footwork","Blur","Flechettes","Well Laid Plans","Catalyst","Catalyst","Fruit Juice","Bag of Preparation","Blur","Panache","DollysMirror","Deadly Poison"],"campfire_rested":0,"item_purchase_floors":[4,4,11,11,19,24,42,45,45,45,53,53],"current_hp_per_floor":[70,70,70,70,63,63,63,51,51,17,32,32,34,32,32,34,70,70,70,70,70,63,61,70,52,52,26,26,13,13,14,14,1,70,70,70,70,70,65,22,36,51,51,51,66,68,70,52,52,33,70,70,70,40,0,0],"gold":203,"neow_bonus":"HUNDRED_GOLD","is_daily":false,"chose_seed":false,"campfire_upgraded":5,"win_rate":0.0,"timestamp":1611869111,"path_taken":["M","?","?","$","?","R","M","E","T","E","$","?","M","M","R","BOSS","M","$","?","?","?","E","?","E","T","E","?","M","?","M","R","BOSS","M","?","?","?","?","E","M","?","T","R","$","E","M","E","R","BOSS","R","$","E","BOSS"],"items_purchased_type":["Card","Card","Card","Card","Card","Card","Potion","Relic","Card","Card","Relic","Card"],"build_version":"2020-12-22","purchased_purges":5,"victory":false,"max_hp_per_floor":[70,70,70,70,70,70,70,70,70,70,70,70,70,70,70,70,70,70,70,70,70,70,70,70,70,70,70,70,70,70,70,70,70,70,70,70,70,70,70,70,70,70,70,70,70,70,70,70,70,70,70,70,70,82,82,82],"card_choices":[{"not_picked":["Poisoned Stab","All Out Attack"],"picked":"Blade Dance","floor":1},{"not_picked":["Underhanded Strike","Sucker Punch"],"picked":"Backflip","floor":7},{"not_picked":["Backflip","Infinite Blades"],"picked":"PiercingWail","floor":8},{"not_picked":["Backflip","Quick Slash"],"picked":"Backstab","floor":10},{"not_picked":["Outmaneuver","Poisoned Stab"],"picked":"Crippling Poison","floor":13},{"not_picked":["Quick Slash","Well Laid Plans"],"picked":"Blade Dance","floor":14},{"not_picked":["Bullet Time","Die Die Die"],"picked":"After Image","floor":16},{"not_picked":["Backflip+1","Dagger Throw"],"picked":"Flying Knee","floor":18},{"not_picked":["Blur+1","Bane+1"],"picked":"Deadly Poison+1","floor":22},{"not_picked":["Predator+1","Skewer+1"],"picked":"Prepared","floor":23},{"not_picked":["Backstab+1","Bane","Flechettes"],"picked":"SKIP","floor":25},{"not_picked":["Eviscerate","Distraction","Dodge and Roll+1"],"picked":"SKIP","floor":27},{"not_picked":["Prepared","Underhanded Strike"],"picked":"Terror+1","floor":29},{"not_picked":["Dodge and Roll+1","Deflect","Backstab"],"picked":"SKIP","floor":31},{"not_picked":["Bullet Time","After Image"],"picked":"Corpse Explosion","floor":33},{"not_picked":["PiercingWail","Endless Agony","Flechettes"],"picked":"SKIP","floor":35},{"not_picked":["Dramatic Entrance","Deep Breath"],"picked":"Sadistic Nature","floor":39},{"not_picked":["Jack Of All Trades","Panacea"],"picked":"PanicButton","floor":39},{"not_picked":["Outmaneuver+1","PiercingWail+1"],"picked":"Night Terror","floor":40},{"not_picked":["Caltrops+1","Tactician+1","Poisoned Stab"],"picked":"Outmaneuver+1","floor":41},{"not_picked":["Deadly Poison+1","Dagger Spray","Poisoned Stab"],"picked":"Footwork+1","floor":46},{"not_picked":["Dash","Flechettes","Deflect+1"],"picked":"Deadly Poison","floor":47},{"not_picked":["Dash+1","Predator+1","All Out Attack+1","Heel Hook+1"],"picked":"SKIP","floor":48},{"not_picked":["A Thousand Cuts","Reflex","Sucker Punch+1"],"picked":"Leg Sweep","floor":54}],"player_experience":28012,"relics_obtained":[{"floor":8,"key":"MealTicket"},{"floor":9,"key":"Blood Vial"},{"floor":10,"key":"InkBottle"},{"floor":23,"key":"Matryoshka"},{"floor":25,"key":"Torii"},{"floor":26,"key":"Smiling Mask"},{"floor":26,"key":"Nunchaku"},{"floor":27,"key":"Old Coin"},{"floor":40,"key":"Question Card"},{"floor":43,"key":"MawBank"},{"floor":46,"key":"Letter Opener"},{"floor":48,"key":"Whetstone"},{"floor":54,"key":"Strawberry"}],"event_choices":[{"damage_healed":0,"gold_gain":0,"player_choice":"Leave","damage_taken":0,"max_hp_gain":0,"max_hp_loss":0,"event_name":"The Cleric","floor":2,"gold_loss":0},{"damage_healed":0,"gold_gain":0,"player_choice":"Take Wound","damage_taken":0,"relics_obtained":["Golden Idol"],"max_hp_gain":0,"max_hp_loss":0,"event_name":"Golden Idol","floor":3,"gold_loss":0,"cards_obtained":["Injury"]},{"cards_removed":["Strike_G"],"damage_healed":0,"gold_gain":0,"player_choice":"Card Removal","damage_taken":7,"max_hp_gain":0,"max_hp_loss":0,"event_name":"Golden Wing","floor":5,"gold_loss":0},{"damage_healed":0,"gold_gain":0,"cards_transformed":["Strike_G"],"player_choice":"Change","damage_taken":0,"max_hp_gain":0,"max_hp_loss":0,"event_name":"Living Wall","floor":12,"gold_loss":0,"cards_obtained":["Die Die Die"]},{"damage_healed":0,"gold_gain":0,"player_choice":"Ignored","damage_taken":0,"max_hp_gain":0,"max_hp_loss":0,"event_name":"Ghosts","floor":20,"gold_loss":0},{"damage_healed":0,"gold_gain":0,"player_choice":"Ignored","damage_taken":0,"max_hp_gain":0,"max_hp_loss":0,"event_name":"Vampires","floor":21,"gold_loss":0},{"cards_removed":["Strike_G"],"damage_healed":0,"gold_gain":0,"player_choice":"Gave Gold","damage_taken":0,"max_hp_gain":0,"max_hp_loss":0,"event_name":"Beggar","floor":28,"gold_loss":75},{"cards_removed":["Strike_G"],"damage_healed":0,"gold_gain":0,"player_choice":"Elegance","damage_taken":0,"max_hp_gain":0,"max_hp_loss":0,"event_name":"Back to Basics","floor":30,"gold_loss":0},{"cards_removed":["Flying Knee"],"damage_healed":0,"gold_gain":0,"player_choice":"Removed Attack","damage_taken":0,"max_hp_gain":0,"max_hp_loss":0,"event_name":"Falling","floor":36,"gold_loss":0},{"damage_healed":0,"gold_gain":333,"player_choice":"Gave Idol","damage_taken":0,"max_hp_gain":0,"max_hp_loss":0,"event_name":"The Moai Head","floor":37,"relics_lost":["Golden Idol"],"gold_loss":0},{"damage_healed":0,"gold_gain":0,"player_choice":"Ignored","damage_taken":0,"max_hp_gain":0,"max_hp_loss":0,"event_name":"Tomb of Lord Red Mask","floor":38,"gold_loss":0},{"damage_healed":0,"gold_gain":0,"player_choice":"Memory 2","damage_taken":5,"max_hp_gain":0,"max_hp_loss":0,"event_name":"SensoryStone","floor":39,"gold_loss":0}],"is_beta":false,"boss_relics":[{"not_picked":["Busted Crown","HoveringKite"],"picked":"Snecko Eye"},{"not_picked":["Velvet Choker","Runic Pyramid"],"picked":"Ring of the Serpent"}],"items_purged_floors":[4,19,42,45,53],"is_endless":false,"potions_floor_spawned":[7,13,16,23,25,31,33,40,41,46],"killed_by":"The Heart","ascension_level":1}}