{"host":"sav7uxregyirlf69","time":1611817345,"event":{"mods":["AchievementEnabler","BaseMod","Colored Map","DeckTracker","Keyboard Shortcuts","Minty Spire (QoL Compilation)","READ ME - Guardian Mod","StSLib","SuperFastMode"],"gold_per_floor":[119,119,44,62,22,22,55,71,97,97,116,133,133,151,151,228,228,246,103,283,297,316,332,332,359,383,403,403,403],"floor_reached":28,"language":"KOR","playtime":486,"items_purged":["Strike_B","Defend_B"],"score":584,"play_id":"dce892b7-213b-4902-96e0-8df921f1020e","local_time":"20210128160225","is_ascension_mode":true,"campfire_choices":[{"data":"Go for the Eyes","floor":6,"key":"SMITH"},{"data":"Loop","floor":15,"key":"SMITH"},{"floor":24,"key":"REST"}],"circlet_count":0,"master_deck":["AscendersBane","Strike_B","Strike_B+1","Defend_B","Defend_B","Defend_B","Zap","Dualcast+1","Go for the Eyes+1","Compile Driver","BootSequence","Hologram","Loop+1","Cold Snap","Ball Lightning","Loop+1","Biased Cognition+1","Undo","Heatsinks+1","Glacier","White Noise","Turbo"],"relics":["Cracked Core","NeowsBlessing","Bag of Marbles","Ancient Tea Set","Frozen Egg 2","Fusion Hammer","Dream Catcher"],"acts_visited":["Exordium","TheCity"],"potions_floor_usage":[16,25,27,27],"damage_taken":[{"damage":0,"enemies":"Cultist","floor":1,"turns":1},{"damage":0,"enemies":"Jaw Worm","floor":4,"turns":1},{"damage":0,"enemies":"Lagavulin","floor":7,"turns":1},{"damage":0,"enemies":"2 Louse","floor":8,"turns":2},{"damage":4,"enemies":"Blue Slaver","floor":11,"turns":3},{"damage":2,"enemies":"Exordium Thugs","floor":12,"turns":3},{"damage":1,"enemies":"Large Slime","floor":14,"turns":4},{"damage":5,"enemies":"The Guardian","floor":16,"turns":10},{"damage":0,"enemies":"Chosen","floor":18,"turns":3},{"damage":4,"enemies":"Shell Parasite","floor":21,"turns":5},{"damage":19,"enemies":"Snake Plant","floor":22,"turns":3},{"damage":4,"enemies":"Centurion and Healer","floor":23,"turns":8},{"damage":0,"enemies":"Book of Stabbing","floor":25,"turns":6},{"damage":15,"enemies":"Shelled Parasite and Fungi","floor":27,"turns":5},{"damage":20,"enemies":"Slavers","floor":28,"turns":2}],"seed_played":"592214873997704509","potions_obtained":[{"floor":7,"key":"PotionOfCapacity"},{"floor":8,"key":"DuplicationPotion"},{"floor":18,"key":"LiquidMemories"},{"floor":25,"key":"AttackPotion"}],"is_trial":false,"path_per_floor":["M","?","$","M","$","R","E","M","T","?","M","M","?","M","R","B",null,"M","$","?","M","M","M","R","E","T","M","E"],"character_chosen":"DEFECT","items_purchased":["BootSequence","Heatsinks+1"],"campfire_rested":1,"item_purchase_floors":[5,19],"current_hp_per_floor":[64,43,43,43,43,43,43,43,43,38,34,32,32,31,31,26,60,60,60,41,37,18,14,35,35,35,20,0,0],"gold":403,"neow_bonus":"THREE_ENEMY_KILL","is_daily":false,"chose_seed":false,"campfire_upgraded":2,"win_rate":0.0,"timestamp":1611817345,"path_taken":["M","?","$","M","$","R","E","M","T","?","M","M","?","M","R","BOSS","M","$","?","M","M","M","R","E","T","?","E"],"items_purchased_type":["Card","Card"],"build_version":"2020-12-22","purchased_purges":2,"victory":false,"max_hp_per_floor":[71,71,71,71,71,71,71,71,71,71,71,71,71,71,71,71,71,71,71,71,71,71,71,71,71,71,71,71,71],"card_choices":[{"not_picked":["Streamline","Blizzard"],"picked":"Go for the Eyes","floor":1},{"not_picked":["Conserve Battery","Amplify"],"picked":"Compile Driver","floor":4},{"not_picked":["Turbo","Barrage"],"picked":"Hologram","floor":7},{"not_picked":["Double Energy","Undo"],"picked":"Loop","floor":8},{"not_picked":["Scrape","Coolheaded"],"picked":"Cold Snap","floor":11},{"not_picked":["Compile Driver","Reprogram"],"picked":"Ball Lightning","floor":12},{"not_picked":["Streamline","Fusion","Sweeping Beam"],"picked":"SKIP","floor":14},{"not_picked":["Hyperbeam","Seek"],"picked":"Biased Cognition+1","floor":16},{"not_picked":["Conserve Battery+1","Gash"],"picked":"Undo","floor":18},{"not_picked":["Redo+1","Hello World+1"],"picked":"Glacier","floor":21},{"not_picked":["Darkness","Melter"],"picked":"White Noise","floor":22},{"not_picked":["Leap","Ball Lightning"],"picked":"Turbo","floor":23},{"not_picked":["Cold Snap","Turbo","Streamline+1"],"picked":"SKIP","floor":25},{"not_picked":["Ball Lightning","Redo","Compile Driver+1"],"picked":"SKIP","floor":27}],"player_experience":1413011,"relics_obtained":[{"floor":7,"key":"Bag of Marbles"},{"floor":9,"key":"Ancient Tea Set"},{"floor":25,"key":"Dream Catcher"}],"event_choices":[{"damage_healed":0,"gold_gain":0,"player_choice":"Entered Light","damage_taken":21,"max_hp_gain":0,"max_hp_loss":0,"event_name":"Shining Light","floor":2,"gold_loss":0,"cards_upgraded":["Strike_B","Dualcast"]},{"damage_healed":0,"gold_gain":0,"player_choice":"Success","damage_taken":5,"relics_obtained":["Frozen Egg 2"],"max_hp_gain":0,"max_hp_loss":0,"event_name":"Scrap Ooze","floor":10,"gold_loss":0},{"damage_healed":0,"gold_gain":0,"cards_transformed":["Strike_B"],"player_choice":"Change","damage_taken":0,"max_hp_gain":0,"max_hp_loss":0,"event_name":"Living Wall","floor":13,"gold_loss":0,"cards_obtained":["Loop"]},{"damage_healed":0,"gold_gain":180,"player_choice":"GOLD GOLD ","damage_taken":19,"max_hp_gain":0,"max_hp_loss":0,"event_name":"Knowing Skull","floor":20,"potions_obtained":[],"gold_loss":0,"cards_obtained":[]}],"is_beta":false,"boss_relics":[{"not_picked":["Calling Bell","Empty Cage"],"picked":"Fusion Hammer"}],"items_purged_floors":[3,19],"is_endless":false,"potions_floor_spawned":[7,8,12,14,18,22,25],"killed_by":"Slavers","ascension_level":20}}