{"host":"ELF","time":1611824597,"event":{"mods":["BaseMod","Bestiary","Minty Spire (QoL Compilation)","Relic Stats","Slay the Relics Exporter"],"gold_per_floor":[110,110,110,21,36,36,36,36,36,36,36,36,61,78,78,152,152,163,175,100,100,100,100,100,100],"floor_reached":24,"language":"ENG","playtime":788,"items_purged":["Strike_R"],"score":390,"play_id":"d357b770-6980-46ee-b343-9e962e7cd7a0","local_time":"20210128030317","is_ascension_mode":true,"campfire_choices":[{"data":"Armaments","floor":6,"key":"SMITH"},{"floor":8,"key":"REST"},{"data":"Hemokinesis","floor":15,"key":"SMITH"},{"floor":23,"key":"REST"}],"circlet_count":0,"master_deck":["AscendersBane","Strike_R+1","Strike_R","Defend_R","Defend_R+1","Defend_R","Defend_R","Bash","Forethought","Headbutt","Uppercut","Armaments+1","Cleave","Hemokinesis+1","Offering","Pommel Strike","Writhe"],"relics":["Burning Blood","Eternal Feather","Happy Flower","Cursed Key","Bronze Scales"],"acts_visited":["Exordium","TheCity"],"potions_floor_usage":[7],"damage_taken":[{"damage":4,"enemies":"2 Louse","floor":1,"turns":3},{"damage":12,"enemies":"Small Slimes","floor":5,"turns":2},{"damage":24,"enemies":"Gremlin Nob","floor":7,"turns":4},{"damage":22,"enemies":"Lagavulin","floor":13,"turns":6},{"damage":4,"enemies":"Jaw Worm","floor":14,"turns":4},{"damage":49,"enemies":"Hexaghost","floor":16,"turns":9},{"damage":30,"enemies":"2 Thieves","floor":18,"turns":4},{"damage":20,"enemies":"Chosen","floor":19,"turns":3},{"damage":56,"enemies":"Book of Stabbing","floor":24,"turns":4}],"seed_played":"-4240868772814445346","potions_obtained":[{"floor":5,"key":"SmokeBomb"},{"floor":16,"key":"Fire Potion"},{"floor":18,"key":"Energy Potion"}],"is_trial":false,"path_per_floor":["M","?","?","$","M","R","E","R","T","?","$","$","E","M","R","B",null,"M","M","$","?","?","R","E"],"character_chosen":"IRONCLAD","items_purchased":["Uppercut"],"campfire_rested":2,"item_purchase_floors":[4],"current_hp_per_floor":[70,63,40,40,34,34,16,38,38,63,63,63,47,49,58,15,60,36,22,22,22,22,53,0,0],"gold":100,"neow_bonus":"RANDOM_COLORLESS","is_daily":false,"chose_seed":false,"campfire_upgraded":2,"win_rate":0.0,"timestamp":1611824597,"path_taken":["M","?","?","$","M","R","E","R","T","?","?","$","E","M","R","BOSS","M","M","$","?","?","R","E"],"items_purchased_type":["Card"],"build_version":"2020-12-18","purchased_purges":1,"victory":false,"max_hp_per_floor":[75,75,75,75,75,75,75,75,75,75,75,75,75,75,75,75,75,75,75,75,75,75,75,75,75],"relic_stats":{"Happy Flower":[8],"counters":[9,39],"Bronze Scales":[30],"Eternal Feather":18,"Cursed Key":0,"obtain_stats":[{"Happy Flower":13,"Bronze Scales":21,"Eternal Feather":9,"Cursed Key":17,"Burning Blood":0},{"Happy Flower":4,"Bronze Scales":8,"Eternal Feather":3,"Cursed Key":6,"Burning Blood":0},{"Happy Flower":15,"Bronze Scales":35,"Eternal Feather":9,"Cursed Key":28,"Burning Blood":0}],"Burning Blood":48},"card_choices":[{"not_picked":["Deep Breath","Swift Strike"],"picked":"Forethought","floor":0},{"not_picked":["Havoc","Rage"],"picked":"Headbutt","floor":1},{"not_picked":["Havoc","Sword Boomerang"],"picked":"Armaments","floor":5},{"not_picked":["Metallicize","Perfected Strike"],"picked":"Cleave","floor":13},{"not_picked":["Rampage","Iron Wave"],"picked":"Hemokinesis","floor":14},{"not_picked":["Immolate","Exhume"],"picked":"Offering","floor":16},{"not_picked":["Combust","Body Slam","Flex"],"picked":"SKIP","floor":18},{"not_picked":["Clothesline","Wild Strike"],"picked":"Pommel Strike","floor":19}],"player_experience":3330664,"relics_obtained":[{"floor":9,"key":"Eternal Feather"},{"floor":13,"key":"Happy Flower"}],"event_choices":[{"cards_removed":["Strike_R"],"damage_healed":0,"gold_gain":0,"player_choice":"Card Removal","damage_taken":7,"max_hp_gain":0,"max_hp_loss":0,"event_name":"Golden Wing","floor":2,"gold_loss":0},{"damage_healed":0,"gold_gain":0,"player_choice":"Entered Light","damage_taken":23,"max_hp_gain":0,"max_hp_loss":0,"event_name":"Shining Light","floor":3,"gold_loss":0,"cards_upgraded":["Strike_R","Defend_R"]},{"damage_healed":25,"gold_gain":0,"player_choice":"Banana","damage_taken":0,"max_hp_gain":0,"max_hp_loss":0,"event_name":"Big Fish","floor":10,"gold_loss":0},{"damage_healed":0,"gold_gain":0,"player_choice":"Opened","damage_taken":0,"relics_obtained":["Bronze Scales"],"max_hp_gain":0,"max_hp_loss":0,"event_name":"The Mausoleum","floor":21,"gold_loss":0,"cards_obtained":["Writhe"]},{"cards_removed":["Strike_R"],"damage_healed":0,"gold_gain":0,"player_choice":"Elegance","damage_taken":0,"max_hp_gain":0,"max_hp_loss":0,"event_name":"Back to Basics","floor":22,"gold_loss":0}],"is_beta":true,"boss_relics":[{"not_picked":["Mark of Pain","Philosopher\u0027s Stone"],"picked":"Cursed Key"}],"items_purged_floors":[20],"is_endless":false,"potions_floor_spawned":[5,16,18],"killed_by":"Book of Stabbing","ascension_level":19}}