{"host":"7jl348xfsxr8glry","time":1611834392,"event":{"mods":["AchievementEnabler","BaseMod","Colored Map","Minty Spire (QoL Compilation)","Random Character Button","Unceasing Turn Reminder"],"gold_per_floor":[111,121,121,46,121,150,150,150,150,165,165,179,190,20,20,123,173,187,187,205,222,11,31,31,31,31,31,31,31,31,49,49,49,49],"floor_reached":33,"language":"ENG","playtime":3780,"items_purged":["Strike_P","Strike_P"],"score":257,"play_id":"1324aa1a-8b9e-49b1-8bc0-2596eeecfc62","local_time":"20210128224632","is_ascension_mode":true,"campfire_choices":[{"floor":8,"key":"REST"},{"floor":11,"key":"REST"},{"floor":15,"key":"REST"},{"floor":24,"key":"REST"},{"data":"LikeWater","floor":30,"key":"SMITH"},{"data":"MentalFortress","floor":32,"key":"SMITH"}],"circlet_count":0,"master_deck":["Strike_P+1","Strike_P+1","Defend_P+1","Defend_P+1","Defend_P+1","Defend_P+1","Eruption+1","Vigilance","Conclude","CrushJoints","EmptyMind","PathToVictory","BowlingBash","FearNoEvil","LikeWater+1","Devotion","Prostrate","EmptyFist+1","FollowUp","MentalFortress+1","EmptyBody","CutThroughFate+1"],"relics":["PureWater","Damaru","Anchor","Du-Vu Doll","Tiny House","MealTicket","TungstenRod"],"acts_visited":["Exordium","TheCity"],"potions_floor_usage":[6,16,20,23,33,33],"damage_taken":[{"damage":2,"enemies":"2 Louse","floor":1,"turns":2},{"damage":0,"enemies":"Small Slimes","floor":2,"turns":1},{"damage":41,"enemies":"Lagavulin","floor":6,"turns":4},{"damage":0,"enemies":"Cultist","floor":10,"turns":2},{"damage":2,"enemies":"Looter","floor":12,"turns":3},{"damage":0,"enemies":"3 Louse","floor":13,"turns":2},{"damage":34,"enemies":"The Guardian","floor":16,"turns":8},{"damage":0,"enemies":"Shell Parasite","floor":18,"turns":4},{"damage":7,"enemies":"Spheric Guardian","floor":20,"turns":4},{"damage":2,"enemies":"Centurion and Healer","floor":21,"turns":6},{"damage":33,"enemies":"Snake Plant","floor":23,"turns":6},{"damage":8,"enemies":"3 Cultists","floor":31,"turns":4},{"damage":68,"enemies":"Champ","floor":33,"turns":14}],"seed_played":"-4649682898739364838","potions_obtained":[{"floor":2,"key":"Energy Potion"},{"floor":12,"key":"PowerPotion"},{"floor":13,"key":"Fire Potion"},{"floor":16,"key":"GamblersBrew"},{"floor":17,"key":"Block Potion"},{"floor":20,"key":"SpeedPotion"}],"is_trial":false,"path_per_floor":["M","M","?","$","?","E","?","R","T","M","R","M","M","$","R","B",null,"M","?","M","M","$","M","R","?","T","$","?","$","R","M","R","B"],"character_chosen":"WATCHER","items_purchased":["LikeWater","MealTicket","MentalFortress"],"campfire_rested":4,"item_purchase_floors":[14,22,22],"current_hp_per_floor":[70,70,58,58,47,6,6,27,27,27,48,46,46,46,67,33,77,77,77,70,68,68,35,58,58,58,73,60,75,75,67,67,0,0],"gold":49,"neow_bonus":"RANDOM_COMMON_RELIC","is_daily":false,"chose_seed":false,"campfire_upgraded":2,"win_rate":0.0,"timestamp":1611834392,"path_taken":["M","M","?","$","?","E","?","R","T","M","R","M","M","$","R","BOSS","M","?","M","M","?","M","R","?","T","$","?","?","R","M","R","BOSS"],"items_purchased_type":["Card","Relic","Card"],"build_version":"2020-12-22","purchased_purges":2,"victory":false,"max_hp_per_floor":[72,72,72,72,72,72,72,72,72,72,72,72,72,72,72,72,77,77,77,77,77,77,77,77,77,77,77,82,82,82,82,82,82,82],"card_choices":[{"not_picked":["Prostrate","BowlingBash"],"picked":"Conclude","floor":1},{"not_picked":["Wallop","ClearTheMind"],"picked":"CrushJoints","floor":2},{"not_picked":["Wish","InnerPeace"],"picked":"EmptyMind","floor":6},{"not_picked":["Collect","Crescendo"],"picked":"PathToVictory","floor":10},{"not_picked":["Protect","WreathOfFlame"],"picked":"BowlingBash","floor":12},{"not_picked":["ClearTheMind","WindmillStrike"],"picked":"FearNoEvil","floor":13},{"not_picked":["DevaForm","Brilliance"],"picked":"Devotion","floor":16},{"not_picked":["EmptyFist","EmptyBody"],"picked":"Prostrate","floor":17},{"not_picked":["Tantrum","Pray"],"picked":"EmptyFist+1","floor":18},{"not_picked":["Wireheading+1","BowlingBash","Protect+1"],"picked":"SKIP","floor":20},{"not_picked":["EmptyFist+1","Vault"],"picked":"FollowUp","floor":21},{"not_picked":["WheelKick","Collect+1"],"picked":"EmptyBody","floor":23},{"not_picked":["Protect+1","Evaluate"],"picked":"CutThroughFate+1","floor":31}],"player_experience":165071,"relics_obtained":[{"floor":6,"key":"Du-Vu Doll"},{"floor":26,"key":"TungstenRod"}],"event_choices":[{"damage_healed":0,"gold_gain":0,"player_choice":"Success","damage_taken":12,"relics_obtained":["Anchor"],"max_hp_gain":0,"max_hp_loss":0,"event_name":"Scrap Ooze","floor":3,"gold_loss":0},{"damage_healed":0,"gold_gain":75,"player_choice":"Gather Gold","damage_taken":11,"max_hp_gain":0,"max_hp_loss":0,"event_name":"World of Goop","floor":5,"gold_loss":0},{"damage_healed":0,"gold_gain":0,"player_choice":"Searched \u00271\u0027 times","damage_taken":0,"max_hp_gain":0,"max_hp_loss":0,"event_name":"Dead Adventurer","floor":7,"gold_loss":0},{"damage_healed":0,"gold_gain":0,"player_choice":"Upgraded","damage_taken":0,"max_hp_gain":0,"max_hp_loss":0,"event_name":"Upgrade Shrine","floor":19,"gold_loss":0,"cards_upgraded":["Eruption"]},{"damage_healed":0,"gold_gain":0,"player_choice":"Simplicity","damage_taken":0,"max_hp_gain":0,"max_hp_loss":0,"event_name":"Back to Basics","floor":25,"gold_loss":0,"cards_upgraded":["Strike_P","Strike_P","Defend_P","Defend_P","Defend_P"]},{"damage_healed":0,"gold_gain":0,"player_choice":"Shed Blood","damage_taken":19,"max_hp_gain":5,"max_hp_loss":0,"event_name":"Forgotten Altar","floor":28,"gold_loss":0}],"is_beta":false,"boss_relics":[{"not_picked":["Coffee Dripper","Busted Crown"],"picked":"Tiny House"}],"items_purged_floors":[4,14],"is_endless":false,"potions_floor_spawned":[2,12,13,16,20],"killed_by":"Champ","ascension_level":1}}