{"host":"qdfumeom6htv8yxl","time":1611846376,"event":{"mods":["AchievementEnabler","BaseMod","Bestiary","Block Reminder","Minty Spire (QoL Compilation)","Quick Restart","Relic Stats"],"gold_per_floor":[112,262,262,338,338,369,369,369,369,29,44,113,113,153,153,244,244,259,273,22,22,40,61,96,117,117,117,117,117,197,217,217,217,217],"floor_reached":33,"language":"ENG","playtime":1439,"items_purged":[],"score":577,"play_id":"624d1902-97ac-498d-b7d1-d3bdeede18c5","local_time":"20210128090616","is_ascension_mode":true,"campfire_choices":[{"data":"Streamline","floor":7.0,"key":"SMITH"},{"data":"Whirlwind","floor":13.0,"key":"SMITH"},{"data":"Rage","floor":15.0,"key":"SMITH"},{"data":"Beam Cell","floor":27,"key":"SMITH"},{"data":"Undo","floor":29,"key":"SMITH"},{"data":"Rip and Tear","floor":32,"key":"SMITH"}],"circlet_count":0,"master_deck":["AscendersBane","Strike_B","Strike_B","Strike_B","Defend_B","Defend_B","Defend_B","Defend_B","Zap","Dualcast","Streamline","Streamline+1","Melter","Self Repair","Flash of Steel","Whirlwind+1","FollowUp","Rage+1","Feed","CurseOfTheBell","Steam","TalkToTheHand+1","Rip and Tear+1","Undo+1","Choke","Beam Cell+1","Conserve Battery","True Grit+1"],"relics":["Cracked Core","NeowsBlessing","Golden Idol","Gremlin Horn","Meat on the Bone","CaptainsWheel","PrismaticShard","Du-Vu Doll","Blue Candle","Calling Bell","Toy Ornithopter","Pear","Gambling Chip","Oddly Smooth Stone","Orichalcum","Unceasing Top","Sundial"],"acts_visited":["Exordium","TheCity"],"potions_floor_usage":[24,33],"damage_taken":[{"damage":0.0,"enemies":"2 Louse","floor":1.0,"turns":1.0},{"damage":0.0,"enemies":"Lagavulin","floor":6.0,"turns":1.0},{"damage":0.0,"enemies":"Jaw Worm","floor":11.0,"turns":1.0},{"damage":15.0,"enemies":"3 Sentries","floor":12.0,"turns":5.0},{"damage":14.0,"enemies":"Gremlin Nob","floor":14.0,"turns":4.0},{"damage":41.0,"enemies":"The Guardian","floor":16.0,"turns":11.0},{"damage":28.0,"enemies":"Shell Parasite","floor":18.0,"turns":4.0},{"damage":8.0,"enemies":"Chosen","floor":19.0,"turns":5.0},{"damage":38.0,"enemies":"Snake Plant","floor":22.0,"turns":5.0},{"damage":7.0,"enemies":"Cultist and Chosen","floor":23.0,"turns":5.0},{"damage":34,"enemies":"Book of Stabbing","floor":24,"turns":5},{"damage":12,"enemies":"3 Cultists","floor":25,"turns":5},{"damage":6,"enemies":"Chosen and Byrds","floor":31,"turns":3},{"damage":75,"enemies":"Champ","floor":33,"turns":9}],"seed_played":"7952826496436430293","potions_obtained":[{"floor":1.0,"key":"SneckoOil"},{"floor":12.0,"key":"BlessingOfTheForge"},{"floor":22.0,"key":"LiquidBronze"},{"floor":23.0,"key":"PowerPotion"},{"floor":24,"key":"SpeedPotion"},{"floor":31,"key":"Explosive Potion"}],"is_trial":false,"path_per_floor":["M","?","?","T","?","E","R","?","T","$","M","?","R","E","R","B",null,"M","M","$","?","M","M","E","M","T","R","?","R","T","M","R","B"],"character_chosen":"DEFECT","items_purchased":["PrismaticShard","Self Repair","Flash of Steel","Oddly Smooth Stone","Rip and Tear"],"campfire_rested":0,"item_purchase_floors":[10,10,10,20,20],"current_hp_per_floor":[64,64,64,64,57,57,57,57,57,57,57,49,49,42,42,20,63,57,59,59,59,33,50,40,50,50,50,50,50,50,44,44,0,0],"gold":217,"neow_bonus":"THREE_ENEMY_KILL","is_daily":false,"chose_seed":false,"campfire_upgraded":6,"win_rate":0.0,"timestamp":1611846376,"path_taken":["M","?","?","?","?","E","R","?","T","$","?","?","R","E","R","BOSS","M","M","$","?","M","M","E","M","T","R","?","R","?","M","R","BOSS"],"items_purchased_type":["Relic","Card","Card","Relic","Card"],"build_version":"2020-12-22","purchased_purges":0,"victory":false,"max_hp_per_floor":[71,71,64,64,64,64,64,64,64,64,64,64,64,64,64,64,74,77,80,80,80,80,80,80,83,83,83,83,83,83,83,83,83,83],"relic_stats":{"Gremlin Horn":[6,6],"counters":[14,64],"Golden Idol":84,"Sundial":[0],"Blue Candle":[5],"Gambling Chip":[23],"Orichalcum":[24],"obtain_stats":[{"Pear":17,"NeowsBlessing":0,"Gremlin Horn":4,"Golden Idol":3,"Blue Candle":14,"Oddly Smooth Stone":20,"Orichalcum":24,"PrismaticShard":10,"Du-Vu Doll":12,"Calling Bell":17,"CaptainsWheel":9,"Sundial":30,"Gambling Chip":17,"Cracked Core":0,"Toy Ornithopter":17,"Unceasing Top":26,"Meat on the Bone":6},{"Pear":6,"NeowsBlessing":0,"Gremlin Horn":1,"Golden Idol":1,"Blue Candle":5,"Oddly Smooth Stone":8,"Orichalcum":11,"PrismaticShard":2,"Du-Vu Doll":4,"Calling Bell":6,"CaptainsWheel":2,"Sundial":12,"Gambling Chip":6,"Cracked Core":0,"Toy Ornithopter":6,"Unceasing Top":12,"Meat on the Bone":2},{"Pear":23,"NeowsBlessing":0,"Gremlin Horn":1,"Golden Idol":1,"Blue Candle":12,"Oddly Smooth Stone":32,"Orichalcum":47,"PrismaticShard":2,"Du-Vu Doll":8,"Calling Bell":23,"CaptainsWheel":2,"Sundial":52,"Gambling Chip":23,"Cracked Core":0,"Toy Ornithopter":23,"Unceasing Top":52,"Meat on the Bone":2}],"Toy Ornithopter":15,"Unceasing Top":[0],"Meat on the Bone":72},"card_choices":[{"not_picked":["Darkness","Recycle"],"picked":"Streamline","floor":1.0},{"not_picked":["Coolheaded","Barrage"],"picked":"Streamline","floor":6.0},{"not_picked":["Rebound","Steam"],"picked":"Whirlwind","floor":11.0},{"not_picked":["Master of Strategy","Flex"],"picked":"FollowUp","floor":12.0},{"not_picked":["Bouncing Flask","Collect"],"picked":"Rage","floor":14.0},{"not_picked":["Fission","Immolate"],"picked":"Feed","floor":16.0},{"not_picked":["Nirvana","Hemokinesis"],"picked":"Steam","floor":18.0},{"not_picked":["Underhanded Strike","Hologram"],"picked":"TalkToTheHand+1","floor":19.0},{"not_picked":["PathToVictory","Rip and Tear","Tools of the Trade"],"picked":"SKIP","floor":22.0},{"not_picked":["Havoc","Flying Knee+1"],"picked":"Undo","floor":23.0},{"not_picked":["Cleave","Chill"],"picked":"Choke","floor":24},{"not_picked":["Seeing Red","Havoc"],"picked":"Beam Cell","floor":25},{"not_picked":["Second Wind","Amplify"],"picked":"True Grit+1","floor":31}],"player_experience":1875466,"relics_obtained":[{"floor":4.0,"key":"Gremlin Horn"},{"floor":6.0,"key":"Meat on the Bone"},{"floor":9.0,"key":"CaptainsWheel"},{"floor":12.0,"key":"Du-Vu Doll"},{"floor":14.0,"key":"Blue Candle"},{"floor":17.0,"key":"Toy Ornithopter"},{"floor":17.0,"key":"Pear"},{"floor":17.0,"key":"Gambling Chip"},{"floor":24,"key":"Orichalcum"},{"floor":26,"key":"Unceasing Top"},{"floor":30,"key":"Sundial"}],"event_choices":[{"damage_healed":0.0,"max_hp_gain":0.0,"max_hp_loss":0.0,"gold_gain":150.0,"event_name":"Liars Game","player_choice":"AGREE","floor":2.0,"gold_loss":0.0,"damage_taken":0.0,"cards_obtained":["Doubt"]},{"damage_healed":0.0,"max_hp_gain":0.0,"max_hp_loss":7.0,"gold_gain":0.0,"event_name":"Golden Idol","player_choice":"Lose Max HP","floor":3.0,"gold_loss":0.0,"damage_taken":0.0,"relics_obtained":["Golden Idol"]},{"cards_removed":["Doubt"],"damage_healed":0.0,"max_hp_gain":0.0,"max_hp_loss":0.0,"gold_gain":0.0,"event_name":"Golden Wing","player_choice":"Card Removal","floor":5.0,"gold_loss":0.0,"damage_taken":7.0},{"damage_healed":0.0,"max_hp_gain":0.0,"max_hp_loss":0.0,"gold_gain":0.0,"cards_transformed":["Strike_B"],"event_name":"Living Wall","player_choice":"Change","floor":8.0,"gold_loss":0.0,"damage_taken":0.0,"cards_obtained":["Melter"]},{"damage_healed":0.0,"max_hp_gain":0.0,"max_hp_loss":0.0,"gold_gain":0.0,"event_name":"Dead Adventurer","player_choice":"Searched \u00271\u0027 times","floor":12.0,"gold_loss":0.0,"damage_taken":0.0},{"damage_healed":0.0,"max_hp_gain":0.0,"max_hp_loss":0.0,"gold_gain":0.0,"event_name":"Cursed Tome","player_choice":"Ignored","floor":21.0,"gold_loss":0.0,"damage_taken":0.0},{"damage_healed":0,"gold_gain":0,"player_choice":"Read","damage_taken":0,"max_hp_gain":0,"max_hp_loss":0,"event_name":"The Library","floor":28,"gold_loss":0,"cards_obtained":["Conserve Battery"]}],"is_beta":false,"boss_relics":[{"not_picked":["Snecko Eye","Ectoplasm"],"picked":"Calling Bell"}],"items_purged_floors":[],"is_endless":false,"potions_floor_spawned":[1,12,22,23,24,31],"killed_by":"Champ","ascension_level":19}}