{"host":"zwezhz46a5cjkxff","time":1611818298,"event":{"mods":["AchievementEnabler","BaseMod","Colored Map","Colored Powertips","DeckTracker","Hermit","Marisa????????","Minty Spire (QoL Compilation)","Permanent Neow","Quick Restart","Rare Cards Sparkle","Relic Stats","Robot Space Explorer","StSLib","SuperFastMode","The Hierophant","The Servant 0.9.4","Weighted Paths","slay the spire mod where everything is the same but ironclad has a cowboy hat"],"gold_per_floor":[17,33,33,54,70,103,103,122,122,122,158,173,193,229,229,229,229],"floor_reached":16,"language":"ENG","playtime":603,"items_purged":[],"score":130,"play_id":"4768389d-ee0a-4cc7-922a-cce2a8d3dcee","local_time":"20210128011818","is_ascension_mode":true,"campfire_choices":[{"floor":7,"key":"REST"},{"floor":10,"key":"REST"},{"data":"Redo","floor":15,"key":"SMITH"}],"circlet_count":0,"master_deck":["Strike_B","Strike_B","Strike_B","Strike_B","Defend_B","Defend_B","Defend_B","Defend_B+1","Zap+1","Dualcast","Gash","FTL","Redo+1","White Noise","Gash","Scrape","Beam Cell","Steam","Biased Cognition"],"relics":["Cracked Core","Unceasing Top","Golden Idol","War Paint","Ornamental Fan","Strawberry","TungstenRod"],"acts_visited":["Exordium"],"potions_floor_usage":[6,6,11,14,14],"damage_taken":[{"damage":0,"enemies":"2 Louse","floor":1,"turns":3},{"damage":5,"enemies":"Small Slimes","floor":2,"turns":3},{"damage":6,"enemies":"Cultist","floor":4,"turns":3},{"damage":10,"enemies":"Looter","floor":5,"turns":3},{"damage":31,"enemies":"Lagavulin","floor":6,"turns":4},{"damage":7,"enemies":"Blue Slaver","floor":8,"turns":2},{"damage":9,"enemies":"3 Sentries","floor":11,"turns":5},{"damage":11,"enemies":"Exordium Wildlife","floor":12,"turns":4},{"damage":0,"enemies":"2 Fungi Beasts","floor":13,"turns":2},{"damage":1,"enemies":"Lagavulin","floor":14,"turns":4},{"damage":29,"enemies":"The Guardian","floor":16,"turns":7}],"seed_played":"-528562118630819666","potions_obtained":[{"floor":2,"key":"PowerPotion"},{"floor":4,"key":"Fire Potion"},{"floor":8,"key":"Explosive Potion"},{"floor":11,"key":"CultistPotion"},{"floor":12,"key":"LiquidBronze"}],"is_trial":false,"path_per_floor":["M","M","?","M","M","E","R","M","T","R","E","M","M","E","R","B"],"character_chosen":"DEFECT","items_purchased":[],"campfire_rested":2,"item_purchase_floors":[],"current_hp_per_floor":[75,70,52,46,36,5,27,20,20,42,40,29,29,28,28,0,0],"gold":229,"neow_bonus":"ONE_RARE_RELIC","is_daily":false,"chose_seed":false,"campfire_upgraded":1,"win_rate":0.0,"timestamp":1611818298,"path_taken":["M","M","?","M","M","E","R","M","T","R","E","M","M","E","R","BOSS"],"items_purchased_type":[],"build_version":"2020-12-22","purchased_purges":0,"victory":false,"max_hp_per_floor":[75,75,75,75,75,75,75,75,75,75,82,82,82,82,82,82,82],"relic_stats":{"counters":[11,40],"Golden Idol":39,"Ornamental Fan":[36],"War Paint":["Defend_B","Zap"],"obtain_stats":[{"Golden Idol":3,"Ornamental Fan":9,"Strawberry":11,"War Paint":6,"Cracked Core":0,"Unceasing Top":0,"TungstenRod":14},{"Golden Idol":2,"Ornamental Fan":6,"Strawberry":7,"War Paint":5,"Cracked Core":0,"Unceasing Top":0,"TungstenRod":10},{"Golden Idol":6,"Ornamental Fan":18,"Strawberry":23,"War Paint":16,"Cracked Core":0,"Unceasing Top":0,"TungstenRod":33}],"Unceasing Top":[6],"TungstenRod":8},"card_choices":[{"not_picked":["Redo","Recycle"],"picked":"Gash","floor":1},{"not_picked":["Capacitor","Sunder"],"picked":"FTL","floor":2},{"not_picked":["Cold Snap","Ball Lightning","Stack"],"picked":"SKIP","floor":4},{"not_picked":["Doom and Gloom","Darkness"],"picked":"Redo","floor":5},{"not_picked":["Barrage","Reprogram"],"picked":"White Noise","floor":6},{"not_picked":["Melter","Stack"],"picked":"Gash","floor":8},{"not_picked":["Rebound","Sweeping Beam"],"picked":"Scrape","floor":11},{"not_picked":["Coolheaded","Barrage"],"picked":"Beam Cell","floor":12},{"not_picked":["Loop","Genetic Algorithm"],"picked":"Steam","floor":13},{"not_picked":["Turbo","Undo"],"picked":"Biased Cognition","floor":14}],"player_experience":34091,"relics_obtained":[{"floor":6,"key":"War Paint"},{"floor":9,"key":"Ornamental Fan"},{"floor":11,"key":"Strawberry"},{"floor":14,"key":"TungstenRod"}],"event_choices":[{"damage_healed":0,"gold_gain":0,"player_choice":"Take Damage","damage_taken":18,"relics_obtained":["Golden Idol"],"max_hp_gain":0,"max_hp_loss":0,"event_name":"Golden Idol","floor":3,"gold_loss":0}],"is_beta":false,"boss_relics":[],"items_purged_floors":[],"is_endless":false,"potions_floor_spawned":[2,4,8,11,12],"killed_by":"The Guardian","ascension_level":1}}