{"host":"f0gpob8hq9vgebej","time":1611850106,"event":{"mods":["AchievementEnabler","BaseMod","Minty Spire (QoL Compilation)","Quick Restart","SuperFastMode"],"gold_per_floor":[18,33,45,61,77,77,77,105,105,105,280,280,205,221,221,295,295,314,333,333,333],"floor_reached":20,"language":"KOR","playtime":574,"items_purged":["Doubt"],"score":316,"play_id":"913a7b0e-b6c4-4bd5-a730-035e52b9e99e","local_time":"20210129010826","is_ascension_mode":true,"campfire_choices":[{"data":"Body Slam","floor":7.0,"key":"SMITH"},{"data":"True Grit","floor":10,"key":"SMITH"},{"data":"Armaments","floor":12,"key":"SMITH"},{"data":"Shrug It Off","floor":15,"key":"SMITH"}],"circlet_count":0,"master_deck":["AscendersBane","Strike_R","Strike_R","Strike_R","Strike_R","Defend_R","Defend_R","Defend_R","Bash","Body Slam+1","Shrug It Off+1","Armaments+1","True Grit+1","Pommel Strike","Sentinel","Demon Form","CurseOfTheBell","Evolve"],"relics":["Burning Blood","Meat on the Bone","Incense Burner","Calling Bell","Omamori","Mummified Hand","Girya"],"acts_visited":["Exordium","TheCity"],"potions_floor_usage":[16,16],"damage_taken":[{"damage":6.0,"enemies":"Cultist","floor":1.0,"turns":4.0},{"damage":12.0,"enemies":"Jaw Worm","floor":2.0,"turns":3.0},{"damage":10.0,"enemies":"Small Slimes","floor":3.0,"turns":4.0},{"damage":3.0,"enemies":"3 Louse","floor":4.0,"turns":5.0},{"damage":12.0,"enemies":"Exordium Wildlife","floor":5.0,"turns":7.0},{"damage":10.0,"enemies":"Lagavulin","floor":6.0,"turns":6.0},{"damage":36,"enemies":"Gremlin Nob","floor":8,"turns":5},{"damage":2,"enemies":"2 Fungi Beasts","floor":14,"turns":4},{"damage":29,"enemies":"Hexaghost","floor":16,"turns":16},{"damage":14,"enemies":"Spheric Guardian","floor":18,"turns":6},{"damage":53,"enemies":"3 Byrds","floor":19,"turns":10},{"damage":23,"enemies":"Cultist and Chosen","floor":20,"turns":8}],"seed_played":"-1089685804995456195","potions_obtained":[{"floor":2.0,"key":"SpeedPotion"},{"floor":5.0,"key":"SmokeBomb"},{"floor":14,"key":"SkillPotion"}],"is_trial":false,"path_per_floor":["M","M","M","M","M","E","R","E","T","R","?","R","$","M","R","B",null,"M","M","M"],"character_chosen":"IRONCLAD","items_purchased":[],"campfire_rested":0,"item_purchase_floors":[],"current_hp_per_floor":[68,62,58,61,55,51,51,21,21,21,21,21,21,37,37,26,63,55,20,0,0],"gold":333,"neow_bonus":"REMOVE_TWO","is_daily":false,"chose_seed":false,"campfire_upgraded":4,"win_rate":0.0,"timestamp":1611850106,"path_taken":["M","M","M","?","M","E","R","E","T","R","?","R","$","M","R","BOSS","M","M","M"],"items_purchased_type":[],"build_version":"2020-12-22","purchased_purges":1,"victory":false,"max_hp_per_floor":[75,75,75,75,75,75,75,75,75,75,75,75,75,75,75,75,75,75,75,75,75],"card_choices":[{"not_picked":["Thunderclap","Headbutt"],"picked":"Body Slam","floor":1.0},{"not_picked":["Headbutt","Intimidate","Body Slam"],"picked":"SKIP","floor":2.0},{"not_picked":["Sentinel","Clothesline"],"picked":"Shrug It Off","floor":3.0},{"not_picked":["Whirlwind","Pummel"],"picked":"Armaments","floor":4.0},{"not_picked":["True Grit","Havoc","Dropkick"],"picked":"SKIP","floor":5.0},{"not_picked":["Havoc","Dropkick"],"picked":"True Grit","floor":5.0},{"not_picked":["Headbutt","Hemokinesis"],"picked":"Pommel Strike","floor":8},{"not_picked":["Anger","Havoc"],"picked":"Sentinel","floor":14},{"not_picked":["Brutality","Bludgeon"],"picked":"Demon Form","floor":16},{"not_picked":["Searing Blow","Clash","Bloodletting"],"picked":"SKIP","floor":18},{"not_picked":["Perfected Strike","Body Slam"],"picked":"Evolve","floor":19}],"player_experience":283573,"relics_obtained":[{"floor":8,"key":"Meat on the Bone"},{"floor":9,"key":"Incense Burner"},{"floor":17,"key":"Omamori"},{"floor":17,"key":"Mummified Hand"},{"floor":17,"key":"Girya"}],"event_choices":[{"damage_healed":0,"gold_gain":175,"player_choice":"AGREE","damage_taken":0,"max_hp_gain":0,"max_hp_loss":0,"event_name":"Liars Game","floor":11,"gold_loss":0,"cards_obtained":["Doubt"]}],"is_beta":false,"boss_relics":[{"not_picked":["Ectoplasm","Mark of Pain"],"picked":"Calling Bell"}],"items_purged_floors":[13],"is_endless":false,"potions_floor_spawned":[2,5,6,14],"killed_by":"Cultist and Chosen","ascension_level":14}}