{"host":"p8f0otjoacyb9giz","time":1611869944,"event":{"mods":["AchievementEnabler","BaseMod","Downfall","Minty Spire (QoL Compilation)","StSLib"],"gold_per_floor":[99,99,99,99,99,99,149,181,81,106,125,158,53,85,105,202,202,102,118,118,53,65,91,91,28,59,59,59,85,101,101,119,215,215,115,129,139,156,175,147,221,233,233,264,146,174,220,235,246,246,246,246,246,246],"floor_reached":52,"language":"ENG","playtime":3305,"items_purged":["Slimebound:Defend_Slimebound","Slimebound:Defend_Slimebound","Slimebound:Split"],"score":970,"play_id":"146d0c38-06ad-4f63-90f0-dbda8c8a5185","local_time":"20210129003904","is_ascension_mode":true,"campfire_choices":[{"data":"Slimebound:CorrosiveSpit","floor":1,"key":"SMITH"},{"data":"Slimebound:MegaLick","floor":9,"key":"SMITH"},{"data":"Slimebound:DuplicatedForm","floor":18,"key":"SMITH"},{"floor":27,"key":"RECALL"},{"data":"Slimebound:RejuvenatingLick","floor":35,"key":"SMITH"}],"circlet_count":0,"master_deck":["Slimebound:Strike_Slimebound","Slimebound:Strike_Slimebound","Slimebound:Strike_Slimebound","Slimebound:Tackle","Slimebound:Defend_Slimebound","Slimebound:CorrosiveSpit+1","Slimebound:Recollect","Slimebound:ItLooksTasty","Slimebound:MegaLick+1","Slimebound:GoopSpray","Slimebound:SlimeTap","Slimebound:GoopSpray","Slimebound:RejuvenatingLick+1","Slimebound:SpikyOuterGoop","Slimebound:LeechEnergy","Slimebound:GrowthPunch+1","Slimebound:DuplicatedForm+1","Slimebound:LeechEnergy","Slimebound:FinishingTackle","Slimebound:ItLooksTasty","Slimebound:RainOfGoop+1","Slimebound:HauntingLick+1","Slimebound:SamplingLick+1","Slimebound:SamplingLick+1","Slimebound:OozeBath+1","Slimebound:GrowthPunch+1","Slimebound:Equalize+1","Slimebound:Grow","expansioncontent:AwakenDeath","Slimebound:Recollect+1","Slimebound:HauntingLick+1","Slimebound:Grow","Slimebound:LivingWall+1","Slimebound:TongueLash+1","Slimebound:ComboTackle+1"],"relics":["Slimebound:AbsorbEndCombatUpgraded","downfall:HeartsMalice","Ice Cream","downfall:HeartBlessingBlue","Blood Vial","Smiling Mask","Letter Opener","Runic Dome","downfall:HeartBlessingGreen","Toxic Egg 2","Pear","Slimebound:AggressiveSlimeRelic","Blue Candle","Juzu Bracelet","downfall:HeartBlessingRed","Slimebound:SelfDamagePreventRelic","bronze:DecasWashers","Potion Belt","Bird Faced Urn","Guardian:GemstoneGun"],"acts_visited":["Exordium","TheCity","TheBeyond","TheEnding"],"potions_floor_usage":[21,23,23,25,25,33,50,52],"damage_taken":[{"damage":0,"enemies":"Jaw Worm","floor":2,"turns":1},{"damage":0,"enemies":"Small Slimes","floor":4,"turns":1},{"damage":0,"enemies":"Cultist","floor":5,"turns":1},{"damage":22,"enemies":"Gremlin Nob","floor":8,"turns":4},{"damage":17,"enemies":"3 Sentries","floor":10,"turns":7},{"damage":7,"enemies":"3 Louse","floor":11,"turns":2},{"damage":18,"enemies":"Gremlin Nob","floor":12,"turns":4},{"damage":0,"enemies":"downfall:FleeingMerchant","floor":13,"turns":4},{"damage":7,"enemies":"3 Sentries","floor":14,"turns":6},{"damage":12,"enemies":"Exordium Wildlife","floor":15,"turns":3},{"damage":17,"enemies":"DF_ARCHETYPE_STREAMLINE","floor":16,"turns":12},{"damage":19,"enemies":"Shell Parasite","floor":19,"turns":4},{"damage":19,"enemies":"downfall:FleeingMerchant","floor":21,"turns":4},{"damage":27,"enemies":"3 Byrds","floor":22,"turns":3},{"damage":30,"enemies":"Gremlin Leader","floor":23,"turns":5},{"damage":54,"enemies":"downfall:FleeingMerchant","floor":25,"turns":4},{"damage":26,"enemies":"Book of Stabbing","floor":26,"turns":4},{"damage":39,"enemies":"Slavers","floor":29,"turns":3},{"damage":15,"enemies":"Centurion and Healer","floor":30,"turns":3},{"damage":32,"enemies":"Sentry and Sphere","floor":32,"turns":3},{"damage":20,"enemies":"SI_MIRROR_ARCHETYPE","floor":33,"turns":8},{"damage":3,"enemies":"3 Darklings","floor":36,"turns":3},{"damage":20,"enemies":"Orb Walker","floor":37,"turns":3},{"damage":6,"enemies":"3 Darklings","floor":38,"turns":4},{"damage":26,"enemies":"Writhing Mass","floor":39,"turns":4},{"damage":12,"enemies":"downfall:FleeingMerchant","floor":40,"turns":3},{"damage":14,"enemies":"4 Shapes","floor":42,"turns":3},{"damage":3,"enemies":"Reptomancer","floor":44,"turns":5},{"damage":69,"enemies":"Nemesis","floor":46,"turns":6},{"damage":37,"enemies":"2 Orb Walkers","floor":47,"turns":4},{"damage":23,"enemies":"Maw","floor":48,"turns":5},{"damage":30,"enemies":"Jaw Worm Horde","floor":49,"turns":3},{"damage":102,"enemies":"IC_BLOCK_ARCHETYPE","floor":50,"turns":12},{"damage":166,"enemies":"downfall:CharBossMerchant","floor":52,"turns":7}],"seed_played":"-7010107465912202663","potions_obtained":[{"floor":8,"key":"Slimebound:SlimedPotion"},{"floor":10,"key":"AttackPotion"},{"floor":11,"key":"EntropicBrew"},{"floor":26,"key":"Strength Potion"},{"floor":29,"key":"Energy Potion"},{"floor":31,"key":"CultistPotion"},{"floor":37,"key":"Guardian:BlockOnCardUsePotion"},{"floor":46,"key":"Slimebound:SlimyTonguePotion"},{"floor":49,"key":"Strength Potion"}],"is_trial":false,"path_per_floor":["R","M","?","M","M","?","T","E","R","E","M","E","$","E","M","B",null,"R","M","?","$","M","E","T","$","E","R","?","E","M","?","M","B",null,"R","M","M","M","M","$","T","M","?","E","$","E","?","M","M","B",null,"E"],"character_chosen":"SLIMEBOUND","items_purchased":["Slimebound:SpikyOuterGoop","Slimebound:LeechEnergy","Slimebound:HauntingLick+1","Slimebound:Grow","expansioncontent:AwakenDeath","Slimebound:SelfDamagePreventRelic","Slimebound:Grow"],"campfire_rested":0,"item_purchase_floors":[13,13,25,40,40,40,45],"current_hp_per_floor":[65,65,65,65,65,70,70,56,66,57,58,50,60,63,61,54,80,80,80,80,78,74,65,75,61,60,60,55,26,36,36,29,34,90,90,90,88,90,68,79,79,82,82,87,87,45,44,73,78,18,90,0,0,0],"gold":246,"neow_bonus":"THREE_ENEMY_KILL","is_daily":false,"chose_seed":false,"campfire_upgraded":4,"win_rate":0.0,"timestamp":1611869944,"path_taken":["R","M","?","M","M","?","T","E","R","E","M","E","$","E","M","BOSS","R","M","?","$","M","E","T","?","E","R","?","E","M","?","M","BOSS","R","M","M","M","M","$","T","M","?","E","$","E","?","M","M","BOSS","E"],"items_purchased_type":["Card","Card","Card","Card","Card","Relic","Card"],"build_version":"2020-12-22","purchased_purges":3,"victory":false,"max_hp_per_floor":[65,65,65,65,65,70,70,70,80,80,80,80,80,80,80,80,80,80,80,80,80,80,80,90,90,90,90,90,90,90,90,90,90,90,90,90,90,90,90,90,90,90,90,90,90,90,90,90,90,90,90,90,90,90],"card_choices":[{"not_picked":["Slimebound:SamplingLick","Slimebound:FinishingTackle"],"picked":"Slimebound:Recollect","floor":2},{"not_picked":["Slimebound:SamplingLick","Slimebound:FormOfPuddle"],"picked":"Slimebound:ItLooksTasty","floor":4},{"not_picked":["Slimebound:DisruptingSlam","Slimebound:SlimeSpikes"],"picked":"Slimebound:MegaLick","floor":5},{"not_picked":["Slimebound:SplitAcid","Slimebound:SplitMire"],"picked":"Slimebound:GoopSpray","floor":8},{"not_picked":["Slimebound:PressTheAttack","Slimebound:SlimeSpikes"],"picked":"Slimebound:SlimeTap","floor":10},{"not_picked":["Slimebound:SplitAcid","Slimebound:ComboTackle","Slimebound:RollThrough"],"picked":"SKIP","floor":11},{"not_picked":["Slimebound:Teamwork","Slimebound:SplitLeeching"],"picked":"Slimebound:GoopSpray","floor":12},{"not_picked":["Slimebound:DuplicatedForm","Slimebound:GoopTackle"],"picked":"Slimebound:RejuvenatingLick","floor":13},{"not_picked":["Slimebound:LeechingTouch","Slimebound:PressTheAttack","Slimebound:Dissolve"],"picked":"SKIP","floor":14},{"not_picked":["Slimebound:DivideAndConquer","Slimebound:GoopTackle"],"picked":"Slimebound:GrowthPunch","floor":15},{"not_picked":["Slimebound:LeechLife","Slimebound:OneTwoCombo"],"picked":"Slimebound:DuplicatedForm","floor":16},{"not_picked":["Slimebound:LeechEnergy","Slimebound:SlimeSpikes","Slimebound:ComboTackle+1"],"picked":"SKIP","floor":19},{"not_picked":["Slimebound:Schlurp","Slimebound:ComboTackle"],"picked":"Slimebound:LeechEnergy","floor":21},{"not_picked":["Slimebound:Repurpose","Slimebound:SlimeBarrage+1"],"picked":"Slimebound:FinishingTackle","floor":22},{"not_picked":["Slimebound:Teamwork+1","Slimebound:BestDefense"],"picked":"Slimebound:ItLooksTasty","floor":23},{"not_picked":["Slimebound:DivideAndConquer+1","Slimebound:LivingWall+1"],"picked":"Slimebound:RainOfGoop+1","floor":25},{"not_picked":["Slimebound:ComboTackle","Slimebound:PressTheAttack+1","Slimebound:SplitMire+1"],"picked":"SKIP","floor":26},{"not_picked":["Slimebound:ComboTackle","Slimebound:SlimeSpikes+1"],"picked":"Slimebound:SamplingLick+1","floor":29},{"not_picked":["Slimebound:HauntingLick+1","Slimebound:LeechEnergy"],"picked":"Slimebound:SamplingLick+1","floor":30},{"not_picked":["Slimebound:LeechingTouch","Slimebound:ComboTackle","Slimebound:ProtectTheBoss"],"picked":"SKIP","floor":32},{"not_picked":["Slimebound:OneTwoCombo","Slimebound:MinionMaster"],"picked":"Slimebound:OozeBath+1","floor":33},{"not_picked":["Slimebound:ComboTackle+1","Slimebound:LevelUp+1"],"picked":"Slimebound:GrowthPunch+1","floor":36},{"not_picked":["Slimebound:SlimeSpikes+1","Slimebound:SplitAcid+1","Slimebound:SplitMire+1"],"picked":"SKIP","floor":37},{"not_picked":["Slimebound:LeadByExample+1","Slimebound:ItLooksTasty+1"],"picked":"Slimebound:Equalize+1","floor":38},{"not_picked":["Slimebound:SplitAcid+1","Slimebound:RollThrough","Slimebound:Prepare+1"],"picked":"SKIP","floor":39},{"not_picked":["Slimebound:FirmFortitude+1","Slimebound:Nibble","Slimebound:LeechingTouch"],"picked":"SKIP","floor":40},{"not_picked":["Slimebound:ComboTackle+1","Slimebound:SplitMire+1"],"picked":"Slimebound:Recollect+1","floor":42},{"not_picked":["Slimebound:Overexert","Slimebound:PressTheAttack+1"],"picked":"Slimebound:HauntingLick+1","floor":44},{"not_picked":["Slimebound:ItLooksTasty","Slimebound:PressTheAttack"],"picked":"Slimebound:LivingWall+1","floor":46},{"not_picked":["Slimebound:HauntingLick+1","Slimebound:Prepare+1"],"picked":"Slimebound:TongueLash+1","floor":47},{"not_picked":["Slimebound:SlimeSpikes+1","Slimebound:PressTheAttack","Slimebound:GoopTackle+1"],"picked":"SKIP","floor":48},{"not_picked":["Slimebound:PressTheAttack+1","Slimebound:Repurpose+1"],"picked":"Slimebound:ComboTackle+1","floor":49}],"player_experience":415698,"relics_obtained":[{"floor":8,"key":"Ice Cream"},{"floor":10,"key":"Blood Vial"},{"floor":12,"key":"Smiling Mask"},{"floor":14,"key":"Letter Opener"},{"floor":23,"key":"Toxic Egg 2"},{"floor":24,"key":"Pear"},{"floor":26,"key":"Slimebound:AggressiveSlimeRelic"},{"floor":29,"key":"Juzu Bracelet"},{"floor":41,"key":"bronze:DecasWashers"},{"floor":44,"key":"Potion Belt"},{"floor":46,"key":"Bird Faced Urn"},{"floor":47,"key":"Guardian:GemstoneGun"}],"event_choices":[{"cards_removed":["Slimebound:Defend_Slimebound"],"damage_healed":0,"gold_gain":0,"player_choice":"Card Removal","damage_taken":0,"max_hp_gain":0,"max_hp_loss":0,"event_name":"The Cleric","floor":3,"gold_loss":0},{"damage_healed":0,"gold_gain":0,"player_choice":"Donut","damage_taken":0,"max_hp_gain":5,"max_hp_loss":0,"event_name":"Big Fish","floor":6,"gold_loss":0},{"damage_healed":0,"gold_gain":0,"player_choice":"Fight","damage_taken":0,"max_hp_gain":0,"max_hp_loss":0,"event_name":"Mysterious Sphere","floor":47,"gold_loss":0}],"is_beta":false,"boss_relics":[{"not_picked":["bronze:MakeshiftBattery","SlaversCollar"],"picked":"Runic Dome"},{"not_picked":["Coffee Dripper","expansioncontent:StudyCardRelic"],"picked":"Slimebound:AbsorbEndCombatUpgraded"}],"items_purged_floors":[21,40,45],"is_endless":false,"potions_floor_spawned":[8,10,11,15,16,19,26,29,32,37,38,42,46,49],"killed_by":"downfall:CharBossMerchant","ascension_level":4}}