{"host":"mg1itvgex7et97yk","time":1611876220,"event":{"mods":["100% Spire Juice","2.2 Compatiblity","Act Like it!","Aspiration","BaseMod","Bestiary","Challenge The Spire","Colored Map","Conspire","Downfall","Elementarium","Energized Spire","Gensokyo","GifTheSpireLib","Googly Eyes","GungeonMod","Halation","Hallownest","Highlight Path","Hubris","Infinite Spire","Jedi Mod","Jorbs\u0027s Wanderer Trilogy","Menagerie","Mimic Mod","Minty Spire (QoL Compilation)","Quarter Circle Forward PUNCH!","READ ME - Snecko Mod","Rare Cards Sparkle","Relic Sorter","Relic Stats","Replay The Spire","Shop Mod","Small Relic Pack","Spikes Relics","Spire Arcade","StSLib","Stuff the Spire","The Animator","The Blue Laboratory","The Bug Knight","The Forsaken","The IronCluck","The Wild Card","Trackpad","[IsaacMod]????","everything is the same but u backflip on backflip","slay the spire mod where everything is the same but ironclad has a cowboy hat","??????REMEMod"],"gold_per_floor":[99,115,140,32,47,47,84,307,328,359,379,379,279,317,347,458,458,458,483,512,536,566,586,586,619,627,627,627],"floor_reached":26,"language":"ENG","playtime":3905,"items_purged":[],"score":251,"play_id":"1b940ae9-21dc-40b3-a4b8-45be6a82056b","local_time":"20210128152340","is_ascension_mode":false,"campfire_choices":[{"floor":1.0,"key":"RECALL"},{"data":"bronze:Repair","floor":13.0,"key":"SMITH"},{"data":"bronze:Verify","floor":18,"key":"SMITH"}],"circlet_count":0,"master_deck":["bronze:Strike","bronze:Strike","bronze:Strike","bronze:Strike","bronze:Defend","bronze:Defend","bronze:Defend","bronze:Defend","bronze:Replicate","bronze:Goto","SuicideKing","stsjorbsmod:Concentrate","animator:Strike_Kancolle","animator:Defend_Fate","bronze:FollowUp","bronze:Repair+1","bronze:Optimize","bronze:Overload","bronze:Backtrace","bronze:Optimize","bronze:Boost","bronze:ThunderWave","bronze:OilSpill","bronze:Verify+1","bronze:Repulsor+1","bronze:Philosophize","bronze:SpaghettiCode","bronze:CutThrough+1","bronze:Repair+1","bronze:MaxOutput+1"],"relics":["bronze:BronzeCore","halation:VictoryRuler","MaYiHuaBei","TuHaoJin","HushsDoor","REME_ComplimentaryCards","Gensokyo:Justice","SnailShell","conspire:Boomerang","Juzu Bracelet","trackpad:AdjectivePendant","downfall:HeartBlessingRed","conspire:SpecialSausage"],"acts_visited":["Gensokyo:Gensokyo","Gensokyo:Gensokyoer"],"potions_floor_usage":[26,26],"damage_taken":[{"damage":0.0,"enemies":"Gensokyo:Python","floor":2.0,"turns":4.0},{"damage":0.0,"enemies":"Gensokyo:2_Kodama","floor":3.0,"turns":4.0},{"damage":3.0,"enemies":"Gensokyo:Gryphon","floor":5.0,"turns":4.0},{"damage":3.0,"enemies":"Gensokyo:LivingMonolith","floor":7.0,"turns":9.0},{"damage":20.0,"enemies":"Gensokyo:LivingMonolith","floor":8.0,"turns":4.0},{"damage":0.0,"enemies":"Gensokyo:Gryphon_and_Rabbit","floor":9.0,"turns":5.0},{"damage":13.0,"enemies":"Gensokyo:Cirno","floor":10.0,"turns":5.0},{"damage":0.0,"enemies":"Gensokyo:3_Kodama","floor":11.0,"turns":3.0},{"damage":0.0,"enemies":"Gensokyo:Mamizou","floor":14.0,"turns":7.0},{"damage":0.0,"enemies":"Gensokyo:VengefulSpirit","floor":15.0,"turns":3.0},{"damage":57.0,"enemies":"WA_ARCHETYPE_RETAIN","floor":16.0,"turns":9.0},{"damage":19,"enemies":"Gensokyo:Chomper","floor":19,"turns":5},{"damage":8,"enemies":"Gensokyo:3_Dogs","floor":20,"turns":6},{"damage":7,"enemies":"Gensokyo:Slime_Group","floor":21,"turns":4},{"damage":45,"enemies":"Gensokyo:Monolith_and_Dog","floor":22,"turns":8},{"damage":2,"enemies":"Gensokyo:Mirror_and_Dog","floor":23,"turns":2},{"damage":0,"enemies":"Gensokyo:Wraith","floor":25,"turns":3},{"damage":55,"enemies":"Gensokyo:Tenshi","floor":26,"turns":3}],"seed_played":"1879893494317905341","potions_obtained":[{"floor":2.0,"key":"hexamod:SoulburnPotion"},{"floor":8.0,"key":"blueLaboratory:ArtificerPotion"},{"floor":9.0,"key":"conspire:TimeTravelPotion"},{"floor":10.0,"key":"blueLaboratory:BubblePotion"},{"floor":14.0,"key":"DemoMod:LeadSkinPotion"},{"floor":16.0,"key":"LifebloodPotion"},{"floor":20,"key":"FearPotion"},{"floor":25,"key":"DistilledChaos"}],"is_trial":false,"path_per_floor":["R","M","M","COS","M","?","MIM","M","M","E","M","?","R","E","M","B",null,"R","M","M","M","M","M","T","M","E"],"character_chosen":"THE_AUTOMATON","items_purchased":[],"campfire_rested":0,"item_purchase_floors":[],"current_hp_per_floor":[70,70,70,70,70,70,70,57,67,64,70,55,55,65,70,56,70,70,61,63,63,28,26,26,26,0,0,0],"gold":627,"neow_bonus":"ONE_RARE_RELIC","is_daily":false,"chose_seed":false,"campfire_upgraded":2,"win_rate":0.0,"timestamp":1611876220,"path_taken":["R","M","M","COS","M","?","MIM","?","M","E","M","?","R","E","M","BOSS","R","M","M","M","M","M","T","M","E"],"items_purchased_type":[],"build_version":"2020-12-22","purchased_purges":0,"victory":false,"max_hp_per_floor":[70,70,70,70,70,70,70,70,70,70,70,70,70,70,70,70,70,70,70,70,70,70,70,70,70,70,70,70],"relic_stats":{"counters":[18,88],"Juzu Bracelet":0,"obtain_stats":[{"KeepersGift":0,"MaYiHuaBei":0,"SnailShell":7,"bronze:BronzeCore":0,"downfall:HeartBlessingRed":13,"conspire:SpecialSausage":17,"DemoMod:GlassGuonStoneRelic":2,"conspire:Boomerang":9,"Juzu Bracelet":10,"Gensokyo:Justice":6,"halation:VictoryRuler":0,"TuHaoJin":14,"trackpad:AdjectivePendant":12,"HushsDoor":0,"REME_ComplimentaryCards":0},{"KeepersGift":0,"MaYiHuaBei":0,"SnailShell":4,"bronze:BronzeCore":0,"downfall:HeartBlessingRed":8,"conspire:SpecialSausage":11,"DemoMod:GlassGuonStoneRelic":1,"conspire:Boomerang":6,"Juzu Bracelet":7,"Gensokyo:Justice":3,"halation:VictoryRuler":0,"TuHaoJin":9,"trackpad:AdjectivePendant":8,"HushsDoor":0,"REME_ComplimentaryCards":0},{"KeepersGift":0,"MaYiHuaBei":0,"SnailShell":21,"bronze:BronzeCore":0,"downfall:HeartBlessingRed":38,"conspire:SpecialSausage":57,"DemoMod:GlassGuonStoneRelic":4,"conspire:Boomerang":27,"Juzu Bracelet":35,"Gensokyo:Justice":12,"halation:VictoryRuler":0,"TuHaoJin":45,"trackpad:AdjectivePendant":38,"HushsDoor":0,"REME_ComplimentaryCards":0}]},"card_choices":[{"not_picked":[],"picked":"SuicideKing","floor":0.0},{"not_picked":["bronze:OilSpill","bronze:Overheat"],"picked":"bronze:FollowUp","floor":2.0},{"not_picked":["bronze:Iterate","bronze:ForceShield"],"picked":"bronze:Repair","floor":3.0},{"not_picked":["bronze:WildBeam","bronze:Branch"],"picked":"bronze:BronzeArmor","floor":5.0},{"not_picked":["bronze:BuggyMess","bronze:Shield"],"picked":"bronze:Optimize","floor":7.0},{"not_picked":["bronze:Turbo","bronze:DelayedSlice"],"picked":"bronze:Overload","floor":8.0},{"not_picked":["bronze:BitShift","bronze:Invalidate"],"picked":"bronze:Backtrace","floor":9.0},{"not_picked":["bronze:CutThrough","bronze:DelayedGuard"],"picked":"bronze:Optimize","floor":10.0},{"not_picked":["bronze:WildBeam","bronze:DelayedSlice"],"picked":"bronze:Boost","floor":11.0},{"not_picked":["bronze:DelayedSlice","bronze:WhirlingStrike"],"picked":"bronze:ThunderWave","floor":14.0},{"not_picked":["bronze:Shield","bronze:Invalidate"],"picked":"bronze:OilSpill","floor":15.0},{"not_picked":["bronze:FindAndReplace","bronze:Format"],"picked":"bronze:Verify","floor":16.0},{"not_picked":["bronze:Overheat","bronze:FineTuning"],"picked":"bronze:Repulsor+1","floor":19},{"not_picked":["bronze:Turbo+1","bronze:FineTuning"],"picked":"bronze:Philosophize","floor":20},{"not_picked":["bronze:BitShift","bronze:OilSpill+1"],"picked":"bronze:SpaghettiCode","floor":21},{"not_picked":["bronze:Invalidate","bronze:WildBeam"],"picked":"bronze:CutThrough+1","floor":22},{"not_picked":["bronze:CutThrough+1","bronze:ChildClass"],"picked":"bronze:Repair+1","floor":23},{"not_picked":["bronze:WhirlingStrike","bronze:Shield"],"picked":"bronze:MaxOutput+1","floor":25}],"player_experience":611184,"relics_obtained":[{"floor":7.0,"key":"SnailShell"},{"floor":10.0,"key":"Juzu Bracelet"},{"floor":14.0,"key":"TuHaoJin"}],"event_choices":[],"is_beta":false,"boss_relics":[{"not_picked":["halation:Yufonium","halation:Prosthetics"],"picked":"conspire:SpecialSausage"},{"not_picked":[]}],"items_purged_floors":[],"is_endless":false,"potions_floor_spawned":[2,8,9,10,14,16,20,25],"killed_by":"Gensokyo:Tenshi","ascension_level":0}}