{"host":"yx5rao87132cy5xq","time":1611805255,"event":{"mods":["2.2 Compatiblity","AchievementEnabler","BaseMod","Bestiary","Colored Map","Colored Powertips","Minty Spire (QoL Compilation)","Quick Restart","Relic Stats","Slay-I","SuperFastMode"],"gold_per_floor":[118,134,134,134,134,209,209,240,240,264,278,278,293,328,328,447,510,529,454,454,91,109,109,109],"floor_reached":23,"language":"ENG","playtime":1046,"items_purged":["Strike_R"],"score":318,"play_id":"9790e758-10ae-4f66-8662-0f7b674b7b71","local_time":"20210128044055","is_ascension_mode":true,"campfire_choices":[{"data":"Iron Wave","floor":12,"key":"SMITH"},{"data":"Shockwave","floor":15,"key":"SMITH"}],"circlet_count":0,"master_deck":["AscendersBane","Strike_R","Strike_R","Strike_R","Defend_R","Defend_R","Defend_R+1","Defend_R","Bash+1","Cleave","Iron Wave+1","Flame Barrier","Injury","Twin Strike","Pummel","Metallicize","Iron Wave","Shockwave+1","Corruption","Armaments","Shrug It Off","Shrug It Off","Anger"],"relics":["Burning Blood","Du-Vu Doll","Golden Idol","Bottled Flame","Eternal Feather","Shuriken","Tiny House","Boot","TungstenRod"],"acts_visited":["Exordium","TheCity"],"potions_floor_usage":[18],"damage_taken":[{"damage":4,"enemies":"Small Slimes","floor":1,"turns":5},{"damage":18,"enemies":"Jaw Worm","floor":2,"turns":4},{"damage":33,"enemies":"3 Sentries","floor":8,"turns":11},{"damage":3,"enemies":"2 Louse","floor":10,"turns":2},{"damage":8,"enemies":"2 Fungi Beasts","floor":11,"turns":3},{"damage":9,"enemies":"Exordium Thugs","floor":13,"turns":3},{"damage":32,"enemies":"Lagavulin","floor":14,"turns":6},{"damage":25,"enemies":"Slime Boss","floor":16,"turns":9},{"damage":22,"enemies":"3 Byrds","floor":18,"turns":6},{"damage":6,"enemies":"Shell Parasite","floor":22,"turns":4},{"damage":53,"enemies":"Book of Stabbing","floor":23,"turns":7}],"seed_played":"3948467403420238321","potions_obtained":[{"floor":8,"key":"EssenceOfSteel"},{"floor":11,"key":"EssenceOfSteel"},{"floor":13,"key":"Fruit Juice"}],"is_trial":false,"path_per_floor":["M","M","?","T","?","?","?","E","T","M","M","R","M","E","R","B",null,"M","$","?","$","M","E"],"character_chosen":"IRONCLAD","items_purchased":["TungstenRod","Shrug It Off"],"campfire_rested":0,"item_purchase_floors":[21,21],"current_hp_per_floor":[74,62,62,62,62,51,77,50,50,53,51,60,57,31,40,21,70,59,59,59,59,59,6,6],"gold":109,"neow_bonus":"UPGRADE_CARD","is_daily":false,"chose_seed":false,"campfire_upgraded":2,"win_rate":0.0,"timestamp":1611805255,"path_taken":["M","M","?","?","?","?","?","E","T","M","M","R","M","E","R","BOSS","M","$","?","$","M","E"],"items_purchased_type":["Relic","Card"],"build_version":"2020-12-22","purchased_purges":1,"victory":false,"max_hp_per_floor":[80,80,80,80,80,80,80,80,80,80,80,80,80,80,80,80,85,90,90,90,90,90,90,90],"relic_stats":{"counters":[11,60],"Golden Idol":69,"Shuriken":[6],"Eternal Feather":18,"Boot":[3],"obtain_stats":[{"Du-Vu Doll":4,"Bottled Flame":8,"Tiny House":17,"Golden Idol":5,"Shuriken":14,"Eternal Feather":9,"Boot":20,"Burning Blood":0,"TungstenRod":21},{"Du-Vu Doll":2,"Bottled Flame":3,"Tiny House":8,"Golden Idol":2,"Shuriken":7,"Eternal Feather":3,"Boot":9,"Burning Blood":0,"TungstenRod":9},{"Du-Vu Doll":9,"Bottled Flame":20,"Tiny House":43,"Golden Idol":9,"Shuriken":34,"Eternal Feather":20,"Boot":49,"Burning Blood":0,"TungstenRod":49}],"Burning Blood":60,"TungstenRod":13},"card_choices":[{"not_picked":["True Grit","Clash"],"picked":"Cleave","floor":1},{"not_picked":["Thunderclap","Headbutt"],"picked":"Iron Wave","floor":2},{"not_picked":["Body Slam","Wild Strike"],"picked":"Twin Strike","floor":8},{"not_picked":["Havoc","Metallicize"],"picked":"Pummel","floor":10},{"not_picked":["Clothesline","Brutality"],"picked":"Metallicize","floor":11},{"not_picked":["Infernal Blade","Rage"],"picked":"Iron Wave","floor":13},{"not_picked":["Rage","Armaments"],"picked":"Shockwave","floor":14},{"not_picked":["Offering","Brutality"],"picked":"Corruption","floor":16},{"not_picked":["Twin Strike","Fire Breathing"],"picked":"Armaments","floor":17},{"not_picked":["Anger","Warcry"],"picked":"Shrug It Off","floor":18},{"not_picked":["Pommel Strike","Body Slam"],"picked":"Anger","floor":22}],"player_experience":868632,"relics_obtained":[{"floor":4,"key":"Du-Vu Doll"},{"floor":8,"key":"Bottled Flame"},{"floor":9,"key":"Eternal Feather"},{"floor":14,"key":"Shuriken"}],"event_choices":[{"damage_healed":0,"gold_gain":0,"cards_transformed":["Strike_R"],"player_choice":"Change","damage_taken":0,"max_hp_gain":0,"max_hp_loss":0,"event_name":"Living Wall","floor":3,"gold_loss":0,"cards_obtained":["Flame Barrier"]},{"damage_healed":0,"gold_gain":0,"player_choice":"Take Wound","damage_taken":0,"relics_obtained":["Golden Idol"],"max_hp_gain":0,"max_hp_loss":0,"event_name":"Golden Idol","floor":5,"gold_loss":0,"cards_obtained":["Injury"]},{"damage_healed":0,"gold_gain":75,"player_choice":"Gather Gold","damage_taken":11,"max_hp_gain":0,"max_hp_loss":0,"event_name":"World of Goop","floor":6,"gold_loss":0},{"damage_healed":26,"gold_gain":0,"player_choice":"Banana","damage_taken":0,"max_hp_gain":0,"max_hp_loss":0,"event_name":"Big Fish","floor":7,"gold_loss":0},{"damage_healed":0,"gold_gain":0,"player_choice":"Opened","damage_taken":0,"relics_obtained":["Boot"],"max_hp_gain":0,"max_hp_loss":0,"event_name":"The Mausoleum","floor":20,"gold_loss":0}],"is_beta":false,"boss_relics":[{"not_picked":["Runic Pyramid","Runic Cube"],"picked":"Tiny House"}],"items_purged_floors":[19],"is_endless":false,"potions_floor_spawned":[8,11,13,14],"killed_by":"Book of Stabbing","ascension_level":12}}