{"host":"za9ilm1uiwmpmin1","time":1611856419,"event":{"mods":["AchievementEnabler","Act Like it!","BaseMod","Dota2Spire","Downfall","Friendly Minions","Lobotomy","LobotomyExtend","Minty Spire (QoL Compilation)","MostiFishMod","Reorder Act Four","RumiaBox-露米娅的神秘盒子","StSLib","TestMod","Waifu the Spire","[IsaacMod]以撒尖塔","【功能Mod】混沌之环修复补丁"],"gold_per_floor":[115,130,147,163,179,206,206,221,244,277,277,302,702,627,627,727,727,741,751,769,787,787,818,898,957,983,983,1044,944,944,1009,1009,1134,1134,1177,1177,1217,1262,1302,1366,1411,1411,1411,1264,1314,1359,1359,1417,1417,1447,1447,1447,1147,1147,1206,1236],"floor_reached":57,"language":"ZHS","playtime":3940,"items_purged":["sneckomod:Strike","sneckomod:Unknown","Heaven","sneckomod:Strike"],"score":2055,"play_id":"76e59e3a-3601-408a-aebf-035f6d5f0658","local_time":"20210129015339","is_ascension_mode":true,"campfire_choices":[{"data":"sneckomod:TrashToTreasure","floor":7.0,"key":"SMITH"},{"data":"sneckomod:SoulDraw","floor":15.0,"key":"SMITH"},{"data":"sneckomod:Cheat","floor":27.0,"key":"SMITH"},{"data":"sneckomod:SnakeSap","floor":32.0,"key":"SMITH"},{"floor":42,"key":"RECALL"},{"data":"Ghostly","floor":49,"key":"SMITH"},{"data":"Ghostly","floor":54,"key":"SMITH"}],"circlet_count":0,"master_deck":["LongBird","sneckomod:TrashToTreasure+1","Variant","sneckomod:SoulDraw+1","Murderer","sneckomod:Cheat+1","sneckomod:SnakeSap+1","sneckomod:WideSting+1","sneckomod:GlitteringGambit+1","DreamingCurrent","QueenOfHatred","Ghostly","Ghostly","Ghostly","Ghostly+1","Ghostly+1","UniverseFragment","sneckomod:Restock","DespairKnight"],"relics":["sneckomod:SneckoSoul","HushsDoor","testmod-TestBox","testmod-BatchProcessingSystem","BookOfRevelations","Transparent","CogitoBucket","RabbitCall","LetterFromLob","SynthV:TestCard","SolemnVow_r","SynthV:C4","BackwardClock","Nunchaku","Dota2Spire:PhaseBoots","SlaversCollar","HellTrain","MagicDraw1","PokeGo","Dota2Spire:MaskOfMadness","Regal Pillow","TuHaoJin","TheBible","HaiYi:Twilight","LuminousBracelet","AtMidnight","SumBook","Dota2Spire:PowerTreads","Singing Bowl","Justitia_r","Medical Kit","Orichalcum","SolemnVow_r"],"acts_visited":["Exordium","TheCity","TheBeyond","TheEnding"],"potions_floor_usage":[56,56,56],"damage_taken":[{"damage":36.0,"enemies":"Cultist","floor":1.0,"turns":2.0},{"damage":36.0,"enemies":"2 Louse","floor":2.0,"turns":2.0},{"damage":54.0,"enemies":"Jaw Worm","floor":3.0,"turns":3.0},{"damage":54.0,"enemies":"Exordium Thugs","floor":4.0,"turns":3.0},{"damage":72.0,"enemies":"Blue Slaver","floor":5.0,"turns":4.0},{"damage":65.0,"enemies":"Gremlin Nob","floor":6.0,"turns":3.0},{"damage":37.0,"enemies":"3 Louse","floor":8.0,"turns":3.0},{"damage":55.0,"enemies":"3 Sentries","floor":10.0,"turns":4.0},{"damage":54.0,"enemies":"Lagavulin","floor":12.0,"turns":4.0},{"damage":18.0,"enemies":"The Guardian","floor":16.0,"turns":4.0},{"damage":17.0,"enemies":"Chosen","floor":18.0,"turns":2.0},{"damage":17.0,"enemies":"Spheric Guardian","floor":19.0,"turns":2.0},{"damage":16.0,"enemies":"3 Cultists","floor":20.0,"turns":1.0},{"damage":16.0,"enemies":"Chosen and Byrds","floor":21.0,"turns":1.0},{"damage":16.0,"enemies":"Gremlin Leader","floor":23.0,"turns":1.0},{"damage":16.0,"enemies":"Hiden Room Battle","floor":24.0,"turns":1.0},{"damage":17.0,"enemies":"Book of Stabbing","floor":25.0,"turns":2.0},{"damage":16.0,"enemies":"Slavers","floor":28.0,"turns":1.0},{"damage":9.0,"enemies":"Gremlin Leader","floor":31.0,"turns":2.0},{"damage":9.0,"enemies":"Champ","floor":33.0,"turns":2.0},{"damage":6.0,"enemies":"3 Darklings","floor":35.0,"turns":1.0},{"damage":9.0,"enemies":"3 Shapes","floor":37.0,"turns":1.0},{"damage":10.0,"enemies":"Spire Growth","floor":38.0,"turns":2.0},{"damage":9.0,"enemies":"Transient","floor":39.0,"turns":1.0},{"damage":12.0,"enemies":"Reptomancer","floor":40.0,"turns":2.0},{"damage":10,"enemies":"Sphere and 2 Shapes","floor":41,"turns":1},{"damage":9,"enemies":"3 Darklings","floor":45,"turns":1},{"damage":9,"enemies":"4 Shapes","floor":46,"turns":1},{"damage":9,"enemies":"Giant Head","floor":48,"turns":1},{"damage":13,"enemies":"Time Eater","floor":50,"turns":2},{"damage":10,"enemies":"Shield and Spear","floor":55,"turns":1},{"damage":16,"enemies":"The Heart","floor":56,"turns":3}],"seed_played":"-3442865559995220772","potions_obtained":[{"floor":2.0,"key":"DuplicationPotion"},{"floor":4.0,"key":"Dexterity Potion"},{"floor":6.0,"key":"testmod-TestPotion"},{"floor":23.0,"key":"Swift Potion"},{"floor":24.0,"key":"testmod-TimePotion"},{"floor":38.0,"key":"Dota2Spire:Clarity"}],"is_trial":false,"path_per_floor":["M","M","M","M","M","E","R","M","T","E","R","E","?","$","R","B",null,"M","M","M","M","?","E","?","E","T","R","E","$","?","E","R","B",null,"M","?","M","M","M","E","M","R","T","$","M","M","?","E","R","B",null,null,"$","R","E","B",null],"character_chosen":"THE_SNECKO","items_purchased":["sneckomod:SnakeSap","Dota2Spire:PowerTreads","Medical Kit","Orichalcum"],"campfire_rested":0,"item_purchase_floors":[17,44,53,53],"current_hp_per_floor":[90,90,90,90,74,66,66,85,85,84,84,84,84,84,84,90,82,82,82,82,82,82,82,82,82,82,82,82,82,41,41,41,41,34,49,49,49,49,49,49,49,49,49,49,49,49,49,51,51,51,51,51,51,51,53,53],"gold":1236,"neow_bonus":"","is_daily":false,"chose_seed":false,"campfire_upgraded":6,"win_rate":0.0,"timestamp":1611856419,"path_taken":["M","M","M","?","M","E","R","M","T","E","R","E","?","?","R","BOSS","M","M","M","M","?","E","?","E","T","R","E","?","?","E","R","BOSS","M","?","M","M","M","E","?","R","T","$","M","M","?","E","R","BOSS","$","R","E","BOSS"],"items_purchased_type":["Card","Relic","Relic","Relic"],"build_version":"2020-12-22","purchased_purges":4,"victory":true,"max_hp_per_floor":[90,90,90,90,90,90,90,90,90,90,90,90,90,90,90,90,82,82,82,82,82,82,82,82,82,82,82,82,82,41,41,41,41,34,49,49,49,49,49,49,49,49,49,49,49,49,49,51,51,51,51,51,51,51,53,53],"card_choices":[{"not_picked":["Bloodbath","BlackSwan","BigBird"],"picked":"Singing Bowl","floor":1.0},{"not_picked":["sneckomod:WideSting","sneckomod:DiceCrush","sneckomod:Unknown1Cost"],"picked":"SKIP","floor":1.0},{"not_picked":["OldLady","Alriune"],"picked":"Funeral","floor":2.0},{"not_picked":["sneckomod:SoulDraw","sneckomod:QuickBite","sneckomod:WideSting","sneckomod:Nope"],"picked":"sneckomod:TrashToTreasure","floor":2.0},{"not_picked":["FieryBird","VoidDream","Bloodbath"],"picked":"Singing Bowl","floor":3.0},{"not_picked":["sneckomod:UnknownDexterity","sneckomod:SoulRoll","sneckomod:SnekBeam","sneckomod:DiceBlock"],"picked":"sneckomod:Nope","floor":3.0},{"not_picked":["Murderer","GalaxyChild"],"picked":"Variant","floor":4.0},{"not_picked":["sneckomod:ImprovisedAttack","sneckomod:DiceCrush","sneckomod:UnknownRareAttack","sneckomod:QuickMove","sneckomod:UnknownBlock"],"picked":"SKIP","floor":4.0},{"not_picked":["SnowQueen","Freischutz","Scorched"],"picked":"Singing Bowl","floor":5.0},{"not_picked":["sneckomod:DiceCrush","sneckomod:UnknownCommonSkill","sneckomod:UnknownDraw","sneckomod:UnlimitedRolls","sneckomod:Unknown1Cost"],"picked":"SKIP","floor":5.0},{"not_picked":["Murderer","BigBird","GreedKing"],"picked":"Singing Bowl","floor":6.0},{"not_picked":["sneckomod:UnknownStrength","sneckomod:Unknown1Cost","sneckomod:Rotation","sneckomod:SoulRoll"],"picked":"sneckomod:SoulDraw","floor":6.0},{"not_picked":["ShyLook","OldLady","Bloodbath"],"picked":"Singing Bowl","floor":8.0},{"not_picked":["sneckomod:DangerNoodle","sneckomod:DiceCrush","sneckomod:UnknownUncommonAttack","sneckomod:WideSting","sneckomod:IronFang"],"picked":"SKIP","floor":8.0},{"not_picked":["CherryBlossoms","WallGazer","SpiderBud"],"picked":"Singing Bowl","floor":10.0},{"not_picked":["ShyLook","GreedKing"],"picked":"Murderer","floor":10.0},{"not_picked":["sneckomod:UnknownX","sneckomod:DiceBlock","sneckomod:MasterEye","sneckomod:SoulDraw","sneckomod:UnknownBlock"],"picked":"SKIP","floor":10.0},{"not_picked":["MHz","HappyTeddy","DreamingCurrent"],"picked":"Singing Bowl","floor":12.0},{"not_picked":["sneckomod:UnknownExhaust","sneckomod:UnknownCommonAttack","sneckomod:UnknownUncommonAttack","sneckomod:MixItUp","sneckomod:MorePower"],"picked":"SKIP","floor":12.0},{"not_picked":["FairyFestival","ShyLook","VoidDream"],"picked":"Singing Bowl","floor":16.0},{"not_picked":["sneckomod:UnknownRarePower","sneckomod:Unknown3Cost","sneckomod:DangerNoodle","sneckomod:SerpentMind"],"picked":"sneckomod:Cheat","floor":16.0},{"not_picked":["WallGazer","UniverseFragment"],"picked":"LongBird","floor":18.0},{"not_picked":["sneckomod:UnknownStrike","sneckomod:UnknownCommonSkill","sneckomod:UnknownX","sneckomod:UnknownRarePower","sneckomod:DiceBlock"],"picked":"SKIP","floor":18.0},{"not_picked":["WallGazer","PunishingBird","CherryBlossoms"],"picked":"Singing Bowl","floor":19.0},{"not_picked":["sneckomod:SoulRoll","sneckomod:DiceBlock","sneckomod:UnknownColorless","sneckomod:RainOfDice"],"picked":"sneckomod:WideSting+1","floor":19.0},{"not_picked":["Wellcheers","ShyLook","BlackSwan"],"picked":"Singing Bowl","floor":20.0},{"not_picked":["sneckomod:Unknown1Cost","sneckomod:QuickBite","sneckomod:SlitherStrike","sneckomod:DiceBoulder+1","sneckomod:SoulDraw+1"],"picked":"SKIP","floor":20.0},{"not_picked":["UniverseFragment","CherryBlossoms","GalaxyChild"],"picked":"Singing Bowl","floor":21.0},{"not_picked":["sneckomod:UnknownStrike","sneckomod:UnknownColorless","sneckomod:Unknown2Cost+1","sneckomod:UnknownCommonAttack","sneckomod:UnknownUncommonPower"],"picked":"SKIP","floor":21.0},{"not_picked":["BigBird","Scarecrow","BlackSwan"],"picked":"Singing Bowl","floor":23.0},{"not_picked":["sneckomod:SoulCleanse","sneckomod:DefensiveFlair","sneckomod:DiceCrush","sneckomod:SoulDraw"],"picked":"sneckomod:GlitteringGambit","floor":23.0},{"not_picked":["HeroicMonk","Wellcheers","PunishingBird"],"picked":"Singing Bowl","floor":24.0},{"not_picked":["FairyFestival","VoidDream"],"picked":"DreamingCurrent","floor":24.0},{"not_picked":["UniverseFragment","RedShoes","CherryBlossoms"],"picked":"Singing Bowl","floor":25.0},{"not_picked":["sneckomod:SoulExchange","sneckomod:UnknownVulnerable","sneckomod:UnknownUncommonSkill","sneckomod:UnknownDraw","sneckomod:QuickBite"],"picked":"SKIP","floor":25.0},{"not_picked":["SnowQueen","WallGazer"],"picked":"QueenOfHatred","floor":28.0},{"not_picked":["sneckomod:UnknownDraw","sneckomod:DiceBlock","sneckomod:QuickMove","sneckomod:WideSting","sneckomod:RainOfDice"],"picked":"SKIP","floor":28.0},{"not_picked":["Scorched","LaLuna","OSAHOGD"],"picked":"Singing Bowl","floor":31.0},{"not_picked":["sneckomod:Unknown1Cost+1","sneckomod:UnknownBlock","sneckomod:SoulExchange","sneckomod:WideSting","sneckomod:SoulRoll"],"picked":"SKIP","floor":31.0},{"not_picked":["WhitesApple","Freischutz"],"picked":"UniverseFragment","floor":33.0},{"not_picked":["sneckomod:UnlimitedRolls","sneckomod:Mudshield","sneckomod:UnknownRareAttack","sneckomod:UnknownRareSkill"],"picked":"sneckomod:Restock","floor":33.0},{"not_picked":["WallGazer","SnowQueen","Yin"],"picked":"Singing Bowl","floor":35.0},{"not_picked":["sneckomod:UnknownCommonAttack+1","sneckomod:DiceCrush","sneckomod:SoulCleanse","sneckomod:UnknownStrength+1","sneckomod:Unknown0Cost"],"picked":"SKIP","floor":35.0},{"not_picked":["sneckomod:UnknownCommonAttack+1","sneckomod:DiceCrush","sneckomod:SoulCleanse","sneckomod:UnknownStrength+1","sneckomod:Unknown0Cost"],"picked":"SKIP","floor":35.0},{"not_picked":["MeltingLove","BeautyBeast","GalaxyChild"],"picked":"Singing Bowl","floor":37.0},{"not_picked":["sneckomod:UnknownColorless+1","sneckomod:MorePower","sneckomod:DiceBlock+1","sneckomod:Unknown1Cost+1","sneckomod:IronFang+1"],"picked":"SKIP","floor":37.0},{"not_picked":["sneckomod:UnknownColorless+1","sneckomod:MorePower","sneckomod:DiceBlock+1","sneckomod:Unknown1Cost+1","sneckomod:IronFang+1"],"picked":"SKIP","floor":37.0},{"not_picked":["Yin","VoidDream","NakedNest"],"picked":"Singing Bowl","floor":38.0},{"not_picked":["sneckomod:UnknownBlock+1","sneckomod:Unknown1Cost+1","sneckomod:UnknownVulnerable+1","sneckomod:QuickBite+1","sneckomod:DefensiveFlair+1"],"picked":"SKIP","floor":38.0},{"not_picked":["SingingMachine","CherryBlossoms","Mercenary"],"picked":"Singing Bowl","floor":39.0},{"not_picked":["sneckomod:IronFang+1","sneckomod:UnknownRareSkill","sneckomod:SnakeSap+1","sneckomod:ImprovisedAttack+1","sneckomod:UnknownDraw+1"],"picked":"SKIP","floor":39.0},{"not_picked":["sneckomod:WideSting","sneckomod:UnknownRareSkill","sneckomod:Memorize+1","sneckomod:UnknownDraw+1","sneckomod:UnknownStrength+1"],"picked":"SKIP","floor":40},{"not_picked":["WhitesApple","SilentOrchestra","BlueStar"],"picked":"Singing Bowl","floor":41},{"not_picked":["sneckomod:DiceCrush+1","sneckomod:QuickMove+1","sneckomod:Memorize","sneckomod:Unknown2Cost","sneckomod:DiceBlock+1"],"picked":"SKIP","floor":41},{"not_picked":["Rudolta","NothingThere"],"picked":"DespairKnight","floor":45},{"not_picked":["sneckomod:UnknownStrike","sneckomod:DiceCrush+1","sneckomod:Nope+1","sneckomod:QuickBite+1","sneckomod:DefensiveFlair+1"],"picked":"SKIP","floor":45},{"not_picked":["HeroicMonk","GreedKing","BigBadWolf"],"picked":"Singing Bowl","floor":46},{"not_picked":["sneckomod:MasterEye+1","sneckomod:RainOfDice+1","sneckomod:Unknown1Cost","sneckomod:QuickBite+1","sneckomod:DiceCrush+1"],"picked":"SKIP","floor":46},{"not_picked":["MHz","Funeral","BigBadWolf"],"picked":"Singing Bowl","floor":48},{"not_picked":["sneckomod:UnknownDraw","sneckomod:SoulDraw","sneckomod:RainOfDice+1","sneckomod:SoulCleanse+1","sneckomod:UnknownCommonAttack+1"],"picked":"Singing Bowl","floor":48},{"not_picked":["Scarecrow","Mercenary","WhitesApple"],"picked":"Singing Bowl","floor":55},{"not_picked":["sneckomod:CheapStock+1","sneckomod:UnknownCommonAttack","sneckomod:DiceBlock","sneckomod:QuickBite+1","sneckomod:UnknownUncommonAttack"],"picked":"Singing Bowl","floor":55}],"player_experience":912115,"relics_obtained":[{"floor":1.0,"key":"LetterFromLob"},{"floor":1.0,"key":"SynthV:TestCard"},{"floor":6.0,"key":"SynthV:C4"},{"floor":10.0,"key":"Nunchaku"},{"floor":12.0,"key":"Dota2Spire:PhaseBoots"},{"floor":24.0,"key":"MagicDraw1"},{"floor":24.0,"key":"PokeGo"},{"floor":25.0,"key":"Dota2Spire:MaskOfMadness"},{"floor":26.0,"key":"Regal Pillow"},{"floor":28.0,"key":"TuHaoJin"},{"floor":31.0,"key":"TheBible"},{"floor":35.0,"key":"AtMidnight"},{"floor":43,"key":"SumBook"},{"floor":48,"key":"Singing Bowl"},{"floor":55,"key":"Diplopia"}],"event_choices":[{"damage_healed":0.0,"max_hp_gain":0.0,"max_hp_loss":0.0,"gold_gain":400.0,"event_name":"恩洛斯的盘子","player_choice":"Sell","floor":13.0,"relics_lost":["DaveBox"],"gold_loss":0.0,"damage_taken":0.0},{"damage_healed":0.0,"max_hp_gain":0.0,"max_hp_loss":0.0,"gold_gain":0.0,"event_name":"HidenRoomEvent","player_choice":"Fight","floor":24.0,"gold_loss":0.0,"damage_taken":0.0},{"damage_healed":0.0,"max_hp_gain":0.0,"max_hp_loss":41.0,"gold_gain":0.0,"event_name":"Ghosts","player_choice":"Became a Ghost","floor":30.0,"gold_loss":0.0,"damage_taken":0.0,"cards_obtained":["Ghostly","Ghostly","Ghostly","Ghostly","Ghostly"]},{"damage_healed":0.0,"max_hp_gain":0.0,"max_hp_loss":0.0,"gold_gain":0.0,"event_name":"给自己的盒子","player_choice":"Swap Relic","floor":36.0,"relics_lost":["Technique"],"gold_loss":0.0,"damage_taken":0.0,"relics_obtained":["Technique"]}],"is_beta":false,"boss_relics":[{"not_picked":["SynthV:MejaisSoulstealer","RhineCircuit"],"picked":"SlaversCollar"},{"not_picked":[]},{"not_picked":["ExusiaiGun","FixedStarFall"],"picked":"HaiYi:Twilight"},{"not_picked":[]}],"items_purged_floors":[14,17,29,34],"is_endless":false,"potions_floor_spawned":[2,3,4,6,16,18,19,23,24,33,35,38,41,46],"ascension_level":5}}