{"host":"l5zfpd2l2htson6l","time":1611848055,"event":{"mods":["AchievementEnabler","BaseMod","Colored Map","Colored Powertips","Minty Spire (QoL Compilation)","Permanent Neow","Quick Restart","Rare Cards Sparkle","Relic Stats","SuperFastMode"],"gold_per_floor":[366,44,44,59,72,104,104,137,137,152,182,182,208,226,226,323,323,334,69,69,81,96,96,96,126,126,153,168,178,178,178,178,282,332,352,9,60,76,36,67,67,87,135,135,135],"floor_reached":44,"language":"ENG","playtime":9535,"items_purged":["Defend_R","Strike_R"],"score":848,"play_id":"6d9843c2-06c9-4143-a71c-b9a7edfe9112","local_time":"20210128073415","is_ascension_mode":true,"campfire_choices":[{"data":"Blood for Blood","floor":7.0,"key":"SMITH"},{"data":"Berserk","floor":12.0,"key":"SMITH"},{"data":"Clothesline","floor":15.0,"key":"SMITH"},{"floor":23.0,"key":"REST"},{"data":"True Grit","floor":30.0,"key":"SMITH"},{"floor":32.0,"key":"REST"},{"floor":41.0,"key":"REST"}],"circlet_count":0,"master_deck":["AscendersBane","Strike_R+1","Strike_R","Strike_R","Defend_R","Defend_R","Defend_R","Bash","Blood for Blood+1","Shrug It Off","Headbutt+1","Iron Wave","Dual Wield","Inflame","Clothesline+1","Berserk+1","Heavy Blade+1","Brutality","Inflame","True Grit+1","RitualDagger","Intimidate","Shrug It Off","Rampage+1","Ghostly Armor","Seeing Red","True Grit+1","Limit Break","Rage+1","Flame Barrier+1","Shockwave+1"],"relics":["Burning Blood","Vajra","WingedGreaves","Incense Burner","Lantern","Boot","Runic Pyramid","Shuriken","Self Forming Clay","Kunai","HornCleat","Tiny House","Gremlin Horn","Shovel","Whetstone","Red Skull"],"acts_visited":["Exordium","TheCity","TheBeyond"],"potions_floor_usage":[],"damage_taken":[{"damage":3.0,"enemies":"Small Slimes","floor":1.0,"turns":5.0},{"damage":4.0,"enemies":"Jaw Worm","floor":4.0,"turns":3.0},{"damage":1.0,"enemies":"Cultist","floor":5.0,"turns":4.0},{"damage":4.0,"enemies":"Gremlin Nob","floor":6.0,"turns":4.0},{"damage":17.0,"enemies":"3 Sentries","floor":8.0,"turns":9.0},{"damage":6.0,"enemies":"Looter","floor":10.0,"turns":4.0},{"damage":18.0,"enemies":"Lagavulin","floor":11.0,"turns":6.0},{"damage":7.0,"enemies":"3 Sentries","floor":13.0,"turns":4.0},{"damage":6.0,"enemies":"Red Slaver","floor":14.0,"turns":3.0},{"damage":17.0,"enemies":"Hexaghost","floor":16.0,"turns":7.0},{"damage":9.0,"enemies":"3 Byrds","floor":18.0,"turns":5.0},{"damage":15.0,"enemies":"Spheric Guardian","floor":21.0,"turns":4.0},{"damage":28.0,"enemies":"Snake Plant","floor":22.0,"turns":4.0},{"damage":18.0,"enemies":"Book of Stabbing","floor":25.0,"turns":4.0},{"damage":3.0,"enemies":"Slavers","floor":27.0,"turns":7.0},{"damage":8.0,"enemies":"Shelled Parasite and Fungi","floor":28.0,"turns":5.0},{"damage":6.0,"enemies":"Cultist and Chosen","floor":29.0,"turns":5.0},{"damage":26.0,"enemies":"Champ","floor":33.0,"turns":14.0},{"damage":14.0,"enemies":"3 Darklings","floor":35.0,"turns":8.0},{"damage":18.0,"enemies":"2 Orb Walkers","floor":37.0,"turns":6.0},{"damage":2.0,"enemies":"Orb Walker","floor":38.0,"turns":4.0},{"damage":33.0,"enemies":"Reptomancer","floor":40.0,"turns":7.0},{"damage":19.0,"enemies":"Transient","floor":42.0,"turns":5.0},{"damage":36,"enemies":"Giant Head","floor":44,"turns":8}],"seed_played":"-3313759750723451367","potions_obtained":[{"floor":4.0,"key":"Energy Potion"},{"floor":10.0,"key":"PowerPotion"},{"floor":11.0,"key":"BloodPotion"},{"floor":14.0,"key":"PowerPotion"},{"floor":25.0,"key":"Ancient Potion"},{"floor":27.0,"key":"BlessingOfTheForge"},{"floor":28.0,"key":"Fire Potion"},{"floor":34.0,"key":"BlessingOfTheForge"},{"floor":38.0,"key":"ColorlessPotion"},{"floor":40.0,"key":"Strength Potion"}],"is_trial":false,"path_per_floor":["M","$","?","M","M","E","R","E","T","M","E","R","E","M","R","B",null,"M","$","?","M","M","R","T","E","T","E","M","M","R","?","R","B",null,"M","$","?","M","?","E","R","M","T","E"],"character_chosen":"IRONCLAD","items_purchased":["Vajra","Shrug It Off","Block Potion","Shuriken","True Grit","Gremlin Horn"],"campfire_rested":3,"item_purchase_floors":[2,2,2,19,19,36],"current_hp_per_floor":[72,72,65,67,72,72,72,61,61,61,49,49,48,62,62,51,67,64,64,58,49,27,48,48,36,36,39,37,37,37,37,58,38,69,61,61,49,53,53,26,49,36,36,0,0],"gold":135,"neow_bonus":"TWO_FIFTY_GOLD","is_daily":false,"chose_seed":false,"campfire_upgraded":4,"win_rate":0.0,"timestamp":1611848055,"path_taken":["M","$","?","M","M","E","R","E","T","M","E","R","E","M","R","BOSS","M","$","?","M","M","R","?","E","T","E","M","?","R","?","R","BOSS","M","$","?","M","?","E","R","M","T","E"],"items_purchased_type":["Relic","Card","Potion","Relic","Card","Relic"],"build_version":"2020-12-22","purchased_purges":2,"victory":false,"max_hp_per_floor":[72,72,72,72,72,72,72,72,72,72,72,72,72,72,72,72,72,72,72,72,72,72,72,72,72,72,72,72,72,72,72,72,72,77,77,77,77,77,77,77,77,77,77,77,77],"relic_stats":{"Shovel":0,"Gremlin Horn":[5,5],"counters":[24,134],"Shuriken":[18],"Self Forming Clay":[162],"Kunai":[14],"Whetstone":["Strike_R","Headbutt"],"Boot":[11],"obtain_stats":[{"Lantern":11,"Tiny House":34,"Gremlin Horn":36,"Self Forming Clay":25,"Vajra":2,"Incense Burner":9,"Whetstone":40,"Boot":13,"Burning Blood":0,"HornCleat":27,"Shovel":37,"Shuriken":19,"WingedGreaves":6,"Kunai":26,"Red Skull":43,"Runic Pyramid":17},{"Lantern":7,"Tiny House":18,"Gremlin Horn":19,"Self Forming Clay":14,"Vajra":1,"Incense Burner":5,"Whetstone":22,"Boot":8,"Burning Blood":0,"HornCleat":15,"Shovel":20,"Shuriken":11,"WingedGreaves":4,"Kunai":14,"Red Skull":23,"Runic Pyramid":10},{"Lantern":35,"Tiny House":97,"Gremlin Horn":105,"Self Forming Clay":66,"Vajra":5,"Incense Burner":25,"Whetstone":122,"Boot":39,"Burning Blood":0,"HornCleat":73,"Shovel":111,"Shuriken":54,"WingedGreaves":16,"Kunai":66,"Red Skull":127,"Runic Pyramid":49}],"Burning Blood":133},"card_choices":[{"not_picked":["Wild Strike","Warcry"],"picked":"Blood for Blood","floor":1.0},{"not_picked":["Perfected Strike","True Grit"],"picked":"Headbutt","floor":4.0},{"not_picked":["Clothesline","Dark Embrace"],"picked":"Iron Wave","floor":5.0},{"not_picked":["Shockwave","Armaments"],"picked":"Dual Wield","floor":6.0},{"not_picked":["Warcry","Evolve"],"picked":"Inflame","floor":8.0},{"not_picked":["Perfected Strike","Burning Pact"],"picked":"Clothesline","floor":10.0},{"not_picked":["Twin Strike","Sword Boomerang"],"picked":"Berserk","floor":11.0},{"not_picked":["Wild Strike","Clothesline"],"picked":"Heavy Blade","floor":13.0},{"not_picked":["Fire Breathing","Wild Strike","Dropkick"],"picked":"SKIP","floor":14.0},{"not_picked":["Bludgeon","Double Tap"],"picked":"Brutality","floor":16.0},{"not_picked":["Evolve+1","Cleave+1"],"picked":"Inflame","floor":18.0},{"not_picked":["Sever Soul","Combust+1"],"picked":"Intimidate","floor":21.0},{"not_picked":["Flex","Dark Embrace"],"picked":"Shrug It Off","floor":22.0},{"not_picked":["Reckless Charge","Havoc"],"picked":"Rampage","floor":25.0},{"not_picked":["Thunderclap","Clash"],"picked":"Ghostly Armor","floor":27.0},{"not_picked":["Sever Soul","Evolve"],"picked":"Seeing Red","floor":28.0},{"not_picked":["Dark Embrace","Clothesline","Hemokinesis"],"picked":"SKIP","floor":29.0},{"not_picked":["Double Tap","Bludgeon"],"picked":"Limit Break","floor":33.0},{"not_picked":["Warcry","Rampage"],"picked":"Rage","floor":34.0},{"not_picked":["Combust","Body Slam+1"],"picked":"Flame Barrier+1","floor":35.0},{"not_picked":["True Grit","Body Slam+1"],"picked":"Shockwave+1","floor":37.0},{"not_picked":["Hemokinesis+1","Sword Boomerang+1","Blood for Blood"],"picked":"SKIP","floor":38.0},{"not_picked":["Havoc","Pommel Strike+1","Rage"],"picked":"SKIP","floor":40.0},{"not_picked":["Warcry+1","Twin Strike+1","Shrug It Off+1"],"picked":"SKIP","floor":42.0}],"player_experience":742577,"relics_obtained":[{"floor":6.0,"key":"WingedGreaves"},{"floor":9.0,"key":"Incense Burner"},{"floor":11.0,"key":"Lantern"},{"floor":13.0,"key":"Boot"},{"floor":25.0,"key":"Self Forming Clay"},{"floor":26.0,"key":"Kunai"},{"floor":27.0,"key":"HornCleat"},{"floor":37.0,"key":"Shovel"},{"floor":40.0,"key":"Whetstone"},{"floor":43.0,"key":"Red Skull"}],"event_choices":[{"cards_removed":["Strike_R"],"damage_healed":0.0,"max_hp_gain":0.0,"max_hp_loss":0.0,"gold_gain":0.0,"event_name":"Golden Wing","player_choice":"Card Removal","floor":3.0,"gold_loss":0.0,"damage_taken":7.0},{"damage_healed":0.0,"max_hp_gain":0.0,"max_hp_loss":0.0,"gold_gain":0.0,"event_name":"Nest","player_choice":"Joined the Cult","floor":20.0,"gold_loss":0.0,"damage_taken":6.0,"cards_obtained":["RitualDagger"]},{"damage_healed":0.0,"max_hp_gain":0.0,"max_hp_loss":0.0,"gold_gain":0.0,"event_name":"Duplicator","player_choice":"Copied","floor":31.0,"gold_loss":0.0,"damage_taken":0.0,"cards_obtained":["True Grit"]},{"damage_healed":0.0,"max_hp_gain":0.0,"max_hp_loss":0.0,"gold_gain":0.0,"event_name":"Mysterious Sphere","player_choice":"Fight","floor":37.0,"gold_loss":0.0,"damage_taken":0.0},{"damage_healed":0.0,"max_hp_gain":0.0,"max_hp_loss":0.0,"gold_gain":0.0,"event_name":"Designer","player_choice":"Upgraded Two","floor":39.0,"gold_loss":40.0,"damage_taken":0.0,"cards_upgraded":["Heavy Blade","Rage"]}],"is_beta":false,"boss_relics":[{"not_picked":["SlaversCollar","Fusion Hammer"],"picked":"Runic Pyramid"},{"not_picked":["Runic Cube","Mark of Pain"],"picked":"Tiny House"}],"items_purged_floors":[2,36],"is_endless":false,"potions_floor_spawned":[4,10,11,14,16,25,27,28,38,40],"killed_by":"Giant Head","ascension_level":11}}