{"host":"dbb4fkd1j4jczim2","time":1611811782,"event":{"mods":["BaseMod","Downfall","Marisa????????","Minty Spire (QoL Compilation)","Permanent Neow","StSLib"],"gold_per_floor":[99,119,139,158,158,333,358,384,404,18,18,52,67,80,99,99,99,99],"floor_reached":16,"language":"ENG","playtime":974,"items_purged":["downfall:Malfunctioning"],"score":104,"play_id":"e9849184-c237-4196-989a-0045f3b6c107","local_time":"20210127232942","is_ascension_mode":false,"campfire_choices":[{"floor":1,"key":"RECALL"},{"data":"hexamod:ForkedFlame","floor":11,"key":"SMITH"}],"circlet_count":0,"master_deck":["hexamod:Strike","hexamod:Strike+1","hexamod:Strike","hexamod:Strike","hexamod:Defend+1","hexamod:Defend+1","hexamod:Defend","hexamod:Defend","hexamod:Sear","hexamod:Float","hexamod:AdvancingGuard","hexamod:RainOfEmbers","hexamod:ForkedFlame+1","Doubt","hexamod:ChargedBarrage","hexamod:BurningTouch","hexamod:Hexaguard","hexamod:ThirdSeal","hexamod:PhantomCloak","hexamod:TurnItUp","hexamod:BurningTouch"],"relics":["hexamod:SpiritBrand","Calipers","Bag of Preparation","Odd Mushroom","hexamod:SoulConsumer","InkBottle"],"acts_visited":["Exordium"],"potions_floor_usage":[8,16],"damage_taken":[{"damage":1,"enemies":"Jaw Worm","floor":2,"turns":5},{"damage":0,"enemies":"2 Louse","floor":3,"turns":3},{"damage":0,"enemies":"Cultist","floor":4,"turns":3},{"damage":0,"enemies":"The Mushroom Lair","floor":8,"turns":4},{"damage":6,"enemies":"2 Fungi Beasts","floor":9,"turns":4},{"damage":0,"enemies":"downfall:FleeingMerchant","floor":10,"turns":4},{"damage":14,"enemies":"3 Sentries","floor":12,"turns":7},{"damage":0,"enemies":"Exordium Wildlife","floor":13,"turns":3},{"damage":4,"enemies":"3 Louse","floor":14,"turns":5},{"damage":10,"enemies":"Gremlin Gang","floor":15,"turns":5},{"damage":60,"enemies":"WA_ARCHETYPE_RETAIN","floor":16,"turns":7}],"seed_played":"3635423681319289890","potions_obtained":[{"floor":3,"key":"Energy Potion"},{"floor":4,"key":"PowerPotion"},{"floor":9,"key":"SmokeBomb"},{"floor":13,"key":"Dexterity Potion"}],"is_trial":false,"path_per_floor":["R","M","M","M","?","?","T","?","M","$","R","E","M","M","M","B"],"character_chosen":"THE_SPIRIT","items_purchased":["hexamod:SoulConsumer"],"campfire_rested":0,"item_purchase_floors":[10],"current_hp_per_floor":[63,62,62,62,62,62,62,62,56,56,56,46,46,42,36,0,0,0],"gold":99,"neow_bonus":"ONE_RARE_RELIC","is_daily":false,"chose_seed":false,"campfire_upgraded":1,"win_rate":0.0,"timestamp":1611811782,"path_taken":["R","M","M","M","?","?","T","?","M","$","R","E","M","M","M","BOSS"],"items_purchased_type":["Relic"],"build_version":"2020-12-22","purchased_purges":1,"victory":false,"max_hp_per_floor":[63,63,63,63,63,63,63,63,63,63,63,63,63,63,63,63,63,63],"card_choices":[{"not_picked":["hexamod:Hexaguard","hexamod:BacktrackSmack"],"picked":"hexamod:AdvancingGuard","floor":2},{"not_picked":["hexamod:FlamesFromBeyond","hexamod:GhostOfSpirePast"],"picked":"hexamod:RainOfEmbers","floor":3},{"not_picked":["hexamod:SpectralAdrenaline","hexamod:ChargedBarrage"],"picked":"hexamod:ForkedFlame","floor":4},{"not_picked":["hexamod:StepThrough","hexamod:GhostLash"],"picked":"hexamod:ChargedBarrage","floor":8},{"not_picked":["hexamod:ThermalTransfer","hexamod:PowerFromBeyond"],"picked":"hexamod:BurningTouch","floor":9},{"not_picked":["hexamod:Incineration","hexamod:FastForward"],"picked":"hexamod:Hexaguard","floor":10},{"not_picked":["hexamod:PowerFromBeyond","hexamod:BurningTouch"],"picked":"hexamod:ThirdSeal","floor":12},{"not_picked":["hexamod:FlamesFromBeyond","hexamod:Haunt"],"picked":"hexamod:PhantomCloak","floor":13},{"not_picked":["hexamod:SpectersWail","hexamod:NightmareStrike"],"picked":"hexamod:TurnItUp","floor":14},{"not_picked":["hexamod:ShieldOfDarkness","hexamod:AdvancingGuard","hexamod:BacktrackSmack"],"picked":"SKIP","floor":14},{"not_picked":["hexamod:HeatMetal","hexamod:GhostOfSpireFuture"],"picked":"hexamod:BurningTouch","floor":15},{"not_picked":["hexamod:GhostLash","hexamod:SpectersWail","hexamod:ShieldOfDarkness"],"picked":"SKIP","floor":15}],"player_experience":312949,"relics_obtained":[{"floor":7,"key":"Bag of Preparation"},{"floor":8,"key":"Odd Mushroom"},{"floor":12,"key":"InkBottle"}],"event_choices":[{"damage_healed":0,"gold_gain":0,"player_choice":"Fought Mushrooms","damage_taken":0,"max_hp_gain":0,"max_hp_loss":0,"event_name":"Mushrooms","floor":8,"gold_loss":0}],"is_beta":false,"boss_relics":[],"items_purged_floors":[10],"is_endless":false,"potions_floor_spawned":[3,4,9,13,15],"killed_by":"WA_ARCHETYPE_RETAIN","ascension_level":0}}