{"host":"r53pw7z744tg3fxg","time":1611855220,"event":{"mods":["AchievementEnabler","BaseMod","Colored Map","Colored Powertips","Highlight Path","Minty Spire (QoL Compilation)","Quick Restart","Transform Curses"],"gold_per_floor":[110,24,44,61,78,106,123,123,123,135,135,135],"floor_reached":11,"language":"ENG","playtime":455,"items_purged":[],"score":142,"play_id":"c0c8add1-a75a-4ae3-a209-6ea2c26ecf4c","local_time":"20210128103340","is_ascension_mode":true,"campfire_choices":[{"floor":8,"key":"REST"}],"circlet_count":0,"master_deck":["AscendersBane","Strike_P","Strike_P","Strike_P","Strike_P","Defend_P","Defend_P","Defend_P","Defend_P+1","Eruption","Vigilance","Discovery","Consecrate","Wallop","BowlingBash","EmptyBody","LessonLearned","CarveReality","Prostrate","ForeignInfluence"],"relics":["PureWater","Mummified Hand","StrikeDummy"],"acts_visited":["Exordium"],"potions_floor_usage":[5,6,10],"damage_taken":[{"damage":6,"enemies":"2 Louse","floor":1,"turns":4},{"damage":0,"enemies":"Small Slimes","floor":3,"turns":4},{"damage":0,"enemies":"Cultist","floor":4,"turns":3},{"damage":19,"enemies":"Gremlin Gang","floor":5,"turns":3},{"damage":14,"enemies":"Gremlin Nob","floor":6,"turns":5},{"damage":10,"enemies":"Red Slaver","floor":7,"turns":2},{"damage":0,"enemies":"Exordium Thugs","floor":10,"turns":3},{"damage":37,"enemies":"Lagavulin","floor":11,"turns":8}],"seed_played":"-5962376204995405878","potions_obtained":[{"floor":1,"key":"BlessingOfTheForge"},{"floor":4,"key":"Swift Potion"},{"floor":7,"key":"Fire Potion"}],"is_trial":false,"path_per_floor":["M","$","M","M","M","E","M","R","T","M","E"],"character_chosen":"WATCHER","items_purchased":["Wallop"],"campfire_rested":1,"item_purchase_floors":[2],"current_hp_per_floor":[55,55,55,55,36,22,12,32,32,32,0,0],"gold":135,"neow_bonus":"RANDOM_COLORLESS","is_daily":false,"chose_seed":false,"campfire_upgraded":0,"win_rate":0.0,"timestamp":1611855220,"path_taken":["M","$","M","M","M","E","M","R","T","M","E"],"items_purchased_type":["Card"],"build_version":"2020-12-22","purchased_purges":0,"victory":false,"max_hp_per_floor":[68,68,68,68,68,68,68,68,68,68,68,68],"card_choices":[{"not_picked":["Panacea","Dark Shackles"],"picked":"Discovery","floor":0},{"not_picked":["MentalFortress","Evaluate"],"picked":"Consecrate","floor":1},{"not_picked":["SashWhip","Swivel"],"picked":"BowlingBash","floor":3},{"not_picked":["Nirvana","Conclude"],"picked":"EmptyBody","floor":4},{"not_picked":["TalkToTheHand","Crescendo"],"picked":"LessonLearned","floor":5},{"not_picked":["EmptyBody","SandsOfTime"],"picked":"CarveReality","floor":6},{"not_picked":["FlyingSleeves","FlurryOfBlows"],"picked":"Prostrate","floor":7},{"not_picked":["PathToVictory","JustLucky"],"picked":"ForeignInfluence","floor":10}],"player_experience":1377934,"relics_obtained":[{"floor":6,"key":"Mummified Hand"},{"floor":9,"key":"StrikeDummy"}],"event_choices":[],"is_beta":false,"boss_relics":[],"items_purged_floors":[],"is_endless":false,"potions_floor_spawned":[1,4,7],"killed_by":"Lagavulin","ascension_level":17}}