{"host":"s8eu5oacnz2jj6un","time":1611877085,"event":{"mods":["AchievementEnabler","Act Like it!","Astrologer","BaseMod","Colored Powertips","Marisa????????","Minty Spire (QoL Compilation)","Remilia??????","Replay The Spire","Shop Mod","StSLib","The Senshi","The Servant 0.9.4"],"gold_per_floor":[119,394,33,45,45,45,62,62,62,62,62,91,91,108,108,204,204,231,163,193,234,234,281,310,310,337,337,376,376,415,415,415,539,539,576,576,576,270,307,307,341,341,364,414,11,0,0,0,0,20],"floor_reached":51,"language":"ENG","playtime":3581,"items_purged":["Regret","Parasite"],"score":852,"play_id":"5328cf55-9545-4a82-80d8-44eb0773c46b","local_time":"20210129003805","is_ascension_mode":false,"campfire_choices":[{"data":"Eruption","floor":6,"key":"SMITH"},{"data":"Worship","floor":8,"key":"SMITH"},{"data":"Prostrate","floor":11,"key":"SMITH"},{"data":"Vigilance","floor":13,"key":"SMITH"},{"floor":15,"key":"DIG"},{"floor":25,"key":"REST"},{"floor":29,"key":"REST"},{"floor":32,"key":"REST"},{"floor":40,"key":"REST"},{"floor":47,"key":"REST"},{"floor":49,"key":"REST"}],"circlet_count":0,"master_deck":["Defend_P","Defend_P","Defend_P","Eruption+1","Vigilance+1","Worship+1","WindmillStrike+1","Prostrate+1","SandsOfTime+1","CrushJoints+1","FlurryOfBlows+1","DeusExMachina+1","CurseOfTheBell","FearNoEvil+1","FlurryOfBlows+1","Fasting2+1","Sanctity+1","Prostrate","FlurryOfBlows+1","Replay:Hum+1","ForeignInfluence+1","SpiritShield+1","Bite+1","Bite+1","Bite+1","Bite+1","Bite+1","Devotion+1","FlurryOfBlows+1","BattleHymn+1","SignatureMove+1","Alpha","Mind Blast+1","Halt+1"],"relics":["PureWater","Molten Egg 2","Iron Hammer","Shuriken","Replay:Bandana","CaptainsWheel","MerchantsRug","Frozen Egg 2","Juzu Bracelet","Chameleon Ring","Darkstone Periapt","Fusion Hammer","Guide Book","Bag of Preparation","Dream Catcher","Mummified Hand","Anchor","Sling","Red Mask"],"acts_visited":["Exordium","TheCity","TheBeyond"],"potions_floor_usage":[12,14,18,23,28,30,33,50],"damage_taken":[{"damage":1,"enemies":"Jaw Worm","floor":1,"turns":3},{"damage":5,"enemies":"Cultist","floor":4,"turns":4},{"damage":0,"enemies":"2 Louse","floor":7,"turns":1},{"damage":0,"enemies":"Gremlin Nob","floor":12,"turns":2},{"damage":0,"enemies":"Gremlin Gang","floor":14,"turns":2},{"damage":39,"enemies":"Fading Forest","floor":16,"turns":11},{"damage":0,"enemies":"Spheric Guardian","floor":18,"turns":2},{"damage":2,"enemies":"Chosen","floor":20,"turns":3},{"damage":4,"enemies":"Centurion and Healer","floor":21,"turns":3},{"damage":23,"enemies":"Slavers","floor":23,"turns":4},{"damage":26,"enemies":"Snake Plant","floor":24,"turns":3},{"damage":8,"enemies":"Book of Stabbing","floor":28,"turns":4},{"damage":41,"enemies":"Gremlin Leader","floor":30,"turns":3},{"damage":23,"enemies":"Collector","floor":33,"turns":3},{"damage":8,"enemies":"Orb Walker","floor":35,"turns":3},{"damage":20,"enemies":"3 Darklings","floor":39,"turns":2},{"damage":0,"enemies":"Writhing Mass","floor":41,"turns":3},{"damage":0,"enemies":"Giant Head","floor":44,"turns":5},{"damage":41,"enemies":"Time Eater","floor":50,"turns":5}],"seed_played":"-511329394071267740","potions_obtained":[{"floor":7,"key":"SteroidPotion"},{"floor":12,"key":"Swift Potion"},{"floor":14,"key":"Milkshake"},{"floor":16,"key":"Fire Potion"},{"floor":20,"key":"Energy Potion"},{"floor":24,"key":"SkillPotion"},{"floor":28,"key":"Explosive Potion"},{"floor":41,"key":"Block Potion"},{"floor":42,"key":"BottledMiracle"},{"floor":42,"key":"SpeedPotion"},{"floor":44,"key":"LiquidBronze"}],"is_trial":false,"path_per_floor":["M","?","$","M","$","R","M","R","T","?","R","E","R","M","R","B",null,"M","$","M","M","?","E","M","R","T","?","E","R","E","?","R","B",null,"M","?","?","$","M","R","M","R","T","E","$","?","R","?","R","B",null],"character_chosen":"WATCHER","items_purchased":["Molten Egg 2","WindmillStrike+1","FlurryOfBlows+1","MerchantsRug","Guide Book","Bag of Preparation","Anchor","Sling"],"campfire_rested":6,"item_purchase_floors":[3,3,19,19,38,38,45,45],"current_hp_per_floor":[71,71,71,66,66,66,66,66,66,66,66,66,66,66,66,27,72,72,72,70,66,66,43,17,38,38,38,30,51,10,10,25,2,50,42,42,42,42,25,40,52,52,52,56,53,53,53,53,53,12],"gold":20,"neow_bonus":"REMOVE_CARD","is_daily":false,"chose_seed":false,"campfire_upgraded":4,"win_rate":0.0,"timestamp":1611877085,"path_taken":["M","?","$","?","$","R","M","R","T","?","R","E","R","M","R","BOSS","M","$","?","M","?","E","M","R","T","?","E","R","E","?","R","BOSS","M","?","?","$","M","R","M","R","T","E","?","?","R","?","R","BOSS"],"items_purchased_type":["Relic","Card","Card","Relic","Relic","Relic","Relic","Relic"],"build_version":"2020-12-22","purchased_purges":2,"victory":true,"max_hp_per_floor":[72,72,72,72,72,72,72,72,72,72,72,72,72,72,72,72,72,72,72,72,72,72,72,72,72,72,72,72,72,72,50,50,50,50,50,50,50,50,50,50,56,56,56,56,53,53,53,53,53,53],"card_choices":[{"not_picked":["SashWhip","Evaluate"],"picked":"Worship","floor":1},{"not_picked":["CutThroughFate+1","Vault"],"picked":"Prostrate","floor":4},{"not_picked":["TalkToTheHand+1","FlurryOfBlows+1"],"picked":"SandsOfTime+1","floor":7},{"not_picked":["Nirvana","Swivel"],"picked":"CrushJoints+1","floor":12},{"not_picked":["EmptyBody","Replay:ManipulateFuture"],"picked":"FlurryOfBlows+1","floor":14},{"not_picked":["MasterReality","Replay:AllIn"],"picked":"DeusExMachina","floor":16},{"not_picked":["Crescendo","EmptyBody"],"picked":"FearNoEvil+1","floor":18},{"not_picked":["PathToVictory","Consecrate+1"],"picked":"Fasting2+1","floor":20},{"not_picked":["Halt","ClearTheMind+1"],"picked":"Sanctity+1","floor":21},{"not_picked":["Protect","EmptyBody"],"picked":"FlurryOfBlows+1","floor":23},{"not_picked":["Sanctity","Vengeance"],"picked":"Replay:Hum+1","floor":24},{"not_picked":["Protect","DeceiveReality"],"picked":"ForeignInfluence","floor":28},{"not_picked":["FollowUp+1","SashWhip+1"],"picked":"SpiritShield","floor":30},{"not_picked":["Blasphemy","Scrawl"],"picked":"Devotion+1","floor":33},{"not_picked":["EmptyBody+1","Replay:Hum+1"],"picked":"FlurryOfBlows+1","floor":35},{"not_picked":["Protect","CutThroughFate+1"],"picked":"BattleHymn+1","floor":39},{"not_picked":["CrushJoints+1","LikeWater+1","FlyingSleeves+1"],"picked":"SKIP","floor":41},{"not_picked":["Protect","Replay:AtTheReady+1"],"picked":"SignatureMove+1","floor":44},{"not_picked":["Replay:BluntJabs+1","Halt+1"],"picked":"Alpha","floor":47},{"not_picked":["Purity","Violence"],"picked":"Mind Blast+1","floor":48},{"not_picked":["Weave+1","Sanctity"],"picked":"Halt+1","floor":49}],"player_experience":747145,"relics_obtained":[{"floor":9,"key":"Iron Hammer"},{"floor":12,"key":"Replay:Baseball"},{"floor":15,"key":"Shuriken"},{"floor":17,"key":"Replay:Bandana"},{"floor":17,"key":"CaptainsWheel"},{"floor":17,"key":"Replay:Bottled Flurry"},{"floor":23,"key":"Frozen Egg 2"},{"floor":26,"key":"Juzu Bracelet"},{"floor":28,"key":"Chameleon Ring"},{"floor":30,"key":"Darkstone Periapt"},{"floor":43,"key":"Dream Catcher"},{"floor":44,"key":"Mummified Hand"}],"event_choices":[{"damage_healed":0,"gold_gain":275,"player_choice":"Desecrate","damage_taken":0,"max_hp_gain":0,"max_hp_loss":0,"event_name":"Golden Shrine","floor":2,"gold_loss":0,"cards_obtained":["Regret"]},{"cards_removed":["Strike_P"],"damage_healed":0,"gold_gain":0,"player_choice":"Offered Basic","damage_taken":0,"max_hp_gain":0,"max_hp_loss":0,"event_name":"Bonfire Elementals","floor":10,"gold_loss":0},{"damage_healed":0,"gold_gain":0,"player_choice":"Read","damage_taken":0,"max_hp_gain":0,"max_hp_loss":0,"event_name":"The Library","floor":22,"gold_loss":0,"cards_obtained":["Prostrate"]},{"damage_healed":0,"gold_gain":0,"player_choice":"Ignored","damage_taken":0,"max_hp_gain":0,"max_hp_loss":0,"event_name":"Ghosts","floor":27,"gold_loss":0},{"damage_healed":0,"gold_gain":0,"player_choice":"Became a vampire","damage_taken":0,"max_hp_gain":0,"max_hp_loss":22,"event_name":"Vampires","floor":31,"gold_loss":0,"cards_obtained":["Bite","Bite","Bite","Bite","Bite"]},{"damage_healed":0,"gold_gain":0,"player_choice":"Ignored","damage_taken":0,"max_hp_gain":0,"max_hp_loss":0,"event_name":"SecretPortal","floor":36,"gold_loss":0},{"damage_healed":0,"gold_gain":0,"player_choice":"Upgraded","damage_taken":0,"max_hp_gain":0,"max_hp_loss":0,"event_name":"Upgrade Shrine","floor":37,"gold_loss":0,"cards_upgraded":["DeusExMachina"]},{"damage_healed":0,"gold_gain":0,"player_choice":"Paid","damage_taken":0,"relics_obtained":["Red Mask"],"max_hp_gain":0,"max_hp_loss":0,"event_name":"Tomb of Lord Red Mask","floor":46,"gold_loss":11},{"damage_healed":0,"gold_gain":0,"player_choice":"Memory 1","damage_taken":0,"max_hp_gain":0,"max_hp_loss":0,"event_name":"SensoryStone","floor":48,"gold_loss":0}],"is_beta":false,"boss_relics":[{"not_picked":["SlaversCollar","Velvet Choker"],"picked":"Calling Bell"},{"not_picked":["Replay:Bronze Core","Snecko Eye"],"picked":"Fusion Hammer"}],"items_purged_floors":[3,45],"is_endless":false,"potions_floor_spawned":[7,12,14,16,20,24,28,41,44],"ascension_level":0}}