{"host":"h0xw20cia6ppa69g","time":1611822144,"event":{"mods":["AchievementEnabler","BaseMod","Colored Map","Filter the Spire","Googly Eyes","Minty Spire (QoL Compilation)","Relic Stats","StSLib","The Awakened One except there are too many feathers","everything is the same but u backflip on backflip"],"gold_per_floor":[112,112,123,133,133,166,184,217,264,292,292,313,331,348,348,452,452,471,491,70,70,88,114,114,145,145,156,172,186,219,235,235,333,333,345,362,362,382,61,61,96,96,96,96,96,122,142,168,168,168,168,168,18,54,54],"floor_reached":56,"language":"ENG","playtime":4052,"items_purged":["Catalyst"],"score":1397,"play_id":"5432186b-6671-48c3-9d68-7c9d8cac7eb9","local_time":"20210128022224","is_ascension_mode":true,"campfire_choices":[{"data":"Storm of Steel","floor":11.0,"key":"SMITH"},{"data":"Accuracy","floor":15.0,"key":"SMITH"},{"data":"Phantasmal Killer","floor":24.0,"key":"SMITH"},{"data":"Night Terror","floor":32.0,"key":"SMITH"},{"floor":40.0,"key":"RECALL"},{"data":"After Image","floor":42.0,"key":"SMITH"},{"data":"Tactician","floor":45.0,"key":"SMITH"},{"data":"Finisher","floor":49.0,"key":"SMITH"},{"data":"Tactician","floor":52.0,"key":"SMITH"}],"circlet_count":0,"master_deck":["Survivor","Neutralize+1","Crippling Poison","Footwork","Dodge and Roll","Burst+1","After Image+1","Phantasmal Killer+1","Venomology","Tactician+1","Storm of Steel+1","Predator","Backflip","Terror","Accuracy+1","Dodge and Roll","Noxious Fumes","Finisher+1","Night Terror+1","Outmaneuver","Prepared","Reflex","Malaise","Acrobatics","Footwork","Glass Knife+1","Concentrate","Blade Dance","Dodge and Roll+1","Prepared+1","Tactician+1","Accuracy+1","Concentrate","Night Terror","Acrobatics","Setup+1","Caltrops+1","Calculated Gamble","After Image","Calculated Gamble+1"],"relics":["Pandora\u0027s Box","Ninja Scroll","Lantern","The Specimen","Anchor","Strawberry","Odd Mushroom","Runic Pyramid","Orrery","Kunai","Mercury Hourglass","Blood Vial","Tough Bandages","Bronze Scales","HoveringKite","Paper Crane","Centennial Puzzle","Whetstone","CeramicFish","Cauldron","Du-Vu Doll"],"acts_visited":["Exordium","TheCity","TheBeyond","TheEnding"],"potions_floor_usage":[54,55,55,55,55,55,55],"damage_taken":[{"damage":2.0,"enemies":"Jaw Worm","floor":1.0,"turns":3.0},{"damage":0.0,"enemies":"Cultist","floor":3.0,"turns":5.0},{"damage":1.0,"enemies":"Small Slimes","floor":4.0,"turns":4.0},{"damage":5.0,"enemies":"Lagavulin","floor":6.0,"turns":6.0},{"damage":0.0,"enemies":"2 Fungi Beasts","floor":7.0,"turns":2.0},{"damage":5.0,"enemies":"Gremlin Nob","floor":8.0,"turns":7.0},{"damage":5.0,"enemies":"3 Sentries","floor":10.0,"turns":8.0},{"damage":1.0,"enemies":"The Mushroom Lair","floor":12.0,"turns":3.0},{"damage":6.0,"enemies":"Gremlin Gang","floor":13.0,"turns":5.0},{"damage":0.0,"enemies":"3 Louse","floor":14.0,"turns":3.0},{"damage":21.0,"enemies":"Hexaghost","floor":16.0,"turns":6.0},{"damage":0.0,"enemies":"2 Thieves","floor":18.0,"turns":4.0},{"damage":0.0,"enemies":"3 Byrds","floor":19.0,"turns":3.0},{"damage":4.0,"enemies":"3 Cultists","floor":22.0,"turns":5.0},{"damage":0.0,"enemies":"Book of Stabbing","floor":23.0,"turns":3.0},{"damage":24.0,"enemies":"Slavers","floor":25.0,"turns":7.0},{"damage":0.0,"enemies":"Snecko","floor":27.0,"turns":3.0},{"damage":0.0,"enemies":"Cultist and Chosen","floor":28.0,"turns":5.0},{"damage":0.0,"enemies":"Snake Plant","floor":29.0,"turns":6.0},{"damage":0.0,"enemies":"Gremlin Leader","floor":30.0,"turns":9.0},{"damage":3.0,"enemies":"Centurion and Healer","floor":31.0,"turns":5.0},{"damage":6.0,"enemies":"Champ","floor":33.0,"turns":8.0},{"damage":0.0,"enemies":"3 Shapes","floor":35.0,"turns":3.0},{"damage":0.0,"enemies":"3 Darklings","floor":36.0,"turns":3.0},{"damage":4.0,"enemies":"Writhing Mass","floor":38.0,"turns":4.0},{"damage":10.0,"enemies":"Nemesis","floor":41.0,"turns":7.0},{"damage":6.0,"enemies":"Reptomancer","floor":46.0,"turns":7.0},{"damage":0.0,"enemies":"4 Shapes","floor":47.0,"turns":6.0},{"damage":2.0,"enemies":"Nemesis","floor":48.0,"turns":5.0},{"damage":35.0,"enemies":"Time Eater","floor":50.0,"turns":18.0},{"damage":0,"enemies":"Shield and Spear","floor":54,"turns":7},{"damage":3,"enemies":"The Heart","floor":55,"turns":9}],"seed_played":"4187880029494306785","potions_obtained":[{"floor":8.0,"key":"SteroidPotion"},{"floor":14.0,"key":"CunningPotion"},{"floor":28.0,"key":"DuplicationPotion"},{"floor":35.0,"key":"Regen Potion"},{"floor":53,"key":"CultistPotion"}],"is_trial":false,"path_per_floor":["M","?","M","M","T","E","M","E","T","E","R","?","M","M","R","B",null,"M","M","$","?","M","E","R","E","T","M","M","M","E","M","R","B",null,"M","M","?","M","$","R","E","R","T","?","R","E","M","E","R","B",null,"R","$","E","B",null],"character_chosen":"THE_SILENT","items_purchased":["Orrery","Kunai","Concentrate","Paper Crane","Cauldron"],"campfire_rested":0,"item_purchase_floors":[20,20,20,39,53],"current_hp_per_floor":[68,68,68,67,67,62,62,57,57,59,59,58,52,52,52,31,77,77,77,77,77,73,73,73,49,49,51,53,55,57,56,56,52,77,77,77,77,77,77,77,77,77,77,73,73,67,69,69,69,36,73,73,73,73,70],"gold":54,"neow_bonus":"BOSS_RELIC","is_daily":false,"chose_seed":false,"campfire_upgraded":8,"win_rate":0.0,"timestamp":1611822144,"path_taken":["M","?","?","M","?","E","M","E","T","E","R","?","M","M","R","BOSS","M","M","$","?","?","E","R","E","T","M","M","M","E","M","R","BOSS","M","?","?","M","$","R","E","R","T","?","R","E","M","E","R","BOSS","R","$","E","BOSS"],"items_purchased_type":["Relic","Relic","Card","Relic","Relic"],"build_version":"2020-12-22","purchased_purges":1,"victory":true,"max_hp_per_floor":[70,70,70,70,70,70,70,70,70,77,77,77,77,77,77,77,77,77,77,77,77,77,77,77,77,77,77,77,77,77,77,77,77,77,77,77,77,77,77,77,77,77,77,73,73,73,73,73,73,73,73,73,73,73,73],"relic_stats":{"Blood Vial":18,"Tough Bandages":[825],"Centennial Puzzle":[12],"counters":[32,179],"Bronze Scales":[290],"CeramicFish":9,"HoveringKite":[45],"Pandora\u0027s Box":["Crippling Poison","Footwork","Dodge and Roll","Endless Agony","Burst","After Image","Phantasmal Killer","Venomology","Tactician","Catalyst"],"Kunai":[53],"Whetstone":["Glass Knife","Neutralize"],"obtain_stats":[{"Lantern":6,"The Specimen":8,"CeramicFish":48,"HoveringKite":34,"Whetstone":46,"Odd Mushroom":12,"Paper Crane":39,"Mercury Hourglass":23,"Blood Vial":25,"Du-Vu Doll":54,"Cauldron":53,"Anchor":9,"Tough Bandages":26,"Centennial Puzzle":41,"Ninja Scroll":5,"Strawberry":10,"Bronze Scales":30,"Orrery":20,"Pandora\u0027s Box":0,"Kunai":20,"Ring of the Snake":0,"Runic Pyramid":17},{"Lantern":4,"The Specimen":6,"CeramicFish":29,"HoveringKite":22,"Whetstone":27,"Odd Mushroom":8,"Paper Crane":25,"Mercury Hourglass":15,"Blood Vial":16,"Du-Vu Doll":31,"Cauldron":30,"Anchor":6,"Tough Bandages":16,"Centennial Puzzle":26,"Ninja Scroll":3,"Strawberry":7,"Bronze Scales":20,"Orrery":13,"Pandora\u0027s Box":0,"Kunai":13,"Ring of the Snake":0,"Runic Pyramid":11},{"Lantern":18,"The Specimen":27,"CeramicFish":145,"HoveringKite":110,"Whetstone":134,"Odd Mushroom":38,"Paper Crane":120,"Mercury Hourglass":67,"Blood Vial":74,"Du-Vu Doll":170,"Cauldron":163,"Anchor":27,"Tough Bandages":74,"Centennial Puzzle":127,"Ninja Scroll":12,"Strawberry":35,"Bronze Scales":97,"Orrery":59,"Pandora\u0027s Box":0,"Kunai":59,"Ring of the Snake":0,"Runic Pyramid":52}],"Mercury Hourglass":[431]},"card_choices":[{"not_picked":["Masterful Stab","Sucker Punch"],"picked":"Flying Knee","floor":1.0},{"not_picked":["Reflex","Setup"],"picked":"Predator","floor":3.0},{"not_picked":["Quick Slash","Underhanded Strike","Setup"],"picked":"SKIP","floor":4.0},{"not_picked":["Predator","Flying Knee","Poisoned Stab"],"picked":"SKIP","floor":6.0},{"not_picked":["Footwork","Slice"],"picked":"Backflip","floor":7.0},{"not_picked":["Endless Agony","Prepared"],"picked":"Terror","floor":8.0},{"not_picked":["Leg Sweep","Escape Plan"],"picked":"Accuracy","floor":10.0},{"not_picked":["Poisoned Stab","Caltrops"],"picked":"Dodge and Roll","floor":12.0},{"not_picked":["Skewer","Cloak And Dagger"],"picked":"Noxious Fumes","floor":13.0},{"not_picked":["Bane","Crippling Poison"],"picked":"Finisher","floor":14.0},{"not_picked":["Doppelganger","A Thousand Cuts"],"picked":"Night Terror","floor":16.0},{"not_picked":["Dagger Spray","Flying Knee"],"picked":"Outmaneuver","floor":18.0},{"not_picked":["Backflip","Dagger Spray+1"],"picked":"Prepared","floor":19.0},{"not_picked":["Dagger Spray+1","Skewer"],"picked":"Reflex","floor":20.0},{"not_picked":["Poisoned Stab","Flying Knee"],"picked":"Malaise","floor":20.0},{"not_picked":["Dodge and Roll","Deflect"],"picked":"Acrobatics","floor":20.0},{"not_picked":["Poisoned Stab","Dagger Throw"],"picked":"Footwork","floor":20.0},{"not_picked":["Finisher","Caltrops"],"picked":"Glass Knife","floor":20.0},{"not_picked":["Prepared","Underhanded Strike"],"picked":"Blade Dance","floor":22.0},{"not_picked":["Prepared","PiercingWail"],"picked":"Dodge and Roll+1","floor":23.0},{"not_picked":["Sucker Punch","Well Laid Plans","Expertise"],"picked":"SKIP","floor":25.0},{"not_picked":["Sucker Punch","Well Laid Plans"],"picked":"Prepared+1","floor":27.0},{"not_picked":["Heel Hook","Dagger Throw"],"picked":"Tactician","floor":28.0},{"not_picked":["Distraction","Unload","Dash"],"picked":"SKIP","floor":29.0},{"not_picked":["Sucker Punch","Flying Knee"],"picked":"Accuracy+1","floor":30.0},{"not_picked":["Deadly Poison","Noxious Fumes+1"],"picked":"Concentrate","floor":31.0},{"not_picked":["Corpse Explosion","Unload"],"picked":"Night Terror","floor":33.0},{"not_picked":["Heel Hook","Poisoned Stab+1"],"picked":"Acrobatics","floor":35.0},{"not_picked":["Blade Dance","Dodge and Roll"],"picked":"Setup+1","floor":36.0},{"not_picked":["Acrobatics+1","Dagger Spray","Sucker Punch+1"],"picked":"SKIP","floor":38.0},{"not_picked":["Choke+1","Outmaneuver"],"picked":"Caltrops+1","floor":41.0},{"not_picked":["Noxious Fumes+1","Dodge and Roll+1"],"picked":"Calculated Gamble","floor":46.0},{"not_picked":["PiercingWail","Footwork"],"picked":"After Image","floor":47.0},{"not_picked":["Doppelganger","Bouncing Flask","Dash"],"picked":"SKIP","floor":48.0},{"not_picked":["Catalyst","Eviscerate"],"picked":"Calculated Gamble+1","floor":54}],"player_experience":3780867,"relics_obtained":[{"floor":5.0,"key":"Ninja Scroll"},{"floor":6.0,"key":"Lantern"},{"floor":8.0,"key":"The Specimen"},{"floor":9.0,"key":"Anchor"},{"floor":10.0,"key":"Strawberry"},{"floor":12.0,"key":"Odd Mushroom"},{"floor":23.0,"key":"Mercury Hourglass"},{"floor":25.0,"key":"Blood Vial"},{"floor":26.0,"key":"Tough Bandages"},{"floor":30.0,"key":"Bronze Scales"},{"floor":41.0,"key":"Centennial Puzzle"},{"floor":46.0,"key":"Whetstone"},{"floor":48.0,"key":"CeramicFish"},{"floor":54,"key":"Du-Vu Doll"}],"event_choices":[{"damage_healed":0.0,"max_hp_gain":0.0,"max_hp_loss":0.0,"gold_gain":0.0,"cards_transformed":["Endless Agony"],"event_name":"Transmorgrifier","player_choice":"Transformed","floor":2.0,"gold_loss":0.0,"damage_taken":0.0,"cards_obtained":["Storm of Steel"]},{"damage_healed":0.0,"max_hp_gain":0.0,"max_hp_loss":0.0,"gold_gain":0.0,"event_name":"Mushrooms","player_choice":"Fought Mushrooms","floor":12.0,"gold_loss":0.0,"damage_taken":0.0},{"damage_healed":0.0,"max_hp_gain":0.0,"max_hp_loss":0.0,"gold_gain":0.0,"event_name":"Upgrade Shrine","player_choice":"Upgraded","floor":21.0,"gold_loss":0.0,"damage_taken":0.0,"cards_upgraded":["Burst"]},{"cards_removed":["Flying Knee"],"damage_healed":0.0,"max_hp_gain":0.0,"max_hp_loss":0.0,"gold_gain":0.0,"event_name":"Falling","player_choice":"Removed Attack","floor":37.0,"gold_loss":0.0,"damage_taken":0.0},{"damage_healed":0.0,"max_hp_gain":0.0,"max_hp_loss":4.0,"gold_gain":0.0,"event_name":"Winding Halls","player_choice":"Max HP","floor":44.0,"gold_loss":0.0,"damage_taken":0.0}],"is_beta":false,"boss_relics":[{"not_picked":["Astrolabe","Coffee Dripper"],"picked":"Runic Pyramid"},{"not_picked":["Snecko Eye","Runic Dome"],"picked":"HoveringKite"}],"items_purged_floors":[39],"is_endless":false,"potions_floor_spawned":[3,7,8,12,14,19,22,28,33,35,38,46,54],"ascension_level":1}}