{"host":"ktoxvvst1mwxww91","time":1611847462,"event":{"mods":["BaseMod","Downfall","Minty Spire (QoL Compilation)","StSLib"],"gold_per_floor":[99,99,99,99,99,99,122,122,142,173,187,218,128,128,139,244,244,144,157,175,195,80,80,104,104,115,127,144,144,162,181,192,288,288,288,304,320,334,334,334,334,134,153,171,53,53,65,83,103,103,103,134,54,54,54,54,54,54],"floor_reached":56,"language":"ENG","playtime":2852,"items_purged":["champ:Strike","champ:Strike","Clumsy"],"score":905,"play_id":"f0d40d40-5e44-4d77-be05-96d013ecdee5","local_time":"20210128162422","is_ascension_mode":true,"campfire_choices":[{"data":"champ:Execute","floor":1,"key":"SMITH"},{"data":"champ:UltimateStance","floor":18,"key":"SMITH"},{"data":"champ:TornadoPunch","floor":23,"key":"SMITH"},{"data":"champ:PreciseThrust","floor":25,"key":"SMITH"},{"data":"champ:DefensiveStyle","floor":35,"key":"SMITH"},{"floor":40,"key":"RECALL"},{"data":"champ:EnchantCrown","floor":42,"key":"SMITH"},{"data":"champ:ShieldThrow","floor":54,"key":"SMITH"}],"circlet_count":0,"master_deck":["champ:Defend","champ:Defend","champ:Defend","champ:Defend","champ:Execute+1","champ:Taunt","champ:EnGarde","champ:PerfectedStrike","champ:TornadoPunch+1","champ:StanceDance","champ:RapidStrikes","champ:EnGarde","champ:FalseCounter","champ:DefensiveShout","champ:ArenaPreparation","champ:UltimateStance+1","champ:BringItOn+1","champ:GutPunch","champ:PreciseThrust+1","champ:RisingSlash+1","champ:FocusedDefense+1","champ:SwordSigil+1","champ:Shatter+1","champ:DefensiveStyle+1","champ:EnchantCrown+1","champ:SetATrap+1","champ:HoldFirm","champ:FocusedDefense","champ:AdrenalArmor","champ:CrownThrow+1","champ:UltimateStance+1","champ:HoldFirm","champ:Endure+1","champ:ShieldWall+1","champ:Shatter","champ:ShieldThrow+1","champ:RageSigil+1","champ:IronFortress"],"relics":["champ:ChampionCrownUpgraded","downfall:HeartsMalice","TungstenRod","Vajra","Ginger","champ:SignatureFinisher","downfall:HeartBlessingGreen","Oddly Smooth Stone","Coffee Dripper","downfall:HeartBlessingRed","downfall:HeartBlessingBlue","TheAbacus","Gambling Chip"],"acts_visited":["Exordium","TheCity","TheBeyond","TheEnding"],"potions_floor_usage":[13,16,16,33,33,45,45,45,50,50,50],"damage_taken":[{"damage":0,"enemies":"Small Slimes","floor":2,"turns":1},{"damage":0,"enemies":"Jaw Worm","floor":3,"turns":1},{"damage":0,"enemies":"Cultist","floor":4,"turns":1},{"damage":9,"enemies":"Red Slaver","floor":9,"turns":2},{"damage":29,"enemies":"Gremlin Nob","floor":10,"turns":4},{"damage":13,"enemies":"Gremlin Gang","floor":11,"turns":3},{"damage":16,"enemies":"3 Sentries","floor":12,"turns":5},{"damage":9,"enemies":"downfall:FleeingMerchant","floor":13,"turns":4},{"damage":8,"enemies":"Red Slaver","floor":15,"turns":2},{"damage":0,"enemies":"WA_ARCHETYPE_RETAIN","floor":16,"turns":4},{"damage":32,"enemies":"Chosen","floor":19,"turns":4},{"damage":32,"enemies":"Spheric Guardian","floor":20,"turns":3},{"damage":73,"enemies":"Shelled Parasite and Fungi","floor":21,"turns":7},{"damage":37,"enemies":"downfall:FleeingMerchant","floor":22,"turns":4},{"damage":36,"enemies":"Snecko","floor":26,"turns":3},{"damage":36,"enemies":"Snake Plant","floor":27,"turns":2},{"damage":45,"enemies":"Centurion and Healer","floor":28,"turns":3},{"damage":68,"enemies":"Shelled Parasite and Fungi","floor":30,"turns":2},{"damage":12,"enemies":"Snecko","floor":31,"turns":3},{"damage":52,"enemies":"Snake Plant","floor":32,"turns":2},{"damage":88,"enemies":"IC_MUSHROOM_ARCHETYPE","floor":33,"turns":5},{"damage":37,"enemies":"Orb Walker","floor":36,"turns":3},{"damage":49,"enemies":"3 Darklings","floor":37,"turns":5},{"damage":97,"enemies":"Transient","floor":38,"turns":5},{"damage":58,"enemies":"Spire Growth","floor":43,"turns":3},{"damage":50,"enemies":"Sphere and 2 Shapes","floor":44,"turns":4},{"damage":40,"enemies":"downfall:FleeingMerchant","floor":45,"turns":3},{"damage":68,"enemies":"Maw","floor":47,"turns":6},{"damage":39,"enemies":"4 Shapes","floor":48,"turns":5},{"damage":65,"enemies":"3 Darklings","floor":49,"turns":5},{"damage":89,"enemies":"SI_POISON_ARCHETYPE","floor":50,"turns":9},{"damage":80,"enemies":"downfall:CharBossMerchant","floor":52,"turns":8},{"damage":109,"enemies":"downfall:NeowBoss","floor":55,"turns":17},{"damage":77,"enemies":"downfall:NeowBossFinal","floor":56,"turns":5}],"seed_played":"3553435523957789880","potions_obtained":[{"floor":9,"key":"BlessingOfTheForge"},{"floor":12,"key":"LiquidMemories"},{"floor":15,"key":"Swift Potion"},{"floor":16,"key":"SkillPotion"},{"floor":19,"key":"Swift Potion"},{"floor":20,"key":"SkillPotion"},{"floor":33,"key":"SteroidPotion"},{"floor":36,"key":"AttackPotion"}],"is_trial":false,"path_per_floor":["R","M","M","M","?","T","T","?","M","E","M","E","$","?","M","B",null,"R","M","M","M","$","R","T","R","M","M","M","?","M","M","M","B",null,"R","M","M","M","?","R","T","R","M","M","$","?","M","M","M","B",null,"E","$","R","B","B"],"character_chosen":"THE_CHAMP","items_purchased":["TheAbacus","champ:OpenerPotion","hexamod:SoulburnPotion","EssenceOfSteel","champ:IronFortress"],"campfire_rested":0,"item_purchase_floors":[45,45,45,45,53],"current_hp_per_floor":[90,90,90,90,90,90,90,90,90,75,72,71,72,59,51,51,90,90,90,90,82,90,90,90,90,90,90,90,90,90,90,90,85,90,90,90,90,78,78,78,78,88,90,90,100,100,100,91,96,100,100,79,79,79,75,0,0,0],"gold":54,"neow_bonus":"THREE_ENEMY_KILL","is_daily":false,"chose_seed":false,"campfire_upgraded":7,"win_rate":0.0,"timestamp":1611847462,"path_taken":["R","M","M","M","?","?","T","?","M","E","?","E","?","?","M","BOSS","R","M","?","M","?","R","T","R","M","M","M","?","M","M","M","BOSS","R","M","M","M","?","R","T","R","?","M","$","?","M","M","M","BOSS","E","$","R","BOSS","BOSS"],"items_purchased_type":["Relic","Potion","Potion","Potion","Card"],"build_version":"2020-12-22","purchased_purges":3,"victory":false,"max_hp_per_floor":[90,90,90,90,90,90,90,90,90,90,90,90,90,90,90,90,90,90,90,90,90,90,90,90,90,90,90,90,90,90,90,90,90,90,90,90,90,90,90,90,90,100,100,100,100,100,100,100,100,100,100,100,100,100,100,100,100,100],"card_choices":[{"not_picked":["champ:Shatter","champ:AdrenalArmor"],"picked":"champ:EnGarde","floor":2},{"not_picked":["champ:SetATrap","champ:ShieldSlam"],"picked":"champ:PerfectedStrike","floor":3},{"not_picked":["champ:GutPunch","champ:Circumvent"],"picked":"champ:TornadoPunch","floor":4},{"not_picked":["champ:ShieldSigil","champ:BladeFlurry"],"picked":"champ:StanceDance","floor":9},{"not_picked":["champ:IronFortress","champ:AdrenalArmor"],"picked":"champ:RapidStrikes","floor":10},{"not_picked":["champ:Haymaker","champ:AdrenalArmor"],"picked":"champ:EnGarde","floor":11},{"not_picked":["champ:FancyFootwork","champ:ShieldSigil"],"picked":"champ:FalseCounter","floor":12},{"not_picked":["champ:Shatter","champ:GladiatorForm"],"picked":"champ:DefensiveShout","floor":13},{"not_picked":["champ:Endure","champ:ShieldSigil"],"picked":"champ:ArenaPreparation","floor":15},{"not_picked":["champ:EnchantShield","champ:StrikeOfGenius"],"picked":"champ:UltimateStance","floor":16},{"not_picked":["champ:GladiatorStyle","champ:SwordSigil"],"picked":"champ:BringItOn+1","floor":19},{"not_picked":["champ:AdrenalArmor+1","champ:StanceDance"],"picked":"champ:GutPunch","floor":20},{"not_picked":["champ:StanceDance","champ:FlashCut"],"picked":"champ:PreciseThrust","floor":21},{"not_picked":["champ:PerfectedStrike","champ:StanceDance"],"picked":"champ:RisingSlash+1","floor":22},{"not_picked":["champ:CrownThrow","champ:PerfectedStrike"],"picked":"champ:FocusedDefense+1","floor":26},{"not_picked":["champ:BringItOn","champ:IronFortress"],"picked":"champ:SwordSigil+1","floor":27},{"not_picked":["champ:Backstep","champ:SkillfulDodge+1"],"picked":"champ:Shatter","floor":28},{"not_picked":["champ:TornadoPunch","champ:HeartStrike"],"picked":"champ:DefensiveStyle","floor":30},{"not_picked":["champ:PreciseThrust","champ:BerserkersShout"],"picked":"champ:EnchantCrown","floor":31},{"not_picked":["champ:EnGarde","champ:AdrenalArmor"],"picked":"champ:SetATrap+1","floor":32},{"not_picked":["champ:MurderStrike","champ:ShieldThrow"],"picked":"champ:HoldFirm","floor":33},{"not_picked":["champ:Parry+1","champ:CrownThrow+1"],"picked":"champ:FocusedDefense","floor":36},{"not_picked":["champ:BerserkersShout+1","champ:FalseCounter"],"picked":"champ:AdrenalArmor","floor":37},{"not_picked":["champ:BladeFlurry+1","champ:ShieldSigil"],"picked":"champ:CrownThrow+1","floor":38},{"not_picked":["champ:PerfectedStrike","champ:ArenaPreparation"],"picked":"champ:Endure+1","floor":43},{"not_picked":["champ:Backstep+1","champ:EnGarde"],"picked":"champ:ShieldWall+1","floor":44},{"not_picked":["champ:EnGarde","champ:PreemptiveStrike"],"picked":"champ:Shatter","floor":45},{"not_picked":["champ:EndlessRage","champ:CrookedStrike","champ:SetATrap+1"],"picked":"SKIP","floor":47},{"not_picked":["champ:Lariat","champ:Haymaker+1"],"picked":"champ:ShieldThrow","floor":48},{"not_picked":["champ:Duel","champ:EndlessRage","champ:PerfectedStrike+1"],"picked":"SKIP","floor":49},{"not_picked":["champ:ShieldSigil+1","champ:FlashCut"],"picked":"champ:RageSigil+1","floor":52}],"player_experience":865275,"relics_obtained":[{"floor":6,"key":"TungstenRod"},{"floor":7,"key":"Vajra"},{"floor":10,"key":"Ginger"},{"floor":12,"key":"champ:SignatureFinisher"},{"floor":24,"key":"Oddly Smooth Stone"},{"floor":52,"key":"Gambling Chip"}],"event_choices":[{"cards_removed":["champ:Strike"],"damage_healed":0,"gold_gain":0,"player_choice":"Offered Basic","damage_taken":0,"max_hp_gain":0,"max_hp_loss":0,"event_name":"Bonfire Elementals","floor":8,"gold_loss":0},{"damage_healed":0,"gold_gain":0,"player_choice":"Forge","damage_taken":0,"max_hp_gain":0,"max_hp_loss":0,"event_name":"Accursed Blacksmith","floor":46,"gold_loss":0,"cards_upgraded":["champ:Shatter"]}],"is_beta":false,"boss_relics":[{"not_picked":["Pandora\u0027s Box","Empty Cage"],"picked":"champ:ChampionCrownUpgraded"},{"not_picked":["Velvet Choker","Tiny House"],"picked":"Coffee Dripper"}],"items_purged_floors":[13,22,45],"is_endless":false,"potions_floor_spawned":[9,12,15,16,19,20,26,27,32,33,36,48,49],"killed_by":"downfall:NeowBossFinal","ascension_level":3}}