{"host":"agbyy69nq62afhwx","time":1611859212,"event":{"mods":["BaseMod","Colored Map","DeckTracker","Highlight Path","Keyboard Shortcuts","Minty Spire (QoL Compilation)","Quick Restart","StSLib","SuperFastMode","everything is the same but u backflip on backflip"],"gold_per_floor":[118,137,62,80,80,80,112,112,164,175,191,237,269,299,299,376,376,395,23,39,39,108,108,139,139,163,163,176,206,22,48,48,126,126,146,156,169,185,145,145,172,198,210,257,281,343,355,386,398,410],"floor_reached":51,"language":"KOR","playtime":1667,"items_purged":["Normality","Strike_P"],"score":1733,"play_id":"6cf42a12-92e0-4cf2-b477-217fd8f1512a","local_time":"20210129034012","is_ascension_mode":true,"campfire_choices":[{"data":"Eruption","floor":6.0,"key":"SMITH"},{"floor":8.0,"key":"REST"},{"data":"Blasphemy","floor":15.0,"key":"SMITH"},{"data":"Ghostly","floor":23.0,"key":"SMITH"},{"data":"Ghostly","floor":25.0,"key":"SMITH"},{"data":"Ghostly","floor":27.0,"key":"SMITH"},{"data":"1","floor":32.0,"key":"LIFT"},{"data":"2","floor":40.0,"key":"LIFT"},{"data":"3","floor":47.0,"key":"LIFT"},{"data":"WaveOfTheHand","floor":49.0,"key":"SMITH"}],"circlet_count":0,"master_deck":["AscendersBane","Strike_P","Strike_P","Strike_P","Defend_P+1","Defend_P","Defend_P","Defend_P","Eruption+1","Vigilance+1","Master of Strategy","FlyingSleeves","TalkToTheHand+1","BattleHymn","Blasphemy+1","BowlingBash","WreathOfFlame","Ragnarok","Halt","CurseOfTheBell","Study","Flash of Steel","Ghostly+1","Ghostly+1","Ghostly+1","Wallop","DevaForm","Protect+1","ForeignInfluence+1","WaveOfTheHand+1"],"relics":["HolyWater","War Paint","Smiling Mask","Anchor","Eternal Feather","Odd Mushroom","Calling Bell","MealTicket","Sundial","Girya","Membership Card","Ice Cream","Blue Candle","Juzu Bracelet","Strawberry","Blood Vial","Mercury Hourglass","Mummified Hand","MawBank","PreservedInsect","CaptainsWheel"],"acts_visited":["Exordium","TheCity","TheBeyond"],"potions_floor_usage":[50,50],"damage_taken":[{"damage":11.0,"enemies":"Jaw Worm","floor":1.0,"turns":6.0},{"damage":0.0,"enemies":"Cultist","floor":2.0,"turns":3.0},{"damage":0.0,"enemies":"Small Slimes","floor":4.0,"turns":2.0},{"damage":29.0,"enemies":"3 Sentries","floor":7.0,"turns":7.0},{"damage":0.0,"enemies":"2 Fungi Beasts","floor":10.0,"turns":2.0},{"damage":0.0,"enemies":"Exordium Wildlife","floor":11.0,"turns":1.0},{"damage":16.0,"enemies":"Gremlin Nob","floor":13.0,"turns":3.0},{"damage":0.0,"enemies":"The Mushroom Lair","floor":14.0,"turns":1.0},{"damage":0.0,"enemies":"Slime Boss","floor":16.0,"turns":5.0},{"damage":18.0,"enemies":"2 Thieves","floor":18.0,"turns":4.0},{"damage":10.0,"enemies":"3 Byrds","floor":20.0,"turns":3.0},{"damage":6.0,"enemies":"Book of Stabbing","floor":24.0,"turns":4.0},{"damage":17.0,"enemies":"Shelled Parasite and Fungi","floor":28.0,"turns":4.0},{"damage":0.0,"enemies":"Gremlin Leader","floor":29.0,"turns":3.0},{"damage":33.0,"enemies":"Slavers","floor":31.0,"turns":7.0},{"damage":22.0,"enemies":"Collector","floor":33.0,"turns":8.0},{"damage":0.0,"enemies":"Orb Walker","floor":35.0,"turns":3.0},{"damage":9.0,"enemies":"3 Shapes","floor":36.0,"turns":5.0},{"damage":1.0,"enemies":"Transient","floor":37.0,"turns":6.0},{"damage":30.0,"enemies":"3 Darklings","floor":38.0,"turns":5.0},{"damage":18.0,"enemies":"Nemesis","floor":41.0,"turns":7.0},{"damage":1.0,"enemies":"4 Shapes","floor":42.0,"turns":4.0},{"damage":0.0,"enemies":"Reptomancer","floor":44.0,"turns":3.0},{"damage":0.0,"enemies":"Spire Growth","floor":45.0,"turns":3.0},{"damage":0.0,"enemies":"3 Darklings","floor":48.0,"turns":6.0},{"damage":42,"enemies":"Awakened One","floor":50,"turns":13}],"seed_played":"-1514169485121829162","potions_obtained":[{"floor":1.0,"key":"BlessingOfTheForge"},{"floor":7.0,"key":"Explosive Potion"},{"floor":11.0,"key":"DuplicationPotion"},{"floor":13.0,"key":"DistilledChaos"},{"floor":20.0,"key":"GamblersBrew"},{"floor":31.0,"key":"Fruit Juice"},{"floor":33.0,"key":"SteroidPotion"},{"floor":35.0,"key":"Explosive Potion"},{"floor":39.0,"key":"BottledMiracle"},{"floor":39.0,"key":"Regen Potion"},{"floor":42.0,"key":"BottledMiracle"},{"floor":44.0,"key":"DistilledChaos"}],"is_trial":false,"path_per_floor":["M","M","$","M","?","R","E","R","T","M","M","T","E","?","R","B",null,"M","$","M","?","T","R","E","R","T","R","M","E","$","E","R","B",null,"M","M","M","M","?","R","E","M","T","E","M","?","R","M","R","B",null],"character_chosen":"WATCHER","items_purchased":["Membership Card","Ice Cream","Flash of Steel","Mercury Hourglass"],"campfire_rested":1,"item_purchase_floors":[19,19,19,30],"current_hp_per_floor":[50,50,50,50,50,50,21,41,41,41,41,41,25,25,37,37,60,42,57,47,34,34,34,28,34,41,41,24,24,39,13,28,8,37,39,32,33,5,5,20,4,17,17,19,21,21,36,38,46,4],"gold":422,"neow_bonus":"RANDOM_COLORLESS_2","is_daily":false,"chose_seed":false,"campfire_upgraded":6,"win_rate":0.0,"timestamp":1611859212,"path_taken":["M","M","$","M","?","R","E","R","T","M","?","?","E","?","R","BOSS","M","$","M","?","?","R","E","R","T","R","M","E","$","E","R","BOSS","M","M","M","M","?","R","E","M","T","E","M","?","R","M","R","BOSS"],"items_purchased_type":["Relic","Relic","Card","Relic"],"build_version":"2020-12-22","purchased_purges":2,"victory":true,"max_hp_per_floor":[68,68,68,68,68,68,68,68,68,68,68,68,68,68,68,68,68,68,68,68,34,34,34,34,34,41,41,41,41,41,46,46,46,46,46,46,46,46,46,46,46,46,46,46,46,46,46,46,46,46],"card_choices":[{"not_picked":["Sadistic Nature","Thinking Ahead"],"picked":"Master of Strategy","floor":0.0},{"not_picked":["SashWhip","Perseverance"],"picked":"FlyingSleeves","floor":1.0},{"not_picked":["Evaluate","Protect"],"picked":"TalkToTheHand","floor":2.0},{"not_picked":["EmptyFist","CrushJoints"],"picked":"BattleHymn","floor":4.0},{"not_picked":["EmptyBody","Perseverance"],"picked":"Blasphemy","floor":7.0},{"not_picked":["EmptyBody","CarveReality"],"picked":"BowlingBash","floor":10.0},{"not_picked":["ForeignInfluence","Sanctity"],"picked":"WreathOfFlame","floor":11.0},{"not_picked":["InnerPeace","Collect"],"picked":"Ragnarok","floor":13.0},{"not_picked":["InnerPeace","BattleHymn"],"picked":"Halt","floor":14.0},{"not_picked":["FollowUp","FlyingSleeves+1"],"picked":"Study","floor":18.0},{"not_picked":["FollowUp","Devotion","CrushJoints+1"],"picked":"SKIP","floor":20.0},{"not_picked":["SashWhip","Fasting2","ThirdEye+1"],"picked":"SKIP","floor":24.0},{"not_picked":["PathToVictory","MentalFortress","ClearTheMind"],"picked":"SKIP","floor":28.0},{"not_picked":["DevaForm","Nirvana"],"picked":"Wallop","floor":29.0},{"not_picked":["ThirdEye","Judgement","WreathOfFlame"],"picked":"SKIP","floor":31.0},{"not_picked":["Blasphemy","Brilliance"],"picked":"DevaForm","floor":33.0},{"not_picked":["ThirdEye+1","CrushJoints","Weave"],"picked":"SKIP","floor":35.0},{"not_picked":["Protect+1","PathToVictory","JustLucky"],"picked":"SKIP","floor":36.0},{"not_picked":["CutThroughFate","ClearTheMind","Evaluate"],"picked":"SKIP","floor":37.0},{"not_picked":["Meditate","Prostrate"],"picked":"Protect+1","floor":38.0},{"not_picked":["Crescendo","WheelKick"],"picked":"ForeignInfluence+1","floor":41.0},{"not_picked":["LikeWater","SashWhip+1","Nirvana"],"picked":"SKIP","floor":42.0},{"not_picked":["SashWhip","Meditate","FlurryOfBlows"],"picked":"SKIP","floor":44.0},{"not_picked":["Meditate+1","SpiritShield","Consecrate+1"],"picked":"SKIP","floor":45.0},{"not_picked":["EmptyFist","Nirvana"],"picked":"WaveOfTheHand","floor":48.0}],"player_experience":492897,"relics_obtained":[{"floor":7.0,"key":"War Paint"},{"floor":9.0,"key":"Smiling Mask"},{"floor":12.0,"key":"Anchor"},{"floor":13.0,"key":"Eternal Feather"},{"floor":14.0,"key":"Odd Mushroom"},{"floor":17.0,"key":"MealTicket"},{"floor":17.0,"key":"Sundial"},{"floor":17.0,"key":"Girya"},{"floor":22.0,"key":"Blue Candle"},{"floor":24.0,"key":"Juzu Bracelet"},{"floor":26.0,"key":"Strawberry"},{"floor":29.0,"key":"Blood Vial"},{"floor":31.0,"key":"Mummified Hand"},{"floor":41.0,"key":"MawBank"},{"floor":43.0,"key":"PreservedInsect"},{"floor":44.0,"key":"CaptainsWheel"}],"event_choices":[{"damage_healed":0.0,"max_hp_gain":0.0,"max_hp_loss":0.0,"gold_gain":0.0,"event_name":"Accursed Blacksmith","player_choice":"Forge","floor":5.0,"gold_loss":0.0,"damage_taken":0.0,"cards_upgraded":["TalkToTheHand"]},{"damage_healed":0.0,"max_hp_gain":0.0,"max_hp_loss":0.0,"gold_gain":0.0,"event_name":"Mushrooms","player_choice":"Fought Mushrooms","floor":14.0,"gold_loss":0.0,"damage_taken":0.0},{"damage_healed":0.0,"max_hp_gain":0.0,"max_hp_loss":34.0,"gold_gain":0.0,"event_name":"Ghosts","player_choice":"Became a Ghost","floor":21.0,"gold_loss":0.0,"damage_taken":0.0,"cards_obtained":["Ghostly","Ghostly","Ghostly"]},{"damage_healed":0.0,"max_hp_gain":0.0,"max_hp_loss":0.0,"gold_gain":0.0,"event_name":"The Woman in Blue","player_choice":"Bought 3 Potions","floor":39.0,"gold_loss":0.0,"damage_taken":0.0},{"damage_healed":0.0,"max_hp_gain":0.0,"max_hp_loss":0.0,"gold_gain":50.0,"event_name":"Golden Shrine","player_choice":"Pray","floor":46.0,"gold_loss":0.0,"damage_taken":0.0}],"is_beta":false,"boss_relics":[{"not_picked":["Runic Dome","Coffee Dripper"],"picked":"Calling Bell"},{"not_picked":["Snecko Eye","Cursed Key"],"picked":"HolyWater"}],"items_purged_floors":[3,30],"is_endless":false,"potions_floor_spawned":[1,7,11,13,16,20,28,31,33,35,41,42,44,45],"ascension_level":19}}