{"host":"lehz9p79pih88cc3","time":1611805828,"event":{"mods":["AchievementEnabler","Act Like it!","BaseMod","Downfall","Minty Spire (QoL Compilation)","Permanent Neow","Quick Restart","Replay The Spire","SacredBarkPlus","StSLib"],"gold_per_floor":[99,116,266,266,266,23,23,53,63,63,3,56,75,89,102,102,102,102],"floor_reached":16,"language":"ENG","playtime":635,"items_purged":["Replay:Hysterical Blindness"],"score":90,"play_id":"708a7628-e854-4cf9-8a5b-09729cad2799","local_time":"20210127225028","is_ascension_mode":false,"campfire_choices":[{"data":"hexamod:Sear","floor":1,"key":"SMITH"}],"circlet_count":0,"master_deck":["hexamod:Strike","hexamod:Strike","hexamod:Strike","hexamod:Strike","hexamod:Defend","hexamod:Defend","hexamod:Defend","hexamod:Defend","hexamod:Sear+1","hexamod:Float","hexamod:InspiringFlames","hexamod:RadiantFlame","hexamod:FlamesFromBeyond+1","hexamod:TimeWarp","hexamod:ThermalTransfer","hexamod:StepThrough","hexamod:GhostOfSpireFuture"],"relics":["Sozu","Lantern","HandDrill","Matryoshka","Odd Mushroom","Bottled Flame","Oddly Smooth Stone"],"acts_visited":["Exordium"],"potions_floor_usage":[],"damage_taken":[{"damage":1,"enemies":"Jaw Worm","floor":2,"turns":3},{"damage":5,"enemies":"downfall:FleeingMerchant","floor":6,"turns":4},{"damage":17,"enemies":"The Mushroom Lair","floor":8,"turns":4},{"damage":2,"enemies":"2 Louse","floor":9,"turns":4},{"damage":5,"enemies":"downfall:FleeingMerchant","floor":11,"turns":4},{"damage":2,"enemies":"Small Slimes","floor":13,"turns":3},{"damage":6,"enemies":"3 Louse","floor":14,"turns":3},{"damage":4,"enemies":"Exordium Thugs","floor":15,"turns":3},{"damage":11,"enemies":"SI_SHIV_ARCHETYPE","floor":16,"turns":8}],"seed_played":"7099819710518873321","potions_obtained":[],"is_trial":false,"path_per_floor":["R","M","?","?","?","$","T","?","M","?","$","T","M","M","M","B"],"character_chosen":"THE_SPIRIT","items_purchased":["HandDrill","hexamod:ThermalTransfer"],"campfire_rested":0,"item_purchase_floors":[6,11],"current_hp_per_floor":[70,69,69,69,51,46,46,29,27,27,22,22,20,14,10,0,0,0],"gold":102,"neow_bonus":"BOSS_RELIC","is_daily":false,"chose_seed":false,"campfire_upgraded":1,"win_rate":0.0,"timestamp":1611805828,"path_taken":["R","M","?","?","?","$","T","?","M","?","?","?","M","M","M","BOSS"],"items_purchased_type":["Relic","Card"],"build_version":"2020-12-22","purchased_purges":1,"victory":false,"max_hp_per_floor":[70,70,70,70,70,70,70,70,70,70,70,70,70,70,70,70,70,70],"card_choices":[{"not_picked":["hexamod:RetreatToShadows","hexamod:GhostShield","hexamod:ShieldOfDarkness"],"picked":"SKIP","floor":2},{"not_picked":["hexamod:SkipABeat","hexamod:GhostOfSpirePast"],"picked":"hexamod:InspiringFlames","floor":6},{"not_picked":["hexamod:NecessarySacrifice","hexamod:NightmareStrike"],"picked":"hexamod:RadiantFlame","floor":8},{"not_picked":["hexamod:NightmareStrike","hexamod:Firestarter"],"picked":"hexamod:FlamesFromBeyond","floor":9},{"not_picked":["hexamod:NecessarySacrifice","hexamod:PhantomCloak"],"picked":"hexamod:TimeWarp","floor":11},{"not_picked":["hexamod:SpectersWail","hexamod:HauntingEcho","hexamod:HeatCrush"],"picked":"SKIP","floor":13},{"not_picked":["hexamod:GhostLash","hexamod:SwordOfDarkness"],"picked":"hexamod:StepThrough","floor":14},{"not_picked":["hexamod:FlamesFromBeyond","hexamod:GhostLash"],"picked":"hexamod:GhostOfSpireFuture","floor":15}],"player_experience":139742,"relics_obtained":[{"floor":7,"key":"Matryoshka"},{"floor":8,"key":"Odd Mushroom"},{"floor":12,"key":"Bottled Flame"},{"floor":12,"key":"Oddly Smooth Stone"}],"event_choices":[{"damage_healed":0,"gold_gain":0,"player_choice":"Success","damage_taken":18,"relics_obtained":["Lantern"],"max_hp_gain":0,"max_hp_loss":0,"event_name":"Scrap Ooze","floor":5,"gold_loss":0},{"damage_healed":0,"gold_gain":0,"player_choice":"Fought Mushrooms","damage_taken":0,"max_hp_gain":0,"max_hp_loss":0,"event_name":"Mushrooms","floor":8,"gold_loss":0},{"damage_healed":0,"gold_gain":0,"player_choice":"Grow","damage_taken":0,"max_hp_gain":0,"max_hp_loss":0,"event_name":"Living Wall","floor":10,"gold_loss":0,"cards_upgraded":["hexamod:FlamesFromBeyond"]}],"is_beta":false,"boss_relics":[],"items_purged_floors":[6],"is_endless":false,"potions_floor_spawned":[2,9,13,15],"killed_by":"SI_SHIV_ARCHETYPE","ascension_level":0}}