{"host":"gobyjzz6xbwq9f9i","time":1611798513,"event":{"mods":["AchievementEnabler","BaseMod","Bestiary","Colored Map","Minty Spire (QoL Compilation)"],"gold_per_floor":[115,134,150,250,266,266,299,311,311,8,27,27,43,69,69,168,168,184,197,208,239,239,274,40,60,128,128,128],"floor_reached":27,"language":"ENG","playtime":1273,"items_purged":["Strike_G"],"score":371,"play_id":"2e2a1d48-fcff-4436-a340-68436089f869","local_time":"20210127174833","is_ascension_mode":true,"campfire_choices":[{"data":"All Out Attack","floor":6.0,"key":"SMITH"},{"data":"Glass Knife","floor":12.0,"key":"SMITH"},{"data":"Blade Dance","floor":15,"key":"SMITH"}],"circlet_count":0,"master_deck":["AscendersBane","Strike_G","Strike_G","Strike_G","Strike_G","Defend_G","Defend_G","Defend_G","Defend_G","Defend_G","Survivor","Neutralize","All Out Attack+1","Predator","Slice","Deadly Poison","Glass Knife+1","Blade Dance+1","Slice","Malaise","Malaise","Backflip","Endless Agony","PiercingWail","Phantasmal Killer","Finisher","Backstab"],"relics":["Ring of the Snake","Ginger","Unceasing Top","Meat on the Bone","Kunai","Matryoshka","Coffee Dripper","Red Mask","MawBank","Frozen Egg 2","Singing Bowl"],"acts_visited":["Exordium","TheCity"],"potions_floor_usage":[16,23],"damage_taken":[{"damage":0.0,"enemies":"Small Slimes","floor":1.0,"turns":6.0},{"damage":0.0,"enemies":"Cultist","floor":2.0,"turns":5.0},{"damage":0.0,"enemies":"Jaw Worm","floor":3.0,"turns":4.0},{"damage":0.0,"enemies":"2 Fungi Beasts","floor":5.0,"turns":3.0},{"damage":42.0,"enemies":"Gremlin Nob","floor":7.0,"turns":5.0},{"damage":0.0,"enemies":"Gremlin Gang","floor":8.0,"turns":3.0},{"damage":11.0,"enemies":"Lots of Slimes","floor":11.0,"turns":3.0},{"damage":2.0,"enemies":"3 Louse","floor":13.0,"turns":3.0},{"damage":16,"enemies":"3 Sentries","floor":14,"turns":5},{"damage":1,"enemies":"Slime Boss","floor":16,"turns":7},{"damage":5,"enemies":"Spheric Guardian","floor":18,"turns":3},{"damage":1,"enemies":"Shell Parasite","floor":19,"turns":5},{"damage":18,"enemies":"Sentry and Sphere","floor":20,"turns":6},{"damage":14,"enemies":"Masked Bandits","floor":21,"turns":5},{"damage":6,"enemies":"Gremlin Leader","floor":23,"turns":6},{"damage":15,"enemies":"3 Cultists","floor":25,"turns":5},{"damage":35,"enemies":"Centurion and Healer","floor":27,"turns":4}],"seed_played":"6969001258374758544","potions_obtained":[{"floor":1.0,"key":"SpeedPotion"},{"floor":7.0,"key":"Explosive Potion"},{"floor":13.0,"key":"Swift Potion"},{"floor":16,"key":"SneckoOil"},{"floor":22,"key":"Fire Potion"},{"floor":22,"key":"LiquidBronze"},{"floor":23,"key":"Ancient Potion"},{"floor":25,"key":"SteroidPotion"}],"is_trial":false,"path_per_floor":["M","M","M","?","M","R","E","M","T","$","M","R","M","E","R","B",null,"M","M","M","?","?","E","$","M","T","M"],"character_chosen":"THE_SILENT","items_purchased":["Kunai","Blade Dance","Phantasmal Killer","Finisher"],"campfire_rested":0,"item_purchase_floors":[10,10,24,24],"current_hp_per_floor":[63,63,63,63,63,63,21,21,21,21,22,22,32,28,28,39,57,52,51,33,31,31,37,37,34,34,0,0],"gold":128,"neow_bonus":"ONE_RARE_RELIC","is_daily":false,"chose_seed":false,"campfire_upgraded":3,"win_rate":0.0,"timestamp":1611798513,"path_taken":["M","M","M","?","M","R","E","?","T","?","M","R","?","E","R","BOSS","M","M","M","?","?","E","$","M","T","?"],"items_purchased_type":["Relic","Card","Card","Card"],"build_version":"2020-12-22","purchased_purges":1,"victory":false,"max_hp_per_floor":[63,63,63,63,63,63,63,63,63,63,63,63,63,63,63,63,63,63,63,63,63,63,63,63,63,63,63,63],"card_choices":[{"not_picked":["Heel Hook","Blade Dance"],"picked":"All Out Attack","floor":1.0},{"not_picked":["Slice","Deadly Poison"],"picked":"Predator","floor":2.0},{"not_picked":["Prepared","Tactician"],"picked":"Slice","floor":3.0},{"not_picked":["Sucker Punch","Leg Sweep"],"picked":"Deadly Poison","floor":5.0},{"not_picked":["Sucker Punch","Dagger Spray","Flying Knee"],"picked":"SKIP","floor":7.0},{"not_picked":["Flying Knee","Dagger Spray"],"picked":"Glass Knife","floor":8.0},{"not_picked":["Bane","Expertise","Underhanded Strike"],"picked":"SKIP","floor":11.0},{"not_picked":["Eviscerate","Choke"],"picked":"Slice","floor":13.0},{"not_picked":["Expertise","Escape Plan"],"picked":"Malaise","floor":14},{"not_picked":["Venomology","Glass Knife"],"picked":"Malaise","floor":16},{"not_picked":["Masterful Stab","Dagger Spray+1"],"picked":"Backflip","floor":18},{"not_picked":["Bouncing Flask","Tactician"],"picked":"Endless Agony","floor":19},{"not_picked":["Heel Hook","Sucker Punch","Acrobatics"],"picked":"SKIP","floor":20},{"not_picked":["Acrobatics+1","Bane"],"picked":"PiercingWail","floor":23},{"not_picked":["Flying Knee","Dagger Throw"],"picked":"Backstab","floor":25}],"player_experience":1185716,"relics_obtained":[{"floor":7.0,"key":"Unceasing Top"},{"floor":9.0,"key":"Meat on the Bone"},{"floor":14,"key":"Matryoshka"},{"floor":21,"key":"Red Mask"},{"floor":23,"key":"MawBank"},{"floor":26,"key":"Frozen Egg 2"},{"floor":26,"key":"Singing Bowl"}],"event_choices":[{"damage_healed":0.0,"max_hp_gain":0.0,"max_hp_loss":0.0,"gold_gain":100.0,"event_name":"Golden Shrine","player_choice":"Pray","floor":4.0,"gold_loss":0.0,"damage_taken":0.0},{"damage_healed":0,"gold_gain":0,"player_choice":"Fought Bandits","damage_taken":0,"max_hp_gain":0,"max_hp_loss":0,"event_name":"Masked Bandits","floor":21,"gold_loss":0},{"damage_healed":0,"gold_gain":0,"player_choice":"Got Potions","damage_taken":0,"max_hp_gain":0,"max_hp_loss":0,"event_name":"Lab","floor":22,"gold_loss":0}],"is_beta":false,"boss_relics":[{"not_picked":["Calling Bell","Tiny House"],"picked":"Coffee Dripper"}],"items_purged_floors":[24],"is_endless":false,"potions_floor_spawned":[1,7,13,16,23,25],"killed_by":"Centurion and Healer","ascension_level":10}}