{"host":"7gnh07yij4i09woj","time":1611854468,"event":{"mods":["AchievementEnabler","BaseMod","Downfall","Minty Spire (QoL Compilation)","StSLib","Waifu the Spire"],"gold_per_floor":[110,110,110,122,146,172,190,80,126,137,137,69,69,88,88,190,190,209,229,229,245,260,260,260,260,260,274,292,14,14,31,31,31,31],"floor_reached":33,"language":"ENG","playtime":3084,"items_purged":[],"score":249,"play_id":"cd3e6be7-ae57-4ccf-9444-203346913c25","local_time":"20210128092108","is_ascension_mode":false,"campfire_choices":[{"data":"Envenom","floor":11,"key":"SMITH"},{"data":"Footwork","floor":15,"key":"SMITH"},{"floor":23,"key":"REST"},{"floor":30,"key":"REST"},{"floor":32,"key":"REST"}],"circlet_count":0,"master_deck":["Strike_G","Strike_G","Strike_G","Strike_G","Strike_G","Defend_G","Defend_G","Defend_G","Defend_G","Defend_G","Survivor","Neutralize","Cloak And Dagger","Noxious Fumes","Blade Dance","Dash","Catalyst","Footwork+1","Envenom+1","Footwork","Catalyst","Envenom","Blade Dance+1","Cloak And Dagger","Die Die Die","Catalyst+1","Bane","Footwork"],"relics":["Ring of the Snake","PreservedInsect","MealTicket","Nunchaku","Busted Crown","Bottled Tornado","Strange Spoon"],"acts_visited":["Exordium","TheCity"],"potions_floor_usage":[33],"damage_taken":[{"damage":0,"enemies":"Jaw Worm","floor":1,"turns":6},{"damage":0,"enemies":"2 Louse","floor":4,"turns":4},{"damage":22,"enemies":"3 Sentries","floor":6,"turns":7},{"damage":0,"enemies":"Small Slimes","floor":7,"turns":3},{"damage":5,"enemies":"Exordium Thugs","floor":10,"turns":6},{"damage":2,"enemies":"Red Slaver","floor":14,"turns":5},{"damage":15,"enemies":"The Guardian","floor":16,"turns":11},{"damage":24,"enemies":"Chosen","floor":18,"turns":6},{"damage":4,"enemies":"Shell Parasite","floor":19,"turns":7},{"damage":25,"enemies":"Snake Plant","floor":21,"turns":6},{"damage":11,"enemies":"Snecko","floor":22,"turns":5},{"damage":11,"enemies":"Shelled Parasite and Fungi","floor":27,"turns":6},{"damage":23,"enemies":"Snake Plant","floor":28,"turns":6},{"damage":7,"enemies":"Snecko","floor":31,"turns":4},{"damage":60,"enemies":"Automaton","floor":33,"turns":6}],"seed_played":"-3273253407020267738","potions_obtained":[{"floor":1,"key":"BlessingOfTheForge"},{"floor":6,"key":"FearPotion"},{"floor":16,"key":"GamblersBrew"},{"floor":18,"key":"sneckomod:MuddlingPotion"},{"floor":19,"key":"champ:CounterPotion"}],"is_trial":false,"path_per_floor":["M","?","?","M","T","E","M","$","T","M","R","$","?","M","R","B",null,"M","M","?","M","M","R","?","?","T","M","M","$","R","M","R","B"],"character_chosen":"THE_SILENT","items_purchased":["Catalyst","Footwork","Footwork","Strange Spoon","Bane","Footwork"],"campfire_rested":3,"item_purchase_floors":[8,8,12,29,29,29],"current_hp_per_floor":[70,75,75,75,75,53,53,68,68,63,63,75,75,73,73,58,75,51,47,52,27,16,38,38,38,38,27,4,19,41,34,56,0,0],"gold":31,"neow_bonus":"THREE_CARDS","is_daily":false,"chose_seed":false,"campfire_upgraded":2,"win_rate":0.0,"timestamp":1611854468,"path_taken":["M","?","?","M","?","E","M","$","T","M","R","$","?","?","R","BOSS","M","M","?","?","M","R","?","?","T","?","M","$","R","M","R","BOSS"],"items_purchased_type":["Card","Card","Card","Relic","Card","Card"],"build_version":"2020-12-22","purchased_purges":0,"victory":false,"max_hp_per_floor":[70,75,75,75,75,75,75,75,75,75,75,75,75,75,75,75,75,75,75,75,75,75,75,75,75,75,75,75,75,75,75,75,75,75],"card_choices":[{"not_picked":["Masterful Stab","Choke"],"picked":"Cloak And Dagger","floor":0},{"not_picked":["Leg Sweep","Quick Slash"],"picked":"Acrobatics","floor":1},{"not_picked":["Acrobatics","Cloak And Dagger"],"picked":"Noxious Fumes","floor":4},{"not_picked":["Unload","Flying Knee"],"picked":"Blade Dance","floor":6},{"not_picked":["Heel Hook","Deflect"],"picked":"Dash","floor":7},{"not_picked":["Poisoned Stab","Underhanded Strike"],"picked":"Envenom","floor":10},{"not_picked":["All Out Attack","Sucker Punch"],"picked":"Catalyst","floor":14},{"not_picked":["Adrenaline","Wraith Form v2"],"picked":"Envenom","floor":16},{"not_picked":[],"picked":"Blade Dance+1","floor":18},{"not_picked":["Backflip"],"picked":"SKIP","floor":19},{"not_picked":[],"picked":"Cloak And Dagger","floor":21},{"not_picked":["Setup"],"picked":"SKIP","floor":22},{"not_picked":[],"picked":"Catalyst+1","floor":27},{"not_picked":["Cloak And Dagger+1"],"picked":"SKIP","floor":28},{"not_picked":["Cloak And Dagger"],"picked":"SKIP","floor":31}],"player_experience":221684,"relics_obtained":[{"floor":5,"key":"PreservedInsect"},{"floor":6,"key":"MealTicket"},{"floor":9,"key":"Nunchaku"},{"floor":26,"key":"Bottled Tornado"}],"event_choices":[{"damage_healed":0,"gold_gain":0,"player_choice":"Donut","damage_taken":0,"max_hp_gain":5,"max_hp_loss":0,"event_name":"Big Fish","floor":2,"gold_loss":0},{"damage_healed":0,"gold_gain":0,"player_choice":"Leave","damage_taken":0,"max_hp_gain":0,"max_hp_loss":0,"event_name":"The Cleric","floor":3,"gold_loss":0},{"damage_healed":0,"gold_gain":0,"player_choice":"Bought 0 Potions","damage_taken":0,"max_hp_gain":0,"max_hp_loss":0,"event_name":"The Woman in Blue","floor":13,"gold_loss":0},{"cards_removed":["Acrobatics"],"damage_healed":5,"gold_gain":0,"player_choice":"Offered Common","damage_taken":0,"max_hp_gain":0,"max_hp_loss":0,"event_name":"Bonfire Elementals","floor":20,"gold_loss":0},{"cards_removed":["Acrobatics"],"damage_healed":5,"gold_gain":0,"player_choice":"Offered Special","damage_taken":0,"max_hp_gain":0,"max_hp_loss":0,"event_name":"Bonfire Elementals","floor":20,"gold_loss":0},{"damage_healed":0,"gold_gain":0,"player_choice":"Ignored","damage_taken":0,"max_hp_gain":0,"max_hp_loss":0,"event_name":"Beggar","floor":24,"gold_loss":0},{"damage_healed":0,"gold_gain":0,"player_choice":"1 cards matched","damage_taken":0,"max_hp_gain":0,"max_hp_loss":0,"event_name":"Match and Keep!","floor":25,"gold_loss":0,"cards_obtained":["Die Die Die"]}],"is_beta":false,"boss_relics":[{"not_picked":["Philosopher\u0027s Stone","Sozu"],"picked":"Busted Crown"}],"items_purged_floors":[],"is_endless":false,"potions_floor_spawned":[1,6,16,18,19],"killed_by":"Automaton","ascension_level":0}}