{"host":"0iuhrgzkozzv273x","time":1611870535,"event":{"mods":["2.2 Compatiblity","BaseMod","Colored Map","Curses Come First","Downfall","Minty Spire (QoL Compilation)","Spire Arcade","StSLib","The Construct","Unceasing Turn Reminder"],"gold_per_floor":[110,121,121,196,196,208,208,243,243,243,261,261,317,332,332,432,432,448,460,480,480,480,480],"floor_reached":22,"language":"ENG","playtime":1917,"items_purged":[],"score":214,"play_id":"4b1ac23d-b324-44b9-bfe1-814cbf1ec69c","local_time":"20210128164855","is_ascension_mode":true,"campfire_choices":[{"data":"construct:Analyze","floor":7.0,"key":"SMITH"},{"floor":10.0,"key":"REST"},{"data":"construct:Enhance","floor":12.0,"key":"SMITH"},{"floor":15.0,"key":"REST"}],"circlet_count":0,"master_deck":["construct:Strike_Gold","construct:Strike_Gold","construct:Strike_Gold","construct:Strike_Gold","construct:Strike_Gold","construct:Defend_Gold","construct:Defend_Gold","construct:Defend_Gold","construct:Defend_Gold","construct:Defend_Gold+2","construct:AttackMode","construct:DefenseMode","construct:Analyze+1","construct:NuclearCore","construct:Enhance+1","construct:SyphonStrike","construct:Reinforce","construct:SiegeForm","construct:SaveState+1"],"relics":["construct:ClockworkPhoenix","Bag of Preparation","Darkstone Periapt","Blood Vial","construct:MegaBattery","Black Star"],"acts_visited":["Exordium","TheCity"],"potions_floor_usage":[16,22],"damage_taken":[{"damage":0.0,"enemies":"Small Slimes","floor":1.0,"turns":3.0},{"damage":0.0,"enemies":"2 Louse","floor":2.0,"turns":6.0},{"damage":1.0,"enemies":"Cultist","floor":6.0,"turns":4.0},{"damage":62.0,"enemies":"3 Sentries","floor":8.0,"turns":16.0},{"damage":6.0,"enemies":"Blue Slaver","floor":11.0,"turns":6.0},{"damage":30.0,"enemies":"Gremlin Nob","floor":13.0,"turns":4.0},{"damage":0.0,"enemies":"Looter","floor":14.0,"turns":4.0},{"damage":30,"enemies":"The Guardian","floor":16,"turns":13},{"damage":7,"enemies":"Shell Parasite","floor":18,"turns":10},{"damage":26,"enemies":"3 Byrds","floor":19,"turns":8},{"damage":20,"enemies":"Centurion and Healer","floor":20,"turns":10},{"damage":24,"enemies":"Chosen and Byrds","floor":22,"turns":4}],"seed_played":"7468984975055298036","potions_obtained":[{"floor":2.0,"key":"EssenceOfSteel"},{"floor":11.0,"key":"SpeedPotion"},{"floor":14.0,"key":"SpeedPotion"},{"floor":16,"key":"SteroidPotion"}],"is_trial":false,"path_per_floor":["M","M","?","?","?","M","R","E","T","R","M","R","?","M","R","B",null,"M","M","M","?","M"],"character_chosen":"THE_CONSTRUCT_MOD","items_purchased":[],"campfire_rested":2,"item_purchase_floors":[],"current_hp_per_floor":[85,85,85,74,74,73,73,11,11,36,32,32,4,6,31,3,85,78,54,36,20,0,0],"gold":480,"neow_bonus":"RANDOM_COMMON_RELIC","is_daily":false,"chose_seed":false,"campfire_upgraded":2,"win_rate":0.0,"timestamp":1611870535,"path_taken":["M","M","?","?","?","?","R","E","T","R","M","R","?","M","R","BOSS","M","M","M","?","M"],"items_purchased_type":[],"build_version":"2020-12-22","purchased_purges":0,"victory":false,"max_hp_per_floor":[85,85,85,85,85,85,85,85,85,85,85,85,85,85,85,85,85,85,85,85,90,90,90],"card_choices":[{"not_picked":["construct:VentSteam","construct:ShiftStrike","construct:ShiftGuard"],"picked":"SKIP","floor":1.0},{"not_picked":["construct:PhosphorStorm","construct:HeavyBolt","construct:FlammableFog"],"picked":"SKIP","floor":2.0},{"not_picked":["construct:FlammableFog","construct:ModeShift"],"picked":"construct:Analyze","floor":6.0},{"not_picked":["construct:FocusedBeam","construct:Afterburners"],"picked":"construct:NuclearCore","floor":8.0},{"not_picked":["construct:FlakBarrage","construct:ScopeCore"],"picked":"construct:Enhance","floor":11.0},{"not_picked":["construct:Synchronize","construct:Implosion"],"picked":"construct:SyphonStrike","floor":13.0},{"not_picked":["construct:ScopeCore","construct:ShiftStrike"],"picked":"construct:Reinforce","floor":14.0},{"not_picked":["construct:Multistage","construct:HyperBeam"],"picked":"construct:SiegeForm","floor":16},{"not_picked":["construct:ModeShift","construct:Backfire","construct:Rollout"],"picked":"SKIP","floor":18},{"not_picked":["construct:Missile+1","construct:FlammableFog","construct:SuppressiveFire"],"picked":"SKIP","floor":19},{"not_picked":["construct:Accumulate","construct:CreateCores"],"picked":"construct:SaveState+1","floor":20}],"player_experience":817431,"relics_obtained":[{"floor":8.0,"key":"Darkstone Periapt"},{"floor":9.0,"key":"Blood Vial"}],"event_choices":[{"damage_healed":0.0,"max_hp_gain":0.0,"max_hp_loss":0.0,"gold_gain":0.0,"event_name":"Liars Game","player_choice":"Ignored","floor":3.0,"gold_loss":0.0,"damage_taken":0.0},{"damage_healed":0.0,"max_hp_gain":0.0,"max_hp_loss":0.0,"gold_gain":75.0,"event_name":"World of Goop","player_choice":"Gather Gold","floor":4.0,"gold_loss":0.0,"damage_taken":11.0},{"damage_healed":0.0,"max_hp_gain":0.0,"max_hp_loss":0.0,"gold_gain":0.0,"event_name":"Dead Adventurer","player_choice":"Searched \u00273\u0027 times","floor":13.0,"gold_loss":0.0,"damage_taken":0.0,"relics_obtained":["construct:MegaBattery"]},{"damage_healed":0,"gold_gain":0,"player_choice":"Shed Blood","damage_taken":21,"max_hp_gain":5,"max_hp_loss":0,"event_name":"Forgotten Altar","floor":21,"gold_loss":0}],"is_beta":false,"boss_relics":[{"not_picked":["Astrolabe","Empty Cage"],"picked":"Black Star"}],"items_purged_floors":[],"is_endless":false,"potions_floor_spawned":[2,11,14,16],"killed_by":"Chosen and Byrds","ascension_level":3}}