{"host":"kg61lsvem4dxoat8","time":1611850327,"event":{"mods":["AchievementEnabler","BaseMod","Better Altar","Better Match","Better Sensory Stone","Highlight Path","Minty Spire (QoL Compilation)","Quick Restart","Relic Sorter","Relic Stats","StSLib","Synergy Search","slay the spire mod where everything is the same but ironclad has a cowboy hat"],"gold_per_floor":[114,128,128,145,145,145,180,206,206,206,45,95,95,130,130,225,225,238,238,253,68,92,136,152,152,152,177,15,30,65,84,84,175,238,262,282,615,640,640,640,343,368,440,459,459,215,215,232,232,232,232],"floor_reached":50,"language":"ENG","playtime":2209,"items_purged":["Strike_G","Strike_G","Strike_G","Strike_G"],"score":1099,"play_id":"582151d1-7d88-447b-971f-8f2bb5e3451e","local_time":"20210129001207","is_ascension_mode":true,"campfire_choices":[{"data":"Blade Dance","floor":6.0,"key":"SMITH"},{"data":"Blade Dance","floor":13.0,"key":"SMITH"},{"data":"Cloak And Dagger","floor":15.0,"key":"SMITH"},{"data":"Envenom","floor":25,"key":"SMITH"},{"data":"Phantasmal Killer","floor":32,"key":"SMITH"},{"data":"Venomology","floor":40,"key":"SMITH"},{"data":"Cloak And Dagger","floor":45,"key":"SMITH"},{"data":"Blur","floor":47,"key":"SMITH"},{"data":"Escape Plan","floor":49,"key":"SMITH"}],"circlet_count":0,"master_deck":["AscendersBane","Strike_G","Defend_G","Defend_G","Defend_G","Defend_G","Defend_G","Survivor","Neutralize","Blade Dance+1","Blade Dance+1","Cloak And Dagger+1","Escape Plan+1","Footwork+1","Cloak And Dagger+1","Envenom+1","Blur+1","Escape Plan","Deflect+1","Backflip","Phantasmal Killer+1","Venomology+1","Quick Slash+1","Blur+1","Flash of Steel+1"],"relics":["Ring of the Snake","NeowsBlessing","Lantern","Gambling Chip","Eternal Feather","Philosopher\u0027s Stone","Molten Egg 2","Centennial Puzzle","Lee\u0027s Waffle","Darkstone Periapt","Tiny House","Dead Branch","Pen Nib","Calipers","White Beast Statue"],"acts_visited":["Exordium","TheCity","TheBeyond"],"potions_floor_usage":[23,24,27,29,33,35,36,38,38,42,42,42,44,48,50,50],"damage_taken":[{"damage":0.0,"enemies":"2 Louse","floor":1.0,"turns":1.0},{"damage":0.0,"enemies":"Cultist","floor":2.0,"turns":1.0},{"damage":0.0,"enemies":"Jaw Worm","floor":4.0,"turns":1.0},{"damage":0.0,"enemies":"2 Fungi Beasts","floor":7.0,"turns":2.0},{"damage":12.0,"enemies":"3 Sentries","floor":8.0,"turns":8.0},{"damage":1.0,"enemies":"Gremlin Gang","floor":14.0,"turns":2.0},{"damage":47.0,"enemies":"Hexaghost","floor":16.0,"turns":10.0},{"damage":0.0,"enemies":"Chosen","floor":18.0,"turns":3.0},{"damage":23.0,"enemies":"3 Byrds","floor":20.0,"turns":5.0},{"damage":18.0,"enemies":"Snake Plant","floor":22.0,"turns":7.0},{"damage":20,"enemies":"Gremlin Leader","floor":23,"turns":5},{"damage":1,"enemies":"Centurion and Healer","floor":24,"turns":7},{"damage":11,"enemies":"Shelled Parasite and Fungi","floor":27,"turns":3},{"damage":1,"enemies":"Snake Plant","floor":29,"turns":7},{"damage":23,"enemies":"Book of Stabbing","floor":30,"turns":6},{"damage":11,"enemies":"Centurion and Healer","floor":31,"turns":5},{"damage":49,"enemies":"Automaton","floor":33,"turns":13},{"damage":22,"enemies":"3 Darklings","floor":35,"turns":8},{"damage":0,"enemies":"Orb Walker","floor":36,"turns":3},{"damage":1,"enemies":"Mind Bloom Boss Battle","floor":38,"turns":8},{"damage":0,"enemies":"Giant Head","floor":42,"turns":5},{"damage":0,"enemies":"Maw","floor":44,"turns":5},{"damage":0,"enemies":"Transient","floor":48,"turns":6},{"damage":82,"enemies":"Time Eater","floor":50,"turns":7}],"seed_played":"-3527217446233608733","potions_obtained":[{"floor":1.0,"key":"Poison Potion"},{"floor":14.0,"key":"SkillPotion"},{"floor":16.0,"key":"PowerPotion"},{"floor":23,"key":"Explosive Potion"},{"floor":24,"key":"CunningPotion"},{"floor":27,"key":"BlessingOfTheForge"},{"floor":29,"key":"Dexterity Potion"},{"floor":34,"key":"FearPotion"},{"floor":36,"key":"AttackPotion"},{"floor":38,"key":"Strength Potion"},{"floor":42,"key":"Poison Potion"},{"floor":44,"key":"Poison Potion"},{"floor":48,"key":"AttackPotion"}],"is_trial":false,"path_per_floor":["M","M","?","M","?","R","M","E","T","?","$","?","R","M","R","B",null,"M","?","M","$","M","E","M","R","T","M","$","M","E","M","R","B",null,"M","M","?","?","?","R","$","E","T","M","R","$","R","M","R","B"],"character_chosen":"THE_SILENT","items_purchased":["Footwork","Blur","Lee\u0027s Waffle","Pen Nib","Flash of Steel+1"],"campfire_rested":0,"item_purchase_floors":[11,21,28,41,46],"current_hp_per_floor":[59,59,59,59,48,48,48,36,36,36,36,36,45,44,53,6,47,47,70,47,47,29,9,8,20,20,9,77,76,53,42,54,5,64,42,42,42,41,41,56,56,56,56,56,71,71,82,82,82,0,0],"gold":232,"neow_bonus":"THREE_ENEMY_KILL","is_daily":false,"chose_seed":false,"campfire_upgraded":9,"win_rate":0.0,"timestamp":1611850327,"path_taken":["M","M","?","?","?","R","M","E","T","?","$","?","R","M","R","BOSS","M","?","?","$","M","E","?","R","T","M","?","M","E","M","R","BOSS","M","M","?","?","?","R","?","E","T","?","R","$","R","M","R","BOSS"],"items_purchased_type":["Card","Card","Relic","Relic","Card"],"build_version":"2020-12-22","purchased_purges":4,"victory":false,"max_hp_per_floor":[66,66,66,66,66,66,66,66,66,60,60,60,60,60,60,60,60,60,70,70,70,70,70,70,70,70,70,77,77,77,77,77,77,82,82,82,82,82,82,82,82,82,82,82,82,82,82,82,82,82,82],"relic_stats":{"Darkstone Periapt":0,"Centennial Puzzle":[24],"Lee\u0027s Waffle":68,"counters":[24,128],"Gambling Chip":[67],"Dead Branch":[88],"Eternal Feather":83,"Pen Nib":[10],"obtain_stats":[{"Darkstone Periapt":30,"Lantern":5,"Lee\u0027s Waffle":28,"Tiny House":34,"Calipers":42,"NeowsBlessing":0,"Golden Idol":10,"Dead Branch":38,"Eternal Feather":9,"Pen Nib":41,"White Beast Statue":43,"Centennial Puzzle":26,"Gambling Chip":8,"Philosopher\u0027s Stone":17,"Molten Egg 2":23,"Ring of the Snake":0},{"Darkstone Periapt":15,"Lantern":3,"Lee\u0027s Waffle":13,"Tiny House":17,"Calipers":21,"NeowsBlessing":0,"Golden Idol":5,"Dead Branch":20,"Eternal Feather":5,"Pen Nib":20,"White Beast Statue":21,"Centennial Puzzle":12,"Gambling Chip":5,"Philosopher\u0027s Stone":7,"Molten Egg 2":11,"Ring of the Snake":0},{"Darkstone Periapt":68,"Lantern":3,"Lee\u0027s Waffle":55,"Tiny House":86,"Calipers":110,"NeowsBlessing":0,"Golden Idol":13,"Dead Branch":105,"Eternal Feather":13,"Pen Nib":105,"White Beast Statue":110,"Centennial Puzzle":52,"Gambling Chip":13,"Philosopher\u0027s Stone":25,"Molten Egg 2":45,"Ring of the Snake":0}],"Ring of the Snake":[48]},"card_choices":[{"not_picked":["Flechettes","Terror","Flying Knee"],"picked":"SKIP","floor":1.0},{"not_picked":["Backflip","Footwork"],"picked":"Blade Dance","floor":2.0},{"not_picked":["Madness","Violence"],"picked":"HandOfGreed","floor":3.0},{"not_picked":["Dagger Throw","Flying Knee"],"picked":"Blade Dance","floor":4.0},{"not_picked":["Blade Dance","Bane"],"picked":"Cloak And Dagger","floor":7.0},{"not_picked":["Skewer","Wraith Form v2"],"picked":"Escape Plan","floor":8.0},{"not_picked":["Deadly Poison","Bouncing Flask"],"picked":"Cloak And Dagger","floor":14.0},{"not_picked":["Glass Knife","Unload"],"picked":"Envenom","floor":16.0},{"not_picked":["Masterful Stab","Dash+1","Riddle With Holes"],"picked":"SKIP","floor":18.0},{"not_picked":["Well Laid Plans","Eviscerate","Dodge and Roll"],"picked":"SKIP","floor":20.0},{"not_picked":["Dodge and Roll","Choke+1"],"picked":"Escape Plan","floor":22.0},{"not_picked":["Dodge and Roll","Acrobatics","Finisher+1"],"picked":"SKIP","floor":23},{"not_picked":["Noxious Fumes","Dagger Spray+1"],"picked":"Deflect+1","floor":24},{"not_picked":["Underhanded Strike+1","Predator+1","Slice+1"],"picked":"SKIP","floor":27},{"not_picked":["Deadly Poison","Outmaneuver"],"picked":"Backflip","floor":29},{"not_picked":["Cloak And Dagger","Flying Knee+1","Quick Slash+1"],"picked":"SKIP","floor":30},{"not_picked":["Reflex+1","Blade Dance"],"picked":"Phantasmal Killer","floor":31},{"not_picked":["Die Die Die+1","Tools of the Trade"],"picked":"Venomology","floor":33},{"not_picked":["Dagger Throw+1","Backflip","Deadly Poison"],"picked":"SKIP","floor":35},{"not_picked":["Choke+1","Leg Sweep"],"picked":"Quick Slash+1","floor":36},{"not_picked":["Catalyst","Caltrops"],"picked":"Blur+1","floor":42},{"not_picked":["Bouncing Flask","Phantasmal Killer","Dodge and Roll"],"picked":"SKIP","floor":44},{"not_picked":["Deadly Poison","Dash+1","Heel Hook+1"],"picked":"SKIP","floor":48}],"player_experience":1413260,"relics_obtained":[{"floor":8.0,"key":"Gambling Chip"},{"floor":9.0,"key":"Eternal Feather"},{"floor":23,"key":"Molten Egg 2"},{"floor":26,"key":"Centennial Puzzle"},{"floor":30,"key":"Darkstone Periapt"},{"floor":38,"key":"Dead Branch"},{"floor":42,"key":"Calipers"},{"floor":43,"key":"White Beast Statue"}],"event_choices":[{"damage_healed":0.0,"max_hp_gain":0.0,"max_hp_loss":0.0,"gold_gain":1.0,"event_name":"betterStone:BetterStone","player_choice":"1","floor":3.0,"gold_loss":0.0,"damage_taken":0.0},{"damage_healed":0.0,"max_hp_gain":0.0,"max_hp_loss":0.0,"gold_gain":0.0,"event_name":"Scrap Ooze","player_choice":"Success","floor":5.0,"gold_loss":0.0,"damage_taken":11.0,"relics_obtained":["Lantern"]},{"damage_healed":0.0,"max_hp_gain":0.0,"max_hp_loss":6.0,"gold_gain":0.0,"event_name":"Golden Idol","player_choice":"Lose Max HP","floor":10.0,"gold_loss":0.0,"damage_taken":0.0,"relics_obtained":["Golden Idol"]},{"damage_healed":0.0,"max_hp_gain":0.0,"max_hp_loss":0.0,"gold_gain":50.0,"event_name":"Golden Wing","player_choice":"Gained Gold","floor":12.0,"gold_loss":0.0,"damage_taken":0.0},{"cards_removed":["HandOfGreed"],"damage_healed":13.0,"max_hp_gain":10.0,"max_hp_loss":0.0,"gold_gain":0.0,"event_name":"Bonfire Elementals","player_choice":"Offered Rare","floor":19.0,"gold_loss":0.0,"damage_taken":0.0},{"damage_healed":0,"gold_gain":333,"player_choice":"Gave Idol","damage_taken":0,"max_hp_gain":0,"max_hp_loss":0,"event_name":"The Moai Head","floor":37,"relics_lost":["Golden Idol"],"gold_loss":0},{"damage_healed":0,"gold_gain":0,"player_choice":"Fight","damage_taken":0,"max_hp_gain":0,"max_hp_loss":0,"event_name":"MindBloom","floor":38,"gold_loss":0},{"damage_healed":0,"gold_gain":0,"player_choice":"Ignored","damage_taken":0,"max_hp_gain":0,"max_hp_loss":0,"event_name":"Tomb of Lord Red Mask","floor":39,"gold_loss":0}],"is_beta":false,"boss_relics":[{"not_picked":["HoveringKite","Coffee Dripper"],"picked":"Philosopher\u0027s Stone"},{"not_picked":["Runic Pyramid","SlaversCollar"],"picked":"Tiny House"}],"items_purged_floors":[11,21,41,46],"is_endless":false,"potions_floor_spawned":[1,14,16,23,24,27,29,36,38,42,44,48],"killed_by":"Time Eater","ascension_level":20}}