{"host":"o6j8h35axmoodbwy","time":1611820927,"event":{"mods":["2.2 Compatiblity","Act Like it!","BaseMod","Colored Map","Colored Powertips","Gensokyo","MarisaÅiñ∂âJÅ@ñÇóùçπÅj","Minty Spire (QoL Compilation)","Prisma Mod","Quick Restart","Shop Mod","StSLib","SuperFastMode","Td1madao Mod"],"gold_per_floor":[119,119,37,37,52,52,81,93,143,143,208,219,250,250,250,321,321,334,156,156,166,166,166,186,186,186,186,204,221,221,233,233,307,307,325,325,66,66,78,78,104,121,121,121,140,140,140,159,159,159],"floor_reached":51,"language":"JPN","playtime":3584,"items_purged":[],"score":1224,"play_id":"52a10735-d500-4b23-ac0e-d5acafb2130d","local_time":"20210128170207","is_ascension_mode":true,"campfire_choices":[{"data":"Hemokinesis","floor":6,"key":"SMITH"},{"data":"Bash","floor":10,"key":"SMITH"},{"floor":15,"key":"REST"},{"data":"Apotheosis","floor":23,"key":"SMITH"},{"data":"Berserk","floor":25,"key":"SMITH"},{"data":"Intimidate","floor":30,"key":"SMITH"},{"data":"Fire Breathing","floor":32,"key":"SMITH"},{"data":"Enlightenment","floor":40,"key":"SMITH"},{"data":"Disarm","floor":46,"key":"SMITH"},{"floor":49,"key":"REST"}],"circlet_count":0,"master_deck":["AscendersBane","Bash+1","Madness+1","Hemokinesis+1","Pummel","Disarm+1","Shrug It Off","Flame Barrier","Battle Trance","Shrug It Off","Berserk+1","Infernal Blade","Blood for Blood","Fire Breathing+1","Reaper","Intimidate+1","Bludgeon","Disarm","Burning Pact","Apotheosis+1","Flame Barrier","Flame Barrier","Shrug It Off","Shockwave","Entrench+1","Double Tap","Power Through","Enlightenment+1","Good Instincts","The Bomb","Body Slam+1"],"relics":["Burning Blood","Vajra","PreservedInsect","Happy Flower","Bag of Preparation","Gambling Chip","Pandora\u0027s Box","Bottled Tornado","Mark of Pain","Pear","Calipers","White Beast Statue"],"acts_visited":["Exordium","TheCity","TheBeyond"],"potions_floor_usage":[11,11,16,16,33,48,50],"damage_taken":[{"damage":10,"enemies":"Small Slimes","floor":1,"turns":3},{"damage":2,"enemies":"Cultist","floor":5,"turns":3},{"damage":36,"enemies":"Gremlin Nob","floor":7,"turns":5},{"damage":9,"enemies":"2 Louse","floor":8,"turns":2},{"damage":12,"enemies":"3 Sentries","floor":11,"turns":6},{"damage":2,"enemies":"Looter","floor":12,"turns":4},{"damage":4,"enemies":"3 Sentries","floor":13,"turns":6},{"damage":56,"enemies":"Slime Boss","floor":16,"turns":17},{"damage":12,"enemies":"3 Byrds","floor":18,"turns":5},{"damage":11,"enemies":"Spheric Guardian","floor":21,"turns":3},{"damage":5,"enemies":"Snake Plant","floor":24,"turns":4},{"damage":7,"enemies":"Chosen and Byrds","floor":28,"turns":5},{"damage":9,"enemies":"3 Cultists","floor":29,"turns":5},{"damage":8,"enemies":"Cultist and Chosen","floor":31,"turns":5},{"damage":29,"enemies":"Automaton","floor":33,"turns":12},{"damage":4,"enemies":"Orb Walker","floor":35,"turns":4},{"damage":2,"enemies":"3 Shapes","floor":39,"turns":6},{"damage":25,"enemies":"Reptomancer","floor":41,"turns":7},{"damage":21,"enemies":"Jaw Worm Horde","floor":42,"turns":5},{"damage":5,"enemies":"4 Shapes","floor":45,"turns":7},{"damage":14,"enemies":"Maw","floor":48,"turns":7},{"damage":30,"enemies":"Awakened One","floor":50,"turns":10}],"seed_played":"6153766617299056504","potions_obtained":[{"floor":5,"key":"GamblersBrew"},{"floor":7,"key":"Fire Potion"},{"floor":12,"key":"BloodPotion"},{"floor":13,"key":"DuplicationPotion"},{"floor":28,"key":"Dexterity Potion"},{"floor":31,"key":"SkillPotion"},{"floor":33,"key":"SpeedPotion"},{"floor":45,"key":"PowerPotion"},{"floor":48,"key":"SteroidPotion"}],"is_trial":false,"path_per_floor":["M","?","$","?","M","R","E","M","T","R","?","M","E","?","R","B",null,"M","$","?","M","?","R","M","R","T","?","M","M","R","M","R","B",null,"M","?","$","?","M","R","E","M","T","?","M","R","?","M","R","B",null],"character_chosen":"IRONCLAD","items_purchased":["Disarm","Apotheosis","Pear"],"campfire_rested":2,"item_purchase_floors":[3,19,37],"current_hp_per_floor":[64,60,60,60,64,64,34,31,31,31,25,29,31,26,48,13,60,63,63,63,58,58,58,64,64,64,64,72,75,75,73,73,56,70,75,65,75,75,79,79,66,51,51,51,61,61,61,65,85,67],"gold":159,"neow_bonus":"RANDOM_COLORLESS","is_daily":false,"chose_seed":false,"campfire_upgraded":8,"win_rate":0.0,"timestamp":1611820927,"path_taken":["M","?","?","?","M","R","E","M","T","R","?","M","E","?","R","BOSS","M","$","?","M","?","R","?","R","T","?","M","M","R","M","R","BOSS","M","?","$","?","M","R","E","M","T","?","M","R","?","M","R","BOSS"],"items_purchased_type":["Card","Card","Relic"],"build_version":"2020-12-22","purchased_purges":0,"victory":true,"max_hp_per_floor":[75,75,75,75,75,75,75,75,75,75,75,75,75,75,75,75,75,75,75,75,75,75,75,75,75,75,75,75,75,75,75,75,75,75,75,75,85,85,85,85,85,85,85,85,85,85,85,85,85,85],"card_choices":[{"not_picked":["Deep Breath","Finesse"],"picked":"Madness","floor":0},{"not_picked":["Thunderclap","Infernal Blade"],"picked":"Hemokinesis","floor":1},{"not_picked":["Havoc","Dual Wield","Anger"],"picked":"SKIP","floor":5},{"not_picked":["Seeing Red","Dark Embrace"],"picked":"Disarm","floor":7},{"not_picked":["Twin Strike","Clothesline"],"picked":"Shrug It Off","floor":8},{"not_picked":["Bloodletting","Ghostly Armor"],"picked":"Flame Barrier","floor":11},{"not_picked":["Body Slam","Sword Boomerang"],"picked":"Battle Trance","floor":12},{"not_picked":["Perfected Strike","Sword Boomerang"],"picked":"Shrug It Off","floor":13},{"not_picked":["Double Tap","Feed"],"picked":"Berserk","floor":16},{"not_picked":["Pommel Strike","Whirlwind","Battle Trance"],"picked":"SKIP","floor":18},{"not_picked":["Feel No Pain","Wild Strike","Shrug It Off"],"picked":"SKIP","floor":21},{"not_picked":["Second Wind","Cleave"],"picked":"Flame Barrier","floor":24},{"not_picked":["Dropkick","Clash"],"picked":"Shrug It Off","floor":28},{"not_picked":["Headbutt","Second Wind+1"],"picked":"Shockwave","floor":29},{"not_picked":["Twin Strike","Cleave"],"picked":"Entrench+1","floor":31},{"not_picked":["Limit Break","Corruption"],"picked":"Double Tap","floor":33},{"not_picked":["Flex+1","Havoc"],"picked":"Power Through","floor":35},{"not_picked":["Madness","Violence"],"picked":"Enlightenment","floor":36},{"not_picked":["Forethought","Flash of Steel"],"picked":"Good Instincts","floor":36},{"not_picked":["Madness","Finesse"],"picked":"The Bomb","floor":36},{"not_picked":["Inflame","Havoc","Heavy Blade+1"],"picked":"SKIP","floor":39},{"not_picked":["Dual Wield+1","Perfected Strike+1","Pommel Strike"],"picked":"SKIP","floor":41},{"not_picked":["True Grit","Rage"],"picked":"Body Slam+1","floor":42},{"not_picked":["Sword Boomerang","Burning Pact","Flex"],"picked":"SKIP","floor":45},{"not_picked":["True Grit","Burning Pact","Thunderclap"],"picked":"SKIP","floor":48}],"player_experience":608036,"relics_obtained":[{"floor":7,"key":"Vajra"},{"floor":9,"key":"PreservedInsect"},{"floor":11,"key":"Happy Flower"},{"floor":13,"key":"Bag of Preparation"},{"floor":26,"key":"Bottled Tornado"},{"floor":41,"key":"Calipers"},{"floor":43,"key":"White Beast Statue"}],"event_choices":[{"damage_healed":0,"gold_gain":0,"player_choice":"Bought 0 Potions","damage_taken":0,"max_hp_gain":0,"max_hp_loss":0,"event_name":"The Woman in Blue","floor":2,"gold_loss":0},{"damage_healed":0,"gold_gain":0,"cards_transformed":["Strike_R"],"player_choice":"Change","damage_taken":0,"max_hp_gain":0,"max_hp_loss":0,"event_name":"Living Wall","floor":4,"gold_loss":0,"cards_obtained":["Pummel"]},{"damage_healed":0,"gold_gain":0,"player_choice":"Searched \u00271\u0027 times","damage_taken":0,"max_hp_gain":0,"max_hp_loss":0,"event_name":"Dead Adventurer","floor":11,"gold_loss":0},{"damage_healed":0,"gold_gain":0,"player_choice":"Success","damage_taken":5,"relics_obtained":["Gambling Chip"],"max_hp_gain":0,"max_hp_loss":0,"event_name":"Scrap Ooze","floor":14,"gold_loss":0},{"damage_healed":0,"gold_gain":0,"player_choice":"Read","damage_taken":0,"max_hp_gain":0,"max_hp_loss":0,"event_name":"The Library","floor":20,"gold_loss":0,"cards_obtained":["Flame Barrier"]},{"damage_healed":0,"gold_gain":0,"player_choice":"Ignored","damage_taken":0,"max_hp_gain":0,"max_hp_loss":0,"event_name":"N\u0027loth","floor":22,"gold_loss":0},{"damage_healed":0,"gold_gain":0,"player_choice":"Upgraded","damage_taken":0,"max_hp_gain":0,"max_hp_loss":0,"event_name":"Upgrade Shrine","floor":27,"gold_loss":0,"cards_upgraded":["Madness"]},{"damage_healed":0,"gold_gain":0,"player_choice":"Memory 3","damage_taken":10,"max_hp_gain":0,"max_hp_loss":0,"event_name":"SensoryStone","floor":36,"gold_loss":0},{"cards_removed":["Disarm"],"damage_healed":0,"gold_gain":0,"player_choice":"Removed Skill","damage_taken":0,"max_hp_gain":0,"max_hp_loss":0,"event_name":"Falling","floor":38,"gold_loss":0},{"damage_healed":0,"gold_gain":0,"player_choice":"Ignored","damage_taken":0,"max_hp_gain":0,"max_hp_loss":0,"event_name":"OrinTheCat","floor":44,"gold_loss":0},{"cards_removed":["Wraith"],"damage_healed":0,"gold_gain":0,"player_choice":"Removed Curses","damage_taken":0,"max_hp_gain":0,"max_hp_loss":0,"event_name":"Fountain of Cleansing","floor":47,"gold_loss":0}],"is_beta":false,"boss_relics":[{"not_picked":["Runic Dome","Velvet Choker"],"picked":"Pandora\u0027s Box"},{"not_picked":["Calling Bell","Snecko Eye"],"picked":"Mark of Pain"}],"items_purged_floors":[],"is_endless":false,"potions_floor_spawned":[5,7,12,13,28,31,33,35,39,45,48],"ascension_level":15}}