{"host":"9viy3memdfgcf4vy","time":1611860680,"event":{"mods":["BaseMod","Colored Map","Downfall","Minty Spire (QoL Compilation)","StSLib"],"gold_per_floor":[99,99,99,24,24,54,54,68,98,98,129,79,96,112,129,129,129,129],"floor_reached":16,"language":"ENG","playtime":772,"items_purged":[],"score":213,"play_id":"e8d3b68b-9cb0-403d-a712-cd3b7efdacc5","local_time":"20210128210440","is_ascension_mode":true,"campfire_choices":[{"data":"Slimebound:Split","floor":1,"key":"SMITH"},{"data":"Slimebound:SlimeBarrage","floor":12,"key":"SMITH"}],"circlet_count":0,"master_deck":["AscendersBane","Slimebound:Strike_Slimebound","Slimebound:Strike_Slimebound","Slimebound:Strike_Slimebound","Slimebound:Tackle","Slimebound:Defend_Slimebound+1","Slimebound:Defend_Slimebound","Slimebound:Defend_Slimebound+1","Slimebound:Defend_Slimebound","Slimebound:Split+1","Slimebound:CorrosiveSpit","Slimebound:SlimeBarrage+1","Slimebound:SamplingLick","Slimebound:SplitLeeching","Slimebound:SplitSpecialist+1","downfall:Malfunctioning","Slimebound:SplitBruiser","Slimebound:Nibble"],"relics":["Slimebound:AbsorbEndCombat","downfall:HeartsMalice","downfall:ShatteredFragment","Slimebound:GreedOozeRelic","The Courier","InkBottle","Gremlin Horn","White Beast Statue"],"acts_visited":["Exordium"],"potions_floor_usage":[16],"damage_taken":[{"damage":0,"enemies":"Jaw Worm","floor":2,"turns":1},{"damage":0,"enemies":"2 Louse","floor":5,"turns":1},{"damage":0,"enemies":"Gremlin Nob","floor":6,"turns":1},{"damage":0,"enemies":"Small Slimes","floor":8,"turns":2},{"damage":4,"enemies":"Lagavulin","floor":11,"turns":5},{"damage":1,"enemies":"2 Fungi Beasts","floor":13,"turns":3},{"damage":11,"enemies":"Exordium Thugs","floor":14,"turns":3},{"damage":11,"enemies":"Lots of Slimes","floor":15,"turns":3},{"damage":45,"enemies":"DF_ARCHETYPE_STREAMLINE","floor":16,"turns":5}],"seed_played":"-2208532293696458943","potions_obtained":[{"floor":8,"key":"LiquidBronze"},{"floor":11,"key":"Dexterity Potion"},{"floor":13,"key":"Slimebound:SpawnSlimePotion"}],"is_trial":false,"path_per_floor":["R","M","?","?","M","E","T","M","?","?","E","R","M","M","M","B"],"character_chosen":"SLIMEBOUND","items_purchased":[],"campfire_rested":0,"item_purchase_floors":[],"current_hp_per_floor":[59,59,41,41,41,41,41,49,49,49,49,49,52,45,36,0,0,0],"gold":129,"neow_bonus":"THREE_ENEMY_KILL","is_daily":false,"chose_seed":false,"campfire_upgraded":2,"win_rate":0.0,"timestamp":1611860680,"path_taken":["R","M","?","?","M","E","T","M","?","?","E","R","M","M","M","BOSS"],"items_purchased_type":[],"build_version":"2020-12-22","purchased_purges":0,"victory":false,"max_hp_per_floor":[65,65,65,65,65,65,65,65,65,65,65,65,65,65,65,65,65,65],"card_choices":[{"not_picked":["Slimebound:Prepare","Slimebound:HauntingLick"],"picked":"Slimebound:SlimeBarrage","floor":2},{"not_picked":["Slimebound:Grow","Slimebound:ServeAndProtect"],"picked":"Slimebound:SamplingLick","floor":5},{"not_picked":["Slimebound:RollThrough","Slimebound:Schlurp"],"picked":"Slimebound:SplitLeeching","floor":6},{"not_picked":["Slimebound:SlimeBrawl","Slimebound:ComboTackle"],"picked":"Slimebound:SplitSpecialist","floor":8},{"not_picked":["Slimebound:DisruptingSlam","Slimebound:LeechEnergy","Slimebound:Gluttony"],"picked":"SKIP","floor":11},{"not_picked":["Slimebound:BestDefense","Slimebound:Schlurp","Slimebound:SplitAcid"],"picked":"SKIP","floor":13},{"not_picked":["Slimebound:Equalize","Slimebound:Prepare"],"picked":"Slimebound:SplitBruiser","floor":14},{"not_picked":["Slimebound:HungryTackle","Slimebound:ItLooksTasty"],"picked":"Slimebound:Nibble","floor":15}],"player_experience":422275,"relics_obtained":[{"floor":6,"key":"The Courier"},{"floor":7,"key":"InkBottle"},{"floor":11,"key":"White Beast Statue"}],"event_choices":[],"is_beta":false,"boss_relics":[],"items_purged_floors":[],"is_endless":false,"potions_floor_spawned":[8,11,13,14,15],"killed_by":"DF_ARCHETYPE_STREAMLINE","ascension_level":12}}