{"host":"344lv32hnei0mdhu","time":1611809776,"event":{"mods":["Act Like it!","BaseMod","Better Match","Better Sensory Stone","Better Skull","Better Third Choice","Better Vampires","Colored Powertips","Highlight Path","Minty Spire (QoL Compilation)","Quick Restart","Random Character Button","Rare Cards Sparkle","StSLib"],"gold_per_floor":[119,294,394,24,42,77,87,107,107,123,123,123],"floor_reached":11,"language":"ENG","playtime":519,"items_purged":["Doubt"],"score":155,"play_id":"e22fc07f-971c-4b76-accb-49f356f3c60c","local_time":"20210127225616","is_ascension_mode":true,"campfire_choices":[],"circlet_count":0,"master_deck":["AscendersBane","Strike_P","Strike_P","Strike_P","Strike_P","Defend_P","Defend_P","Defend_P","Defend_P","Eruption","Vigilance","PathToVictory","Protect","Fasting2","Collect","Sanctity","ForeignInfluence"],"relics":["PureWater","NeowsBlessing","FossilizedHelix","Damaru","Bronze Scales"],"acts_visited":["Exordium"],"potions_floor_usage":[],"damage_taken":[{"damage":0.0,"enemies":"Jaw Worm","floor":1.0,"turns":1.0},{"damage":0.0,"enemies":"Cultist","floor":5.0,"turns":1.0},{"damage":0.0,"enemies":"3 Sentries","floor":6.0,"turns":1.0},{"damage":0.0,"enemies":"2 Louse","floor":7.0,"turns":2.0},{"damage":9.0,"enemies":"Exordium Thugs","floor":8.0,"turns":6.0},{"damage":0.0,"enemies":"Large Slime","floor":10.0,"turns":10.0},{"damage":0,"enemies":"Lagavulin","floor":11,"turns":3}],"seed_played":"1378931533166522660","potions_obtained":[{"floor":6.0,"key":"SpeedPotion"},{"floor":7.0,"key":"Weak Potion"},{"floor":8.0,"key":"SneckoOil"}],"is_trial":false,"path_per_floor":["M","?","?","$","M","E","M","M","T","M","E"],"character_chosen":"WATCHER","items_purchased":["FossilizedHelix"],"campfire_rested":0,"item_purchase_floors":[4],"current_hp_per_floor":[65,65,65,65,65,65,65,56,56,56,56,56],"gold":123,"neow_bonus":"THREE_ENEMY_KILL","is_daily":false,"chose_seed":false,"campfire_upgraded":0,"win_rate":0.0,"timestamp":1611809776,"path_taken":["M","?","?","$","M","E","?","M","T","M","E"],"items_purchased_type":["Relic"],"build_version":"2020-12-22","purchased_purges":1,"victory":false,"max_hp_per_floor":[72,72,72,72,72,72,72,72,72,72,72,72],"card_choices":[{"not_picked":["CrushJoints","CutThroughFate"],"picked":"PathToVictory","floor":1.0},{"not_picked":["Crescendo","Pray"],"picked":"Protect","floor":5.0},{"not_picked":["Establishment","WreathOfFlame"],"picked":"Fasting2","floor":6.0},{"not_picked":["Halt","Weave"],"picked":"Collect","floor":7.0},{"not_picked":["Collect","FearNoEvil"],"picked":"Sanctity","floor":8.0},{"not_picked":["EmptyBody","Indignation"],"picked":"ForeignInfluence","floor":10.0}],"player_experience":385002,"relics_obtained":[{"floor":6.0,"key":"Damaru"},{"floor":9.0,"key":"Bronze Scales"}],"event_choices":[{"damage_healed":0.0,"max_hp_gain":0.0,"max_hp_loss":0.0,"gold_gain":175.0,"event_name":"betterThird:BetterSerpent","player_choice":"AGREE","floor":2.0,"gold_loss":0.0,"damage_taken":119.0},{"damage_healed":0.0,"max_hp_gain":0.0,"max_hp_loss":0.0,"gold_gain":100.0,"event_name":"Golden Shrine","player_choice":"Pray","floor":3.0,"gold_loss":0.0,"damage_taken":0.0}],"is_beta":false,"boss_relics":[],"items_purged_floors":[4],"is_endless":false,"potions_floor_spawned":[6,7,8],"killed_by":"Lagavulin","ascension_level":11}}