{"host":"jmumkimrafwvkspb","time":1611867135,"event":{"mods":["AchievementEnabler","BaseMod","Colored Map","Minty Spire (QoL Compilation)","Replay The Spire","StSLib"],"gold_per_floor":[16,16,16,16,16,44,44,56,103,103,128,147,172,172,172,268,268,284,402,426,100,113,113,128,142,167,201,226,226,112,151,151,151,151],"floor_reached":33,"language":"ENG","playtime":1806,"items_purged":["Overencumbered","Injury"],"score":706,"play_id":"8de24d7a-2b96-4309-9c2e-f7e2b9e2b713","local_time":"20210128215215","is_ascension_mode":true,"campfire_choices":[{"floor":7.0,"key":"REST"},{"data":"FTL","floor":10.0,"key":"SMITH"},{"floor":15.0,"key":"REST"},{"floor":23,"key":"REST"},{"data":"ReplayTheSpireMod:Omega Cannon","floor":29,"key":"SMITH"},{"floor":32,"key":"REST"}],"circlet_count":0,"master_deck":["AscendersBane","Strike_B+1","Defend_B+1","Coolheaded+1","Self Repair+1","Ball Lightning","FTL+1","ReplayGash","Leap+1","ReplayGash","ReplayTheSpireMod:Omega Cannon+1","Capacitor","Loop","Gash+1","Pot Of Greed","Pot Of Greed","Coolheaded","Skim","Beam Cell+1","ReplayGash+1","Loop"],"relics":["Cracked Core","Pear","Simple Rune","The Courier","ReplayTheSpireMod:Ninjato","ReplayTheSpireMod:TigerMarble","Divine Protection","ReplayFunnel","Golden Idol","Kintsugi","War Paint","Grinning Jar","Medical Kit","Centennial Puzzle","Juzu Bracelet","PreservedInsect"],"acts_visited":["Exordium","TheCity"],"potions_floor_usage":[22,27],"damage_taken":[{"damage":5.0,"enemies":"Small Slimes","floor":1.0,"turns":4.0},{"damage":51.0,"enemies":"Lagavulin","floor":6.0,"turns":14.0},{"damage":2.0,"enemies":"Jaw Worm","floor":8.0,"turns":4.0},{"damage":29.0,"enemies":"3 Sentries","floor":11.0,"turns":9.0},{"damage":0.0,"enemies":"2 Louse","floor":12.0,"turns":2.0},{"damage":0.0,"enemies":"Gremlin Nob","floor":13.0,"turns":3.0},{"damage":4.0,"enemies":"The Guardian","floor":16.0,"turns":12.0},{"damage":0.0,"enemies":"Chosen","floor":18.0,"turns":3.0},{"damage":22.0,"enemies":"Shell Parasite","floor":20.0,"turns":4.0},{"damage":32,"enemies":"Shelled Parasite and Fungi","floor":22,"turns":4},{"damage":1,"enemies":"Snecko","floor":24,"turns":5},{"damage":15,"enemies":"Centurion and Healer","floor":25,"turns":7},{"damage":0,"enemies":"Slavers","floor":27,"turns":7},{"damage":10,"enemies":"Snake Plant","floor":28,"turns":4},{"damage":23,"enemies":"Gremlin Leader","floor":31,"turns":7},{"damage":55,"enemies":"Pondfish","floor":33,"turns":8}],"seed_played":"7249278945279593705","potions_obtained":[{"floor":6.0,"key":"EssenceOfDarkness"},{"floor":12.0,"key":"ColorlessPotion"},{"floor":13.0,"key":"LiquidBronze"},{"floor":16.0,"key":"Cursed Concoction"},{"floor":18.0,"key":"Energy Potion"},{"floor":22,"key":"SkillPotion"},{"floor":24,"key":"Death Potion"},{"floor":28,"key":"Fire Potion"}],"is_trial":false,"path_per_floor":["M","?","T","?","T","E","R","M","T","R","E","M","E","?","R","B",null,"M","?","M","$","M","R","M","M","T","E","M","R","$","E","R","B"],"character_chosen":"DEFECT","items_purchased":["Grinning Jar","Medical Kit","Loop"],"campfire_rested":4,"item_purchase_floors":[21,21,30],"current_hp_per_floor":[59,59,69,58,58,17,41,49,49,49,30,40,50,22,46,52,74,81,49,37,37,15,39,48,43,43,53,53,53,53,30,54,0,0],"gold":151,"neow_bonus":"REMOVE_TWO","is_daily":false,"chose_seed":false,"campfire_upgraded":2,"win_rate":0.0,"timestamp":1611867135,"path_taken":["M","?","?","?","?","E","R","?","T","R","E","M","E","?","R","BOSS","M","?","M","$","M","R","M","?","T","E","M","R","$","E","R","BOSS"],"items_purchased_type":["Relic","Relic","Card"],"build_version":"2020-12-22","purchased_purges":2,"victory":false,"max_hp_per_floor":[71,71,81,81,81,81,81,81,81,81,81,81,81,81,81,81,81,81,81,81,81,81,81,81,81,81,81,81,81,81,81,81,81,81],"card_choices":[{"not_picked":["Panic Button","Redo"],"picked":"Coolheaded","floor":1.0},{"not_picked":["Auto Shields","ReplaySort"],"picked":"Ball Lightning","floor":6.0},{"not_picked":["Darkness","Barrage"],"picked":"FTL","floor":8.0},{"not_picked":["ReplayTheSpireMod:Calculation Training","Turbo"],"picked":"ReplayGash","floor":11.0},{"not_picked":["Stack","Sweeping Beam"],"picked":"Leap","floor":12.0},{"not_picked":["Defragment","Biased Cognition"],"picked":"ReplayGash","floor":13.0},{"not_picked":["Creative AI","Meteor Strike"],"picked":"ReplayTheSpireMod:Omega Cannon","floor":16.0},{"not_picked":["Panic Button","Compile Driver","Stack"],"picked":"SKIP","floor":18.0},{"not_picked":["FIFO Queue","BootSequence"],"picked":"Capacitor","floor":19.0},{"not_picked":["Steam","Leap"],"picked":"Loop","floor":19.0},{"not_picked":["Stack","Steam Power+1"],"picked":"Gash+1","floor":20.0},{"not_picked":["Ball Lightning","Turbo"],"picked":"Coolheaded","floor":22},{"not_picked":["Redo","Blizzard"],"picked":"Skim","floor":24},{"not_picked":["Hello World","Mirror Shield"],"picked":"Beam Cell+1","floor":25},{"not_picked":["Sweeping Beam","Reinforced Body"],"picked":"ReplayGash+1","floor":27},{"not_picked":["BasicCrystalCard","Self Repair+1","Compile Driver"],"picked":"SKIP","floor":28},{"not_picked":["Sweeping Beam","ReplayTheSpireMod:Reroute Power","Amplify"],"picked":"SKIP","floor":31}],"player_experience":1625028,"relics_obtained":[{"floor":3.0,"key":"Pear"},{"floor":5.0,"key":"The Courier"},{"floor":6.0,"key":"ReplayTheSpireMod:Ninjato"},{"floor":9.0,"key":"ReplayTheSpireMod:TigerMarble"},{"floor":11.0,"key":"Divine Protection"},{"floor":13.0,"key":"ReplayFunnel"},{"floor":19.0,"key":"War Paint"},{"floor":26,"key":"Centennial Puzzle"},{"floor":27,"key":"Juzu Bracelet"},{"floor":31,"key":"PreservedInsect"}],"event_choices":[{"damage_healed":0.0,"max_hp_gain":0.0,"max_hp_loss":0.0,"gold_gain":0.0,"event_name":"Scrap Ooze","player_choice":"Success","floor":4.0,"gold_loss":0.0,"damage_taken":11.0,"relics_obtained":["Simple Rune"]},{"damage_healed":0.0,"max_hp_gain":0.0,"max_hp_loss":0.0,"gold_gain":0.0,"event_name":"Golden Idol","player_choice":"Take Damage","floor":14.0,"gold_loss":0.0,"damage_taken":28.0,"relics_obtained":["Golden Idol"]}],"is_beta":false,"boss_relics":[{"not_picked":["SlaversCollar","Calling Bell"],"picked":"Kintsugi"}],"items_purged_floors":[21,30],"is_endless":false,"potions_floor_spawned":[6,12,13,16,18,22,24,28],"killed_by":"Pondfish","ascension_level":20}}