{"host":"9jk80docu96oizjq","time":1611792928,"event":{"mods":["2.2 Compatiblity","BaseMod","Colored Powertips","Downfall","Hermit","Hubris","Infinite Spire","Jorbs\u0027s Wanderer Trilogy","Lobotomy","LobotomyExtend","Marisa????????","Minty Spire (QoL Compilation)","READ ME - Guardian Mod","Replay The Spire","StSLib","The Bug Knight","The Cursed","The Disciple","The Hierophant","The Jungle","The Runesmith","The Senshi"],"gold_per_floor":[110,110,124,141,141,141,141],"floor_reached":6,"language":"ENG","playtime":275,"items_purged":[],"score":38,"play_id":"6857fdd8-8452-4de4-bed9-ad72096fff0d","local_time":"20210127191528","is_ascension_mode":true,"campfire_choices":[],"circlet_count":0,"master_deck":["Strike_R","Strike_R","Strike_R","Strike_R","Strike_R","Defend_R","Defend_R","Defend_R","Defend_R","Bash","Anger","GreedKing","Replay:Undeath\u0027s Touch","Replay:Undeath\u0027s Touch","DreamingCurrent","Replay:Undeath\u0027s Touch","MeatLantern"],"relics":["Burning Blood","CogitoBucket","LetterFromLob","hubris:Icosahedron"],"acts_visited":["Exordium"],"potions_floor_usage":[],"damage_taken":[{"damage":5,"enemies":"Small Slimes","floor":1,"turns":4},{"damage":9,"enemies":"2 Louse","floor":3,"turns":2},{"damage":21,"enemies":"Cultist","floor":4,"turns":3},{"damage":68,"enemies":"Lagavulin","floor":6,"turns":4}],"seed_played":"-597746383732392648","potions_obtained":[{"floor":3,"key":"SneckoOil"},{"floor":4,"key":"BlessingOfTheForge"}],"is_trial":false,"path_per_floor":["M","?","M","M","?","E"],"character_chosen":"IRONCLAD","items_purchased":[],"campfire_rested":0,"item_purchase_floors":[],"current_hp_per_floor":[80,80,77,71,71,21,21],"gold":141,"neow_bonus":"","is_daily":false,"chose_seed":false,"campfire_upgraded":0,"win_rate":0.0,"timestamp":1611792928,"path_taken":["M","?","M","M","?","E"],"items_purchased_type":[],"build_version":"2020-12-22","purchased_purges":0,"victory":false,"max_hp_per_floor":[80,80,80,80,80,80,80],"card_choices":[{"not_picked":["Ghostly Armor","Body Slam"],"picked":"Anger","floor":1},{"not_picked":["QueenBee","DespairKnight"],"picked":"GreedKing","floor":1},{"not_picked":["hubris:CleavingFinish","Havoc"],"picked":"Replay:Undeath\u0027s Touch","floor":3},{"not_picked":["Funeral","ShyLook"],"picked":"DreamingCurrent","floor":3},{"not_picked":["Headbutt","Armaments"],"picked":"Replay:Undeath\u0027s Touch","floor":4},{"not_picked":["ShyLook","SpiderBud"],"picked":"MeatLantern","floor":4}],"player_experience":1194221,"relics_obtained":[{"floor":1,"key":"LetterFromLob"}],"event_choices":[],"is_beta":false,"boss_relics":[],"items_purged_floors":[],"is_endless":false,"potions_floor_spawned":[3,4],"killed_by":"Lagavulin","ascension_level":1}}