{"host":"osk2oboccoevp2u5","time":1611850722,"event":{"mods":["AchievementEnabler","Alarm Clock","BaseMod","Colored Powertips","Disable Question Mark Monsters","Displayed Cursed Tome","Hermit","Key Reminder","Minty Spire (QoL Compilation)","Potion Indicator Mod","Quick Restart","Rare Cards Sparkle","Reorder Act Four","StSLib","Useless Jewels Mod"],"gold_per_floor":[117,134,8,18,18,18,0,12,39,39,39,56,89,107,107,214,214,233,248,16,34,34,34,49,49,75,91,91,41,41,65,65,70,70],"floor_reached":33,"language":"ENG","playtime":1412,"items_purged":["hermit:Strike_Hermit","hermit:Defend_Hermit","hermit:Defend_Hermit"],"score":311,"play_id":"af7adf11-3df7-4f1f-89ca-bce92436bfce","local_time":"20210128121842","is_ascension_mode":true,"campfire_choices":[{"floor":6,"key":"RECALL"},{"floor":15,"key":"REST"},{"floor":23,"key":"REST"},{"floor":30,"key":"REST"},{"floor":32,"key":"REST"}],"circlet_count":0,"master_deck":["hermit:Strike_Hermit+1","hermit:Defend_Hermit+1","hermit:Snapshot","hermit:Covet","hermit:BigShot","hermit:Misfire","hermit:Misfire","hermit:Misfire","hermit:Scavenge","hermit:CalledShot","hermit:Misfire","hermit:FinalCanter","hermit:Coalescence","hermit:Coalescence","Blind","hermit:Headshot","hermit:BodyArmor+1","Shame","hermit:Reprieve"],"relics":["Fusion Hammer","keyreminder:keyreminder","Akabeko","StrikeDummy","Anchor","Blood Vial","Nloth\u0027s Gift","Smiling Mask","Shuriken"],"acts_visited":["Exordium","TheCity"],"potions_floor_usage":[13,16,16,33,33,33],"damage_taken":[{"damage":0,"enemies":"Cultist","floor":1,"turns":4},{"damage":5,"enemies":"Small Slimes","floor":2,"turns":3},{"damage":2,"enemies":"2 Louse","floor":4,"turns":2},{"damage":13,"enemies":"Lots of Slimes","floor":8,"turns":4},{"damage":0,"enemies":"Blue Slaver","floor":12,"turns":1},{"damage":4,"enemies":"Gremlin Nob","floor":13,"turns":3},{"damage":6,"enemies":"2 Fungi Beasts","floor":14,"turns":3},{"damage":20,"enemies":"Slime Boss","floor":16,"turns":10},{"damage":0,"enemies":"Chosen","floor":18,"turns":4},{"damage":7,"enemies":"Shell Parasite","floor":19,"turns":3},{"damage":58,"enemies":"Centurion and Healer","floor":21,"turns":7},{"damage":24,"enemies":"Snecko","floor":24,"turns":4},{"damage":8,"enemies":"Snake Plant","floor":27,"turns":4},{"damage":20,"enemies":"Cultist and Chosen","floor":31,"turns":6},{"damage":59,"enemies":"Automaton","floor":33,"turns":6}],"seed_played":"4387078338898222044","potions_obtained":[{"floor":1,"key":"DistilledChaos"},{"floor":14,"key":"ColorlessPotion"},{"floor":16,"key":"PowerPotion"},{"floor":21,"key":"BlessingOfTheForge"},{"floor":24,"key":"Strength Potion"}],"is_trial":false,"path_per_floor":["M","M","$","M","?","R","?","M","T","?","T","M","E","M","R","B",null,"M","M","$","M","?","R","M","?","T","M","?","$","R","M","R","B"],"character_chosen":"HERMIT","items_purchased":["Explosive Potion","Blind","hermit:Headshot"],"campfire_rested":4,"item_purchase_floors":[3,20,20],"current_hp_per_floor":[75,70,70,68,61,61,61,48,48,33,33,33,29,23,45,25,75,75,68,68,10,10,32,10,10,10,4,4,4,26,8,30,0,0],"gold":70,"neow_bonus":"BOSS_RELIC","is_daily":false,"chose_seed":false,"campfire_upgraded":0,"win_rate":0.0,"timestamp":1611850722,"path_taken":["M","M","$","M","?","R","?","M","T","?","?","M","E","M","R","BOSS","M","M","?","M","?","R","M","?","T","?","?","$","R","M","R","BOSS"],"items_purchased_type":["Potion","Card","Card"],"build_version":"2020-12-22","purchased_purges":3,"victory":false,"max_hp_per_floor":[75,75,75,75,75,75,75,75,75,75,75,75,75,75,75,75,75,75,75,75,75,75,75,75,75,75,75,75,75,75,75,75,75,75],"card_choices":[{"not_picked":["hermit:TakeAim","hermit:HighCaliber"],"picked":"hermit:BigShot","floor":1},{"not_picked":["hermit:SprayPray","hermit:Coalescence"],"picked":"hermit:Misfire","floor":2},{"not_picked":["hermit:BodyArmor","hermit:LowProfile"],"picked":"hermit:Misfire","floor":4},{"not_picked":["hermit:PistolWhip","hermit:DeadMansHand"],"picked":"hermit:Misfire","floor":8},{"not_picked":["hermit:DeadOrAlive","hermit:Dive"],"picked":"hermit:Scavenge","floor":12},{"not_picked":["hermit:Ricochet","hermit:Desperado"],"picked":"hermit:CalledShot","floor":13},{"not_picked":["hermit:Gestalt","hermit:RoundhouseKick"],"picked":"hermit:Misfire","floor":14},{"not_picked":["hermit:DeadOrAlive","hermit:Reprieve"],"picked":"hermit:FinalCanter","floor":16},{"not_picked":["hermit:EyeOfTheStorm","hermit:FullyLoaded"],"picked":"hermit:Coalescence","floor":18},{"not_picked":["hermit:Dive","hermit:Spite"],"picked":"hermit:Coalescence","floor":19},{"not_picked":["hermit:SprayPray","hermit:Coalescence"],"picked":"hermit:BodyArmor+1","floor":21},{"not_picked":["hermit:Gestalt","hermit:Vantage","hermit:BodyArmor"],"picked":"SKIP","floor":24},{"not_picked":["hermit:Quickdraw","hermit:Malice","hermit:FlashPowder"],"picked":"SKIP","floor":27},{"not_picked":["hermit:Maintenance","hermit:Midnight"],"picked":"hermit:Reprieve","floor":31}],"player_experience":939199,"relics_obtained":[{"floor":9,"key":"Akabeko"},{"floor":11,"key":"StrikeDummy"},{"floor":13,"key":"Anchor"},{"floor":26,"key":"Smiling Mask"}],"event_choices":[{"cards_removed":["hermit:Strike_Hermit"],"damage_healed":0,"gold_gain":0,"player_choice":"Card Removal","damage_taken":7,"max_hp_gain":0,"max_hp_loss":0,"event_name":"Golden Wing","floor":5,"gold_loss":0},{"damage_healed":0,"gold_gain":0,"player_choice":"Left Gold","damage_taken":0,"max_hp_gain":0,"max_hp_loss":0,"event_name":"World of Goop","floor":7,"gold_loss":18},{"damage_healed":0,"gold_gain":0,"player_choice":"Entered Light","damage_taken":15,"max_hp_gain":0,"max_hp_loss":0,"event_name":"Shining Light","floor":10,"gold_loss":0,"cards_upgraded":["hermit:Defend_Hermit","hermit:Strike_Hermit"]},{"damage_healed":0,"gold_gain":0,"player_choice":"Stole Relic","damage_taken":0,"relics_obtained":["Blood Vial"],"max_hp_gain":0,"max_hp_loss":0,"event_name":"Addict","floor":22,"gold_loss":0,"cards_obtained":["Shame"]},{"damage_healed":0,"gold_gain":0,"player_choice":"Traded Relic","damage_taken":0,"relics_obtained":["Nloth\u0027s Gift"],"max_hp_gain":0,"max_hp_loss":0,"event_name":"N\u0027loth","floor":25,"relics_lost":["Empty Cage"],"gold_loss":0},{"damage_healed":0,"gold_gain":0,"player_choice":"Opened","damage_taken":0,"relics_obtained":["Shuriken"],"max_hp_gain":0,"max_hp_loss":0,"event_name":"The Mausoleum","floor":28,"gold_loss":0}],"is_beta":false,"boss_relics":[{"not_picked":["Snecko Eye","Black Star"],"picked":"Empty Cage"}],"items_purged_floors":[3,20,29],"is_endless":false,"potions_floor_spawned":[1,14,16,21,24,27],"killed_by":"Automaton","ascension_level":3}}