{"host":"i9h64q9gphvrup4n","time":1611869678,"event":{"mods":["2.2 Compatiblity","AchievementEnabler","Aspiration","Astrologer","Bard","BaseMod","Beaked The Cultist","BetterRewards","Colored Powertips","Conspire","Downfall","Gremlin Mod","Hermit","Hubris","Infinite Spire","Jorbs\u0027s Wanderer Trilogy","Minty Spire (QoL Compilation)","Replay The Spire","Shop Mod","StSLib","SuperFastMode","The Blackbeard","The Bladedancer","The Bug Knight","The Construct","The Cursed","The Disciple","The Hierophant","The Jungle","The Necromancer","The Runesmith","The Wild Card","slay the spire mod where everything is the same but ironclad has a cowboy hat"],"gold_per_floor":[110,121,121,139,139,169,169,183,183,227,227,227,271,284,284,382,382,398,398,419,12,30,73,73,0,50,50,50,93,112,127,127,127,127],"floor_reached":33,"language":"ENG","playtime":1445,"items_purged":[],"score":564,"play_id":"6a2dbdf4-b163-45b6-aeaf-f40e783522b8","local_time":"20210128153438","is_ascension_mode":true,"campfire_choices":[{"floor":12,"key":"RECALL"},{"floor":15,"key":"REST"},{"floor":24,"key":"REST"},{"floor":27,"key":"REST"},{"data":"Summon_Vampire_Lady","floor":32,"key":"SMITH"}],"circlet_count":0,"master_deck":["AscendersBane","Strike_W","Strike_W","Strike_W","Strike_W","Defend_W","Defend_W","Defend_W","Defend_W","Negative_Energy_Arrows","Bone_Wall","Vampiric_Strike","Finger_Of_Death","Negative_Energy_Mist","Injury","Death_March_Dance","Toxic_Smoke_Screen+1","Uncharnel+1","Negative_Energy_Mist+1","Summon_Death_Knight","Negative_Energy_Javelin","downfall:Bewildered","Uncharnel+1","Summon_Undead_Army","Negative_Energy_Shield+1","Summon_Vampire_Lady+1"],"relics":["Iron Core","NeowsBlessing","infinitespire:Cubic Diamond","ReplayTheSpireMod:Ring of Addiction","White Beast Statue","Chameleon Ring","Ring of Peace","conspire:TopHat","Golden Idol","Toxic Egg 2","Nunchaku","aspiration:Lifesprig","SacredBark","sneckomod:BabySnecko","Magic Flower","Ice Cream","Bronze Scales","infinitespire:PuzzleCube"],"acts_visited":["Exordium","TheCity"],"potions_floor_usage":[6,8,10,10,13,16,16,18,20,22,23,29,31,33],"damage_taken":[{"damage":0,"enemies":"Small Slimes","floor":1,"turns":2},{"damage":0,"enemies":"2 Louse","floor":2,"turns":1},{"damage":0,"enemies":"Cultist","floor":4,"turns":1},{"damage":34,"enemies":"3 Sentries","floor":6,"turns":10},{"damage":4,"enemies":"2 Fungi Beasts","floor":8,"turns":5},{"damage":4,"enemies":"Gremlin Nob","floor":10,"turns":5},{"damage":30,"enemies":"3 Sentries","floor":13,"turns":13},{"damage":0,"enemies":"Blue Slaver","floor":14,"turns":4},{"damage":37,"enemies":"The Guardian","floor":16,"turns":19},{"damage":19,"enemies":"Chosen","floor":18,"turns":7},{"damage":10,"enemies":"Spheric Guardian","floor":20,"turns":3},{"damage":0,"enemies":"Snecko","floor":22,"turns":5},{"damage":19,"enemies":"Slavers","floor":23,"turns":6},{"damage":8,"enemies":"HollowMod:Nosk","floor":29,"turns":9},{"damage":42,"enemies":"Centurion and Healer","floor":30,"turns":9},{"damage":33,"enemies":"Cultist and Chosen","floor":31,"turns":6},{"damage":85,"enemies":"Automaton","floor":33,"turns":6}],"seed_played":"-338408896543208018","potions_obtained":[{"floor":1,"key":"conspire:TimeTravelPotion"},{"floor":4,"key":"Regen Potion"},{"floor":5,"key":"Strength Potion"},{"floor":6,"key":"Dexterity Potion"},{"floor":8,"key":"PowerPotion"},{"floor":10,"key":"Dexterity Potion"},{"floor":13,"key":"ColorlessPotion"},{"floor":14,"key":"GamblersBrew"},{"floor":16,"key":"Languid Potion"},{"floor":18,"key":"Death Potion"},{"floor":20,"key":"DistilledChaos"},{"floor":22,"key":"SteroidPotion"},{"floor":23,"key":"SpeedPotion"},{"floor":29,"key":"Milkshake"},{"floor":30,"key":"SkillPotion"},{"floor":31,"key":"ColorlessPotion"}],"is_trial":false,"path_per_floor":["M","M","?","M","?","E","?","M","T","E","?","R","E","M","R","B",null,"M","?","M","$","M","E","R","?","T","R","?","E","M","M","R","B"],"character_chosen":"NECROMANCER","items_purchased":["Magic Flower","Summon_Undead_Army"],"campfire_rested":3,"item_purchase_floors":[21,21],"current_hp_per_floor":[68,71,71,71,71,41,41,56,56,53,53,53,26,27,48,15,57,39,39,29,29,31,12,33,33,33,53,49,68,66,51,51,0,0],"gold":127,"neow_bonus":"THREE_ENEMY_KILL","is_daily":false,"chose_seed":false,"campfire_upgraded":1,"win_rate":0.0,"timestamp":1611869678,"path_taken":["M","M","?","M","?","E","?","M","T","E","?","R","E","M","R","BOSS","M","?","M","$","M","E","R","?","T","R","?","E","?","M","R","BOSS"],"items_purchased_type":["Relic","Card"],"build_version":"2020-12-22","purchased_purges":0,"victory":false,"max_hp_per_floor":[71,71,71,71,71,71,71,71,71,71,71,71,71,71,71,71,71,71,71,71,71,71,71,71,71,71,69,69,69,69,69,69,69,69],"card_choices":[{"not_picked":["Shackles_Of_Pain","Negative_Energy_Shield"],"picked":"Vampiric_Strike","floor":1},{"not_picked":["Slay_Living","Whirlwind_of_Bones"],"picked":"Finger_Of_Death","floor":2},{"not_picked":["Beam Cell","Warcry"],"picked":"Negative_Energy_Mist","floor":4},{"not_picked":["Blood_Whip","Body Slam","Blood_Shield"],"picked":"SKIP","floor":6},{"not_picked":["Hologram","Pandemic"],"picked":"Death_March_Dance","floor":8},{"not_picked":["Spectral_Armor+1","Blood_Whip"],"picked":"Toxic_Smoke_Screen+1","floor":10},{"not_picked":["Heavy Blade","Finger_Of_Death"],"picked":"Uncharnel+1","floor":13},{"not_picked":["Evolve","Beam Cell"],"picked":"Negative_Energy_Mist+1","floor":14},{"not_picked":["Skeleton_Dragon","Firewall+1"],"picked":"Summon_Death_Knight","floor":16},{"not_picked":["Bone_Armor+1","Bone_Bullets"],"picked":"Negative_Energy_Javelin","floor":18},{"not_picked":["Death_Knell","Scare+1"],"picked":"Uncharnel+1","floor":20},{"not_picked":["Blood_Shield+1","Bones_to_Steel+1"],"picked":"Negative_Energy_Shield+1","floor":22},{"not_picked":["Death_March_Dance","Bone_Spikes+1"],"picked":"Summon_Vampire_Lady","floor":23},{"not_picked":["Bone_Shift+1","Scare+1","Negative_Energy_Bomb"],"picked":"SKIP","floor":29},{"not_picked":["Bone_Prison+1","Shade_Step+1","Necromantic_Selection+1"],"picked":"SKIP","floor":30},{"not_picked":["Necromantic_Selection+1","Chill_Blood+1","Shade_Step+1"],"picked":"SKIP","floor":31}],"player_experience":733601,"relics_obtained":[{"floor":5,"key":"ReplayTheSpireMod:Ring of Addiction"},{"floor":5,"key":"White Beast Statue"},{"floor":5,"key":"Chameleon Ring"},{"floor":5,"key":"Ring of Peace"},{"floor":6,"key":"conspire:TopHat"},{"floor":9,"key":"Toxic Egg 2"},{"floor":10,"key":"Nunchaku"},{"floor":13,"key":"aspiration:Lifesprig"},{"floor":23,"key":"Ice Cream"},{"floor":26,"key":"Bronze Scales"},{"floor":29,"key":"infinitespire:PuzzleCube"}],"event_choices":[{"damage_healed":0,"gold_gain":0,"player_choice":"Take Wound","damage_taken":0,"relics_obtained":["Golden Idol"],"max_hp_gain":0,"max_hp_loss":0,"event_name":"Golden Idol","floor":7,"gold_loss":0,"cards_obtained":["Injury"]},{"cards_removed":["Amnesia"],"damage_healed":0,"gold_gain":0,"player_choice":"Purged","damage_taken":0,"max_hp_gain":0,"max_hp_loss":0,"event_name":"Purifier","floor":11,"gold_loss":0},{"damage_healed":0,"gold_gain":0,"player_choice":"Paid Fearfully","damage_taken":0,"max_hp_gain":0,"max_hp_loss":0,"event_name":"Masked Bandits","floor":25,"gold_loss":73},{"damage_healed":0,"gold_gain":0,"player_choice":"Leave","damage_taken":0,"max_hp_gain":0,"max_hp_loss":0,"event_name":"conspire:Investor","floor":28,"gold_loss":0}],"is_beta":false,"boss_relics":[{"not_picked":["Replay:Ancient Bell","Kintsugi"],"picked":"SacredBark"}],"items_purged_floors":[],"is_endless":false,"potions_floor_spawned":[1,4,6,8,10,13,14,16,18,20,22,23,29,30,31],"killed_by":"Automaton","ascension_level":17}}