{"host":"ynimr9ugvc6f046i","time":1611813375,"event":{"mods":["2.2 Compatiblity","BaseMod","Colored Map","DeckTracker","Highlight Path","Keyboard Shortcuts","Minty Spire (QoL Compilation)","Permanent Neow","Quick Restart","StSLib","SuperFastMode"],"gold_per_floor":[115,132,146,164,239,268,268,279,329,363,363,65,85,104,104,183,183,196,196,211,231,231,231,231,231],"floor_reached":24,"language":"KOR","playtime":695,"items_purged":["Strike_B"],"score":420,"play_id":"045b69f4-73c2-4436-88be-0d3a8ff1ee8d","local_time":"20210128145615","is_ascension_mode":true,"campfire_choices":[{"data":"Self Repair","floor":7,"key":"SMITH"},{"floor":11,"key":"REST"},{"data":"Chaos","floor":15,"key":"SMITH"},{"data":"Capacitor","floor":23,"key":"SMITH"}],"circlet_count":0,"master_deck":["AscendersBane","Strike_B","Strike_B","Defend_B","Defend_B","Defend_B","Defend_B","Zap","Dualcast","Rainbow","Capacitor+1","Ball Lightning","Self Repair+1","BootSequence","Chaos+1","Glacier","Cold Snap","Coolheaded","Hologram","Gash+1"],"relics":["Cracked Core","Oddly Smooth Stone","Centennial Puzzle","Sundial","Medical Kit","Nuclear Battery"],"acts_visited":["Exordium","TheCity"],"potions_floor_usage":[6,6,10,16],"damage_taken":[{"damage":0.0,"enemies":"Cultist","floor":1.0,"turns":4.0},{"damage":2.0,"enemies":"Jaw Worm","floor":2.0,"turns":4.0},{"damage":0.0,"enemies":"2 Louse","floor":3.0,"turns":3.0},{"damage":12,"enemies":"2 Fungi Beasts","floor":4,"turns":3},{"damage":22,"enemies":"3 Sentries","floor":6,"turns":9},{"damage":5,"enemies":"Blue Slaver","floor":8,"turns":4},{"damage":13,"enemies":"Lagavulin","floor":10,"turns":6},{"damage":21,"enemies":"Exordium Thugs","floor":13,"turns":5},{"damage":0,"enemies":"3 Louse","floor":14,"turns":3},{"damage":10,"enemies":"Hexaghost","floor":16,"turns":13},{"damage":9,"enemies":"2 Thieves","floor":18,"turns":4},{"damage":13,"enemies":"Spheric Guardian","floor":20,"turns":6},{"damage":26,"enemies":"Snecko","floor":21,"turns":6},{"damage":50,"enemies":"Slavers","floor":24,"turns":5}],"seed_played":"6873203654102004004","potions_obtained":[{"floor":1.0,"key":"Dexterity Potion"},{"floor":4,"key":"Swift Potion"},{"floor":6,"key":"Weak Potion"},{"floor":10,"key":"BlessingOfTheForge"},{"floor":14,"key":"FearPotion"},{"floor":20,"key":"Strength Potion"}],"is_trial":false,"path_per_floor":["M","M","M","M","?","E","R","M","T","E","R","$","M","M","R","B",null,"M","?","M","M","?","R","E"],"character_chosen":"DEFECT","items_purchased":["Medical Kit","Cold Snap"],"campfire_rested":1,"item_purchase_floors":[12,12],"current_hp_per_floor":[46,44,44,39,28,13,13,18,18,15,36,36,15,25,25,25,60,61,61,58,42,42,42,0,0],"gold":231,"neow_bonus":"THREE_RARE_CARDS","is_daily":false,"chose_seed":false,"campfire_upgraded":3,"win_rate":0.0,"timestamp":1611813375,"path_taken":["M","?","M","M","?","E","R","M","T","E","R","$","M","M","R","BOSS","M","?","M","M","?","R","E"],"items_purchased_type":["Relic","Card"],"build_version":"2020-12-22","purchased_purges":1,"victory":false,"max_hp_per_floor":[71,71,71,71,71,71,71,71,71,71,71,71,71,71,71,71,71,71,71,71,71,71,71,71,71],"card_choices":[{"not_picked":["Machine Learning","Amplify"],"picked":"Rainbow","floor":0.0},{"not_picked":["Rip and Tear","Redo"],"picked":"Capacitor","floor":1.0},{"not_picked":["Hologram","Loop"],"picked":"Ball Lightning","floor":2.0},{"not_picked":["Conserve Battery","Hologram"],"picked":"Self Repair","floor":3.0},{"not_picked":["Beam Cell","Barrage"],"picked":"BootSequence","floor":4},{"not_picked":["Melter","Barrage"],"picked":"Chaos","floor":6},{"not_picked":["Beam Cell","Tempest","Reinforced Body"],"picked":"SKIP","floor":8},{"not_picked":["Conserve Battery","Go for the Eyes"],"picked":"Glacier","floor":10},{"not_picked":["Go for the Eyes","Cold Snap","Rip and Tear"],"picked":"SKIP","floor":13},{"not_picked":["Sweeping Beam","Doom and Gloom"],"picked":"Coolheaded","floor":14},{"not_picked":["Steam","Redo","Heatsinks"],"picked":"SKIP","floor":18},{"not_picked":["Rebound+1","Hologram","Beam Cell"],"picked":"SKIP","floor":20},{"not_picked":["Rebound+1","Beam Cell"],"picked":"Hologram","floor":20},{"not_picked":["Beam Cell+1","Multi-Cast"],"picked":"Gash+1","floor":21}],"player_experience":541424,"relics_obtained":[{"floor":6,"key":"Oddly Smooth Stone"},{"floor":9,"key":"Centennial Puzzle"},{"floor":10,"key":"Sundial"}],"event_choices":[{"damage_healed":0,"gold_gain":75,"player_choice":"Gather Gold","damage_taken":11,"max_hp_gain":0,"max_hp_loss":0,"event_name":"World of Goop","floor":5,"gold_loss":0},{"damage_healed":0,"gold_gain":0,"player_choice":"Ignored","damage_taken":0,"max_hp_gain":0,"max_hp_loss":0,"event_name":"The Mausoleum","floor":19,"gold_loss":0},{"cards_removed":["Strike_B"],"damage_healed":0,"gold_gain":0,"player_choice":"Elegance","damage_taken":0,"max_hp_gain":0,"max_hp_loss":0,"event_name":"Back to Basics","floor":22,"gold_loss":0}],"is_beta":false,"boss_relics":[{"not_picked":["Astrolabe","FrozenCore"],"picked":"Nuclear Battery"}],"items_purged_floors":[12],"is_endless":false,"potions_floor_spawned":[1,4,6,10,14,20],"killed_by":"Slavers","ascension_level":20}}