{"host":"o1scrl1hgy598kuq","time":1611808795,"event":{"mods":["BaseMod","Colored Map","Colored Powertips","Minty Spire (QoL Compilation)","Remilia??????","Replay The Spire","Shop Mod","StSLib","The Jungle","The Marked","The Servant 0.9.4"],"gold_per_floor":[109,129,129,142,161,194,144,156,156,191,201,234,234,234,234,329,329,346,408,418,434,151,151,185,185,261,288,143,143,11,43,43,146,146,162,181,181,181,200,200,231,231,231,242,259,286,286,52,52,52,52,52,9,42,42],"floor_reached":56,"language":"ENG","playtime":5392,"items_purged":["Hallucinations","Hallucinations","KidneyShot","Defend_S","Contraction"],"score":1862,"play_id":"286245c6-b516-42f6-a768-6b4715679395","local_time":"20210127223955","is_ascension_mode":true,"campfire_choices":[{"data":"Advance","floor":13,"key":"SMITH"},{"floor":15,"key":"REST"},{"data":"Embodiment","floor":23,"key":"SMITH"},{"data":"BottledTime","floor":25,"key":"SMITH"},{"data":"RealityMarble","floor":32,"key":"SMITH"},{"floor":40,"key":"RECALL"},{"data":"Sadistic Nature","floor":49,"key":"SMITH"},{"data":"Sadistic Nature","floor":52,"key":"SMITH"}],"circlet_count":0,"master_deck":["Defend_S","Defend_S","Exchange","Potential+1","MurderousAura","Advance+1","Contraction","Embodiment+1","BottledTime+1","DualDimension","PendulumOfEternity+1","Foresight","ShiftingGears+1","BottledTime","Sadistic Nature+1","BottledTime","RealityMarble+1","Revamp+1","BottledTime+1","Sadistic Nature+1","Alleviate+1","BottledTime","BottledTime+1"],"relics":["Uniform","Nunchaku","Simple Rune","Replay:Baseball","ReplayTheSpireMod:Ninjato","InkBottle","MerchantsRug","Thread and Needle","Divine Protection","PreservedInsect","Painkiller Herb","KneeBrace","The Courier","Whetstone","ReplayTheSpireMod:Lightbulb"],"acts_visited":["Exordium","Exordium","TheBeyond","TheEnding"],"potions_floor_usage":[8,10,18,24,31,41,46,50,55],"damage_taken":[{"damage":1,"enemies":"Jaw Worm","floor":1,"turns":4},{"damage":0,"enemies":"Cultist","floor":2,"turns":3},{"damage":7,"enemies":"Small Slimes","floor":4,"turns":3},{"damage":6,"enemies":"Blue Slaver","floor":5,"turns":4},{"damage":0,"enemies":"Lagavulin","floor":6,"turns":8},{"damage":0,"enemies":"Large Slime","floor":8,"turns":5},{"damage":19,"enemies":"3 Sentries","floor":10,"turns":10},{"damage":6,"enemies":"Red Slaver","floor":11,"turns":5},{"damage":43,"enemies":"Gremlin Nob","floor":12,"turns":6},{"damage":0,"enemies":"Slime Boss","floor":16,"turns":10},{"damage":0,"enemies":"theJungle:5_Spyders","floor":18,"turns":8},{"damage":16,"enemies":"theJungle:GiantWrat","floor":20,"turns":6},{"damage":0,"enemies":"theJungle:SlimyTreeVines","floor":21,"turns":12},{"damage":0,"enemies":"theJungle:Cassacara","floor":24,"turns":6},{"damage":0,"enemies":"theJungle:MamaSnecko","floor":27,"turns":5},{"damage":0,"enemies":"theJungle:Cassacara","floor":31,"turns":6},{"damage":0,"enemies":"theJungle:FunGuy","floor":33,"turns":11},{"damage":0,"enemies":"3 Darklings","floor":35,"turns":3},{"damage":0,"enemies":"3 Shapes","floor":36,"turns":4},{"damage":0,"enemies":"Maw","floor":39,"turns":9},{"damage":0,"enemies":"Nemesis","floor":41,"turns":7},{"damage":0,"enemies":"Sphere and 2 Shapes","floor":44,"turns":5},{"damage":0,"enemies":"Writhing Mass","floor":45,"turns":7},{"damage":67,"enemies":"Reptomancer","floor":46,"turns":5},{"damage":0,"enemies":"Time Eater","floor":50,"turns":11},{"damage":0,"enemies":"Shield and Spear","floor":54,"turns":6},{"damage":37,"enemies":"The Heart","floor":55,"turns":11}],"seed_played":"7738569366058845435","potions_obtained":[{"floor":2,"key":"GamblersBrew"},{"floor":4,"key":"SteroidPotion"},{"floor":5,"key":"FairyPotion"},{"floor":16,"key":"AttackPotion"},{"floor":20,"key":"Languid Potion"},{"floor":21,"key":"SneckoOil"},{"floor":24,"key":"Venom Potion"},{"floor":29,"key":"Flashbang"},{"floor":29,"key":"ColorlessPotion"},{"floor":29,"key":"Weak Potion"},{"floor":31,"key":"EssenceOfSteel"},{"floor":35,"key":"CultistPotion"},{"floor":41,"key":"SmokeBomb"},{"floor":45,"key":"Languid Potion"},{"floor":46,"key":"Adrenaline Potion"},{"floor":54,"key":"Weak Potion"}],"is_trial":false,"path_per_floor":["M","M","?","M","M","E","?","M","T","E","M","E","R","T","R","B",null,"M","?","M","M","$","R","E","R","T","E","$","?","$","E","R","B",null,"?","?","?","?","?","T","E","?","T","?","?","E","?","T","T","B",null,"T","T","E","B",null],"character_chosen":"THE_SERVANT","items_purchased":["MerchantsRug","BottledTime","Sadistic Nature","BottledTime","RealityMarble","Whetstone","BottledTime+1"],"campfire_rested":1,"item_purchase_floors":[22,22,22,28,30,48,48],"current_hp_per_floor":[70,70,70,63,57,57,57,57,57,38,32,21,21,21,42,42,71,71,54,38,44,44,44,44,44,44,44,44,44,44,44,44,44,71,71,71,71,71,71,71,71,71,71,71,71,16,62,62,62,62,62,62,62,62,25],"gold":42,"neow_bonus":"TEN_PERCENT_HP_BONUS","is_daily":false,"chose_seed":false,"campfire_upgraded":6,"win_rate":0.0,"timestamp":1611808795,"path_taken":["M","M","?","M","?","E","?","M","T","E","M","E","R","?","R","BOSS","M","?","?","?","$","R","E","R","T","E","$","?","?","E","R","BOSS","?","?","?","?","?","T","E","?","T","?","?","E","?","T","T","BOSS","T","T","E","BOSS"],"items_purchased_type":["Relic","Card","Card","Card","Card","Relic","Card"],"build_version":"2020-12-22","purchased_purges":5,"victory":true,"max_hp_per_floor":[71,71,71,71,71,71,71,71,71,71,71,71,71,71,71,71,71,71,71,71,71,71,71,71,71,71,71,71,71,71,71,71,71,71,71,71,71,71,71,71,71,71,71,71,71,71,62,62,62,62,62,62,62,62,62],"card_choices":[{"not_picked":["DoubleEdge","FanOfKnives"],"picked":"Potential","floor":1},{"not_picked":["Rearm","FlawlessForm"],"picked":"Contraction","floor":2},{"not_picked":["Ricochet","Collapse"],"picked":"Contraction","floor":4},{"not_picked":["Rearm","DoubleEdge","ShatteredReality"],"picked":"SKIP","floor":5},{"not_picked":["Moonlight","Starlight"],"picked":"Embodiment","floor":6},{"not_picked":["Moonlight","Deadline"],"picked":"BottledTime","floor":8},{"not_picked":["Defy","Comet","TimeWarp"],"picked":"SKIP","floor":10},{"not_picked":["ShatteredReality","Ricochet"],"picked":"DualDimension","floor":11},{"not_picked":["Spin","Unruled","TimeTheft"],"picked":"SKIP","floor":12},{"not_picked":["TrueSight","SoulSculpture"],"picked":"PendulumOfEternity","floor":16},{"not_picked":["Defy+1","Desolation+1"],"picked":"Potential","floor":18},{"not_picked":["Potential+1","Defy"],"picked":"Foresight","floor":20},{"not_picked":["Moonlight","Revamp"],"picked":"ShiftingGears+1","floor":21},{"not_picked":["Solidify","Replace+1","FastForward"],"picked":"SKIP","floor":24},{"not_picked":["Spin+1","ShatteredReality","DoubleEdge+1"],"picked":"SKIP","floor":27},{"not_picked":["Snipe+1","Rewind","Comet"],"picked":"SKIP","floor":31},{"not_picked":["Spin+1","SilverBlades+1","Comet+1"],"picked":"SKIP","floor":35},{"not_picked":["Potential","Alleviate+1"],"picked":"Revamp+1","floor":36},{"not_picked":["TimeWarp","Revamp+1"],"picked":"BottledTime+1","floor":39},{"not_picked":["Manipulate","Ricochet+1","DoubleEdge+1"],"picked":"SKIP","floor":41},{"not_picked":["FastForward","Rewind+1"],"picked":"Alleviate+1","floor":44},{"not_picked":["Duplication","Rearm","ShatteredReality+1"],"picked":"SKIP","floor":45},{"not_picked":["DoubleEdge","Manipulate"],"picked":"BottledTime","floor":46},{"not_picked":["Spin+1","Alleviate+1","Revamp+1"],"picked":"SKIP","floor":54}],"player_experience":223887,"relics_obtained":[{"floor":6,"key":"Nunchaku"},{"floor":9,"key":"Simple Rune"},{"floor":10,"key":"Replay:Baseball"},{"floor":12,"key":"ReplayTheSpireMod:Ninjato"},{"floor":14,"key":"Meat on the Bone"},{"floor":19,"key":"InkBottle"},{"floor":24,"key":"Thread and Needle"},{"floor":26,"key":"Divine Protection"},{"floor":27,"key":"Pen Nib"},{"floor":31,"key":"PreservedInsect"},{"floor":41,"key":"KneeBrace"},{"floor":46,"key":"The Courier"},{"floor":54,"key":"ReplayTheSpireMod:Lightbulb"}],"event_choices":[{"damage_healed":0,"gold_gain":0,"player_choice":"3 cards matched","damage_taken":0,"max_hp_gain":0,"max_hp_loss":0,"event_name":"Match and Keep!","floor":3,"gold_loss":0,"cards_obtained":["MurderousAura","KidneyShot","Advance"]},{"cards_removed":["Strike_S"],"damage_healed":0,"gold_gain":0,"player_choice":"Card Removal","damage_taken":0,"max_hp_gain":0,"max_hp_loss":0,"event_name":"The Cleric","floor":7,"gold_loss":50},{"damage_healed":0,"gold_gain":0,"player_choice":"Got Potions","damage_taken":0,"max_hp_gain":0,"max_hp_loss":0,"event_name":"Lab","floor":29,"gold_loss":0},{"damage_healed":0,"gold_gain":0,"player_choice":"Ignored","damage_taken":0,"max_hp_gain":0,"max_hp_loss":0,"event_name":"Tomb of Lord Red Mask","floor":37,"gold_loss":0},{"cards_removed":["Potential"],"damage_healed":0,"gold_gain":0,"player_choice":"Removed Attack","damage_taken":0,"max_hp_gain":0,"max_hp_loss":0,"event_name":"Falling","floor":38,"gold_loss":0},{"damage_healed":0,"gold_gain":0,"player_choice":"Copied","damage_taken":0,"max_hp_gain":0,"max_hp_loss":0,"event_name":"Duplicator","floor":42,"gold_loss":0,"cards_obtained":["Sadistic Nature"]},{"damage_healed":62,"gold_gain":0,"player_choice":"Heal","damage_taken":0,"max_hp_gain":0,"max_hp_loss":9,"event_name":"The Moai Head","floor":47,"gold_loss":0}],"is_beta":false,"boss_relics":[{"not_picked":["Pandora\u0027s Box","SacredBark"],"picked":"Kintsugi"},{"not_picked":["Velvet Choker","Busted Crown"],"picked":"Painkiller Herb"}],"items_purged_floors":[22,28,30,48,53],"is_endless":false,"potions_floor_spawned":[2,4,5,16,20,21,24,31,35,41,45,46,54],"ascension_level":3}}