{"host":"drjz7zl15rqtgg20","time":1611870940,"event":{"mods":["BaseMod","Downfall","Minty Spire (QoL Compilation)","StSLib"],"gold_per_floor":[99,110,123,143,173,201,248,248,48,62,85,117,135,166,186,287,337,337,356,375,246,96,96,96,96,126,126,160,173,173,188,200,303,303,203,223,223,223,238,255,281,299,216,230,230,86,86,116,129,129,129,129],"floor_reached":50,"language":"ENG","playtime":4378,"items_purged":["downfall:Malfunctioning","Guardian:Defend_Guardian","Guardian:Strike_Guardian"],"score":718,"play_id":"6ce238a5-1bc2-4573-b2ff-aa8b81f67de0","local_time":"20210128165540","is_ascension_mode":true,"campfire_choices":[{"floor":1,"key":"RECALL"},{"data":"Guardian:TwinSlam","floor":9,"key":"SMITH"},{"data":"Guardian:TemporalShield","floor":18,"key":"SMITH"},{"data":"Guardian:FloatingOrbs","floor":23,"key":"SMITH"},{"data":"Guardian:Recover","floor":25,"key":"SMITH"},{"floor":35,"key":"REST"},{"floor":45,"key":"REST"},{"floor":47,"key":"REST"}],"circlet_count":0,"master_deck":["Guardian:Strike_Guardian+1","Guardian:Defend_Guardian+1","Guardian:Defend_Guardian+1","Guardian:Defend_Guardian","Guardian:CurlUp","Guardian:TwinSlam+1","Guardian:Planning+1","Guardian:RevengeProtocol","Guardian:PrimingBeam","Guardian:TimeCapacitor","Guardian:Recover+1","Guardian:RollAttack+1","Guardian:TemporalShield+1","Guardian:StasisStrike","Guardian:ChargeUp","Guardian:FloatingOrbs+1","Ghostly","Guardian:ChargeUp","Guardian:ConstructionForm","Guardian:EvasiveProtocol+1","Guardian:Recover+1","Guardian:TemporalStrike+1","Guardian:SpikerProtocol","Guardian:TemporalShield+1"],"relics":["Guardian:ModeShifter","Nunchaku","Letter Opener","downfall:HeartBlessingRed","downfall:HeartBlessingBlue","Odd Mushroom","Meat on the Bone","The Courier","Tiny House","Slimebound:StickyStick","Bronze Scales","FossilizedHelix","Fusion Hammer","downfall:HeartBlessingGreen","Smiling Mask","Calipers","Singing Bowl","Pear"],"acts_visited":["Exordium","TheCity","TheBeyond"],"potions_floor_usage":[14,26,43,46,46,46],"damage_taken":[{"damage":0,"enemies":"2 Louse","floor":2,"turns":4},{"damage":1,"enemies":"Cultist","floor":3,"turns":3},{"damage":7,"enemies":"Small Slimes","floor":4,"turns":5},{"damage":51,"enemies":"Lagavulin","floor":6,"turns":13},{"damage":0,"enemies":"Red Slaver","floor":10,"turns":5},{"damage":9,"enemies":"The Mushroom Lair","floor":11,"turns":3},{"damage":12,"enemies":"3 Sentries","floor":12,"turns":8},{"damage":0,"enemies":"Large Slime","floor":13,"turns":5},{"damage":8,"enemies":"Gremlin Nob","floor":14,"turns":5},{"damage":2,"enemies":"3 Louse","floor":15,"turns":3},{"damage":18,"enemies":"DF_ARCHETYPE_STREAMLINE","floor":16,"turns":14},{"damage":0,"enemies":"Chosen","floor":19,"turns":6},{"damage":1,"enemies":"Spheric Guardian","floor":20,"turns":5},{"damage":0,"enemies":"downfall:FleeingMerchant","floor":21,"turns":4},{"damage":32,"enemies":"Book of Stabbing","floor":26,"turns":5},{"damage":10,"enemies":"Slavers","floor":28,"turns":6},{"damage":0,"enemies":"Snake Plant","floor":29,"turns":4},{"damage":0,"enemies":"Snecko","floor":31,"turns":5},{"damage":0,"enemies":"Shelled Parasite and Fungi","floor":32,"turns":4},{"damage":15,"enemies":"WA_ARCHETYPE_CALM","floor":33,"turns":8},{"damage":26,"enemies":"3 Darklings","floor":36,"turns":7},{"damage":0,"enemies":"3 Shapes","floor":39,"turns":5},{"damage":0,"enemies":"Transient","floor":40,"turns":5},{"damage":0,"enemies":"4 Shapes","floor":42,"turns":5},{"damage":0,"enemies":"downfall:FleeingMerchant","floor":43,"turns":4},{"damage":0,"enemies":"Spire Growth","floor":44,"turns":5},{"damage":16,"enemies":"downfall:FleeingMerchant","floor":46,"turns":4},{"damage":0,"enemies":"Giant Head","floor":48,"turns":7},{"damage":0,"enemies":"Sphere and 2 Shapes","floor":49,"turns":5},{"damage":138,"enemies":"SI_POISON_ARCHETYPE","floor":50,"turns":6}],"seed_played":"-8291896914539745612","potions_obtained":[{"floor":2,"key":"Strength Potion"},{"floor":6,"key":"bronze:BurnAndBuffPotion"},{"floor":11,"key":"hexamod:SoulburnPotion"},{"floor":15,"key":"champ:CounterPotion"},{"floor":28,"key":"EntropicBrew"},{"floor":29,"key":"GamblersBrew"},{"floor":48,"key":"ColorlessPotion"}],"is_trial":false,"path_per_floor":["R","M","M","M","?","E","T","?","R","M","?","E","M","E","M","B",null,"R","M","M","$","?","R","T","R","E","?","E","M","?","M","M","B",null,"R","M","?","?","M","M","T","M","$","M","R","$","R","E","M","B"],"character_chosen":"GUARDIAN","items_purchased":["Guardian:FloatingOrbs","Guardian:Gem_Red","Calipers","Singing Bowl"],"campfire_rested":3,"item_purchase_floors":[21,43,46,46],"current_hp_per_floor":[88,88,87,80,80,29,29,29,39,39,30,18,30,34,44,38,103,103,103,102,102,102,102,102,102,70,70,60,60,60,60,60,57,103,103,77,77,77,77,77,77,77,77,77,103,87,103,113,115,0,0,0],"gold":129,"neow_bonus":"TEN_PERCENT_HP_BONUS","is_daily":false,"chose_seed":false,"campfire_upgraded":4,"win_rate":0.0,"timestamp":1611870940,"path_taken":["R","M","M","M","?","E","T","?","R","M","?","E","M","E","M","BOSS","R","M","M","$","?","R","T","R","E","?","E","M","?","?","M","BOSS","R","M","?","?","?","M","T","M","$","M","R","$","R","E","M","BOSS"],"items_purchased_type":["Card","Card","Relic","Relic"],"build_version":"2020-12-22","purchased_purges":3,"victory":false,"max_hp_per_floor":[88,88,88,88,88,88,88,88,98,98,98,98,98,98,98,98,103,103,103,103,103,103,103,103,103,103,103,103,103,103,103,103,103,103,103,103,103,103,103,103,103,103,103,103,103,103,103,113,115,115,115,115],"card_choices":[{"not_picked":["Guardian:Emergency","Guardian:CrystalBeam"],"picked":"Guardian:Planning","floor":2},{"not_picked":["Guardian:ShieldCharger","Guardian:SentryBeam"],"picked":"Guardian:Gem_Purple","floor":3},{"not_picked":["Guardian:Suspension","Guardian:Planning","Guardian:CrystalBeam"],"picked":"SKIP","floor":4},{"not_picked":["Guardian:DecasProtection","Guardian:DonusPower"],"picked":"Guardian:RevengeProtocol","floor":6},{"not_picked":["Guardian:VentSteam","Guardian:BronzeOrb"],"picked":"Guardian:PrimingBeam","floor":10},{"not_picked":["Guardian:ShieldCharger","Guardian:PiercingHide"],"picked":"Guardian:TimeCapacitor","floor":11},{"not_picked":["Guardian:Emergency","Guardian:Planning","Guardian:ChargeCore"],"picked":"SKIP","floor":12},{"not_picked":["Guardian:MultiBeam","Guardian:WalkerClaw"],"picked":"Guardian:Recover","floor":13},{"not_picked":["Guardian:PiercingHide","Guardian:PrimingBeam"],"picked":"Guardian:RollAttack","floor":14},{"not_picked":["Guardian:PrimingBeam","Guardian:RevengeProtocol"],"picked":"Guardian:TemporalShield","floor":15},{"not_picked":["Guardian:AncientConstruct","Guardian:RevengeProtocol"],"picked":"Guardian:StasisStrike","floor":16},{"not_picked":["Guardian:GatlingBeam","Guardian:Preprogram","Guardian:CrystalBeam"],"picked":"SKIP","floor":19},{"not_picked":["Guardian:DecasProtection+1","Guardian:Gem_Red"],"picked":"Guardian:Gem_Crimson","floor":20},{"not_picked":["Guardian:TimeBomb+1","Guardian:CrystalBeam+1"],"picked":"Guardian:ChargeUp","floor":21},{"not_picked":["Guardian:CrystalBeam","Guardian:ShieldCharger","Guardian:BronzeOrb"],"picked":"SKIP","floor":26},{"not_picked":["Guardian:Planning+1","Guardian:TemporalShield","Guardian:GemFire"],"picked":"SKIP","floor":28},{"not_picked":["Guardian:PrismaticBeam","Guardian:BodySlam"],"picked":"Guardian:Gem_Crimson","floor":29},{"not_picked":["Guardian:TemporalShield","Guardian:SentryBeam+1"],"picked":"Guardian:ChargeUp","floor":31},{"not_picked":["Guardian:WalkerClaw","Guardian:TemporalStrike"],"picked":"Guardian:Gem_Red","floor":32},{"not_picked":["Guardian:GemFire","Guardian:ExploitGems"],"picked":"Guardian:ConstructionForm","floor":33},{"not_picked":["Guardian:Planning+1","Guardian:Reroute+1"],"picked":"Guardian:EvasiveProtocol+1","floor":36},{"not_picked":["Guardian:Recover","Guardian:Gem_Cyan","Guardian:Gem_Lightblue"],"picked":"SKIP","floor":39},{"not_picked":["Guardian:TemporalStrike","Guardian:Gem_Green"],"picked":"Guardian:Recover+1","floor":40},{"not_picked":["Guardian:Planning+1","Guardian:ArmoredProtocol","Guardian:StasisEngine"],"picked":"SKIP","floor":42},{"not_picked":["Guardian:StasisField","Guardian:CrystalBeam+1"],"picked":"Guardian:Gem_Purple","floor":43},{"not_picked":["Guardian:Gem_White","Guardian:GuardianWhirl"],"picked":"Guardian:TemporalStrike+1","floor":44},{"not_picked":["Guardian:Planning+1","Guardian:CrystalBeam"],"picked":"Guardian:SpikerProtocol","floor":46},{"not_picked":["Guardian:EvasiveProtocol+1","Guardian:ShieldCharger+1"],"picked":"Guardian:TemporalShield+1","floor":48},{"not_picked":["Guardian:RollAttack","Guardian:MultiBeam+1","Guardian:EvasiveProtocol+1"],"picked":"Singing Bowl","floor":49}],"player_experience":606969,"relics_obtained":[{"floor":6,"key":"Letter Opener"},{"floor":11,"key":"Odd Mushroom"},{"floor":12,"key":"Meat on the Bone"},{"floor":14,"key":"The Courier"},{"floor":24,"key":"Slimebound:StickyStick"},{"floor":26,"key":"Bronze Scales"},{"floor":28,"key":"FossilizedHelix"},{"floor":41,"key":"Smiling Mask"},{"floor":48,"key":"Pear"}],"event_choices":[{"damage_healed":0,"gold_gain":0,"player_choice":"Fought Mushrooms","damage_taken":0,"max_hp_gain":0,"max_hp_loss":0,"event_name":"Mushrooms","floor":11,"gold_loss":0}],"is_beta":false,"boss_relics":[{"not_picked":["Pandora\u0027s Box","bronze:MakeshiftBattery"],"picked":"Tiny House"},{"not_picked":["Philosopher\u0027s Stone","Empty Cage"],"picked":"Fusion Hammer"}],"items_purged_floors":[21,43,46],"is_endless":false,"potions_floor_spawned":[2,6,11,12,15,28,29,31,32,39,40,48],"killed_by":"SI_POISON_ARCHETYPE","ascension_level":3}}