{"host":"7mo9b2f9hhzb5x6f","time":1611824144,"event":{"mods":["100% Spire Juice","2.2 Compatiblity","ATMod(阿瑾Mod)","Act Like it!","Arknights The Spire","BaseMod","Better-Laid Plans","Downfall","Minty Spire (QoL Compilation)","MostiFishMod","Relic Stats","Spicy Shops","StSLib","TestMod","UnlockEverythingMod","【功能Mod】混沌之环修复补丁","【功能Mod】精心准备"],"gold_per_floor":[99,54,54,54,454,454,454,473,506,506,506],"floor_reached":9,"language":"ZHS","playtime":363,"items_purged":[],"score":82,"play_id":"fa2c6310-1356-4939-a7d0-84a3583a2747","local_time":"20210128165544","is_ascension_mode":false,"campfire_choices":[{"floor":1,"key":"RECALL"},{"data":"champ:Execute","floor":6,"key":"SMITH"}],"circlet_count":0,"master_deck":["champ:Strike","champ:Strike","champ:Strike","champ:Strike","champ:Defend","champ:Defend","champ:Defend","champ:Defend","champ:Execute+1","champ:Taunt","champ:CrownThrow","champ:IronFortress"],"relics":["champ:ChampionCrown","testmod-TestBox","AT_ATBox","BionicSphere","testmod-DeterminationOfClimber","Blue Candle","Anchor","AT_DeathDance"],"acts_visited":["Exordium"],"potions_floor_usage":[],"damage_taken":[{"damage":20,"enemies":"downfall:FleeingMerchant","floor":2,"turns":4},{"damage":10,"enemies":"Small Slimes","floor":8,"turns":2},{"damage":10,"enemies":"Gremlin Nob","floor":9,"turns":5}],"seed_played":"-5699664049793788943","potions_obtained":[],"is_trial":false,"path_per_floor":["R","$","?","?","?","R","T","M","E"],"character_chosen":"THE_CHAMP","items_purchased":["champ:IronFortress"],"campfire_rested":0,"item_purchase_floors":[2],"current_hp_per_floor":[99,99,99,94,94,94,94,96,99,99,99],"gold":506,"neow_bonus":"TEN_PERCENT_HP_BONUS","is_daily":false,"chose_seed":false,"campfire_upgraded":1,"win_rate":0.0,"timestamp":1611824144,"path_taken":["R","$","?","?","?","R","T","?","E"],"items_purchased_type":["Card"],"build_version":"2020-12-22","purchased_purges":0,"victory":false,"max_hp_per_floor":[99,99,99,99,99,99,99,99,99,99,99],"relic_stats":{"counters":[3,11],"Blue Candle":[0],"obtain_stats":[{"Anchor":7,"testmod-TestBox":0,"AT_ATBox":0,"DaveBox":0,"BionicSphere":0,"Blue Candle":4,"champ:ChampionCrown":0,"testmod-DeterminationOfClimber":0,"AT_DeathDance":9},{"Anchor":1,"testmod-TestBox":0,"AT_ATBox":0,"DaveBox":0,"BionicSphere":0,"Blue Candle":1,"champ:ChampionCrown":0,"testmod-DeterminationOfClimber":0,"AT_DeathDance":3},{"Anchor":4,"testmod-TestBox":0,"AT_ATBox":0,"DaveBox":0,"BionicSphere":0,"Blue Candle":4,"champ:ChampionCrown":0,"testmod-DeterminationOfClimber":0,"AT_DeathDance":11}]},"card_choices":[{"not_picked":["champ:FanOfKnives","champ:StanceDance"],"picked":"champ:CrownThrow","floor":2},{"not_picked":["champ:HeartStrike","champ:EnGarde","champ:FocusedDefense"],"picked":"SKIP","floor":8}],"player_experience":67585,"relics_obtained":[{"floor":7,"key":"Anchor"},{"floor":9,"key":"AT_DeathDance"}],"event_choices":[{"damage_healed":0,"gold_gain":0,"player_choice":"Ignored","damage_taken":0,"max_hp_gain":0,"max_hp_loss":0,"event_name":"给自己的盒子","floor":3,"gold_loss":0},{"damage_healed":0,"gold_gain":400,"player_choice":"Sell","damage_taken":0,"max_hp_gain":0,"max_hp_loss":0,"event_name":"恩洛斯的盘子","floor":5,"relics_lost":["DaveBox"],"gold_loss":0}],"is_beta":false,"boss_relics":[],"items_purged_floors":[],"is_endless":false,"potions_floor_spawned":[],"killed_by":"Gremlin Nob","ascension_level":0}}