{"host":"c6u7e77myxvw4d0m","time":1611828006,"event":{"mods":["AchievementEnabler","BaseMod","Bestiary","Colored Map","Colored Powertips","Minty Spire (QoL Compilation)","Rare Cards Sparkle","Relic Stats","everything is the same but u backflip on backflip"],"gold_per_floor":[116,134,151,151,163,195,195,223,223,284,300,318,318,343,343,414,414,424,437,187,203,234,260,68,68,68,101,113,132,132,145,145,223,223,242,254,299,15,15,44,44,44,44,377,377,388,414,414,414,414],"floor_reached":51,"language":"ENG","playtime":6507,"items_purged":[],"score":1266,"play_id":"bf83f710-9452-4b0e-ad4c-6cb1454225d4","local_time":"20210128120006","is_ascension_mode":true,"campfire_choices":[{"data":"Perfected Strike","floor":7,"key":"SMITH"},{"data":"Bash","floor":13,"key":"SMITH"},{"floor":15,"key":"REST"},{"floor":32,"key":"REST"},{"floor":42,"key":"REST"},{"floor":45,"key":"REST"},{"floor":49,"key":"REST"}],"circlet_count":0,"master_deck":["AscendersBane","Strike_R+1","Strike_R+1","Strike_R+1","Strike_R+1","Strike_R+1","Defend_R+1","Defend_R+1","Defend_R+1","Defend_R+1","Bash+1","Clothesline+1","Twin Strike+1","Perfected Strike+1","Cleave+1","Spot Weakness+1","Feel No Pain+1","Hemokinesis+1","Inflame+1","Battle Trance+1","Rage+1","Reaper+1","Flex+1","Wild Strike+1","Body Slam+1","Thunderclap+1","Disarm+1","RitualDagger+1","Dual Wield+1","Pommel Strike+1","Ghostly Armor+1","Juggernaut+1","Metallicize+1","Rage+1","Thunderclap+1","Fire Breathing+1","Spot Weakness+1","Flame Barrier+1"],"relics":["Burning Blood","Nunchaku","Omamori","Torii","HornCleat","Juzu Bracelet","Meat on the Bone","Fusion Hammer","Frozen Eye","Red Mask","Lizard Tail","Vajra","Smiling Mask","Bronze Scales","Singing Bowl","Runic Cube","Du-Vu Doll","Medical Kit","Bag of Marbles","Oddly Smooth Stone","Old Coin","Potion Belt","Mark of the Bloom"],"acts_visited":["Exordium","TheCity","TheBeyond"],"potions_floor_usage":[5,6,16,22,22,22,22,27,33,33,44,50,50],"damage_taken":[{"damage":9,"enemies":"Small Slimes","floor":1,"turns":5},{"damage":4,"enemies":"Jaw Worm","floor":2,"turns":3},{"damage":0,"enemies":"2 Louse","floor":3,"turns":3},{"damage":0,"enemies":"Looter","floor":5,"turns":1},{"damage":8,"enemies":"Gremlin Nob","floor":6,"turns":3},{"damage":25,"enemies":"3 Sentries","floor":8,"turns":7},{"damage":24,"enemies":"Gremlin Nob","floor":10,"turns":4},{"damage":9,"enemies":"Blue Slaver","floor":11,"turns":2},{"damage":11,"enemies":"Exordium Wildlife","floor":12,"turns":3},{"damage":8,"enemies":"Lagavulin","floor":14,"turns":3},{"damage":19,"enemies":"Hexaghost","floor":16,"turns":8},{"damage":22,"enemies":"Chosen","floor":18,"turns":5},{"damage":0,"enemies":"Spheric Guardian","floor":19,"turns":3},{"damage":14,"enemies":"Shelled Parasite and Fungi","floor":21,"turns":4},{"damage":31,"enemies":"Masked Bandits","floor":22,"turns":6},{"damage":19,"enemies":"Gremlin Leader","floor":23,"turns":6},{"damage":3,"enemies":"Slavers","floor":27,"turns":6},{"damage":1,"enemies":"Centurion and Healer","floor":28,"turns":6},{"damage":18,"enemies":"Snake Plant","floor":29,"turns":3},{"damage":13,"enemies":"Cultist and Chosen","floor":31,"turns":8},{"damage":90,"enemies":"Collector","floor":33,"turns":10},{"damage":16,"enemies":"3 Shapes","floor":35,"turns":4},{"damage":8,"enemies":"Orb Walker","floor":36,"turns":4},{"damage":55,"enemies":"2 Orb Walkers","floor":37,"turns":5},{"damage":96,"enemies":"Reptomancer","floor":40,"turns":8},{"damage":81,"enemies":"Nemesis","floor":44,"turns":9},{"damage":9,"enemies":"Jaw Worm Horde","floor":46,"turns":4},{"damage":48,"enemies":"Awakened One","floor":50,"turns":14}],"seed_played":"8670587607453353006","potions_obtained":[{"floor":2,"key":"Fire Potion"},{"floor":3,"key":"Strength Potion"},{"floor":8,"key":"Ancient Potion"},{"floor":14,"key":"ColorlessPotion"},{"floor":16,"key":"ElixirPotion"},{"floor":22,"key":"EssenceOfSteel"},{"floor":28,"key":"EssenceOfSteel"},{"floor":37,"key":"Dexterity Potion"},{"floor":40,"key":"SneckoOil"},{"floor":44,"key":"Weak Potion"}],"is_trial":false,"path_per_floor":["M","M","M","?","M","E","R","E","T","?","M","M","R","E","R","B",null,"M","M","$","M","?","E","$","?","T","E","M","M","T","M","R","B",null,"M","M","?","$","?","E","?","R","T","E","R","M","T","?","R","B",null],"character_chosen":"IRONCLAD","items_purchased":["Frozen Eye","EntropicBrew","Vajra","Strength Potion","Fire Breathing","Spot Weakness","Medical Kit"],"campfire_rested":5,"item_purchase_floors":[20,20,24,24,38,38,38],"current_hp_per_floor":[72,74,80,77,82,80,80,61,61,43,40,35,35,33,57,56,76,60,66,66,58,57,62,62,56,56,59,74,62,62,65,84,62,79,69,67,38,38,38,36,38,63,63,23,49,60,60,60,60,12],"gold":414,"neow_bonus":"TEN_PERCENT_HP_BONUS","is_daily":false,"chose_seed":false,"campfire_upgraded":2,"win_rate":0.0,"timestamp":1611828006,"path_taken":["M","M","M","?","M","E","R","E","T","?","M","M","R","E","R","BOSS","M","M","$","M","?","E","$","?","T","E","M","M","?","M","R","BOSS","M","M","?","$","?","E","?","R","T","E","R","M","?","?","R","BOSS"],"items_purchased_type":["Relic","Potion","Relic","Potion","Card","Card","Relic"],"build_version":"2020-12-22","purchased_purges":0,"victory":true,"max_hp_per_floor":[82,82,82,82,82,82,82,82,82,82,82,82,82,82,82,82,82,82,82,82,82,82,82,82,82,82,82,82,82,82,84,84,84,84,84,84,84,84,84,84,86,86,86,88,88,90,90,90,90,90],"relic_stats":{"Mark of the Bloom":45,"Torii":68,"Singing Bowl":8,"counters":[28,147],"Juzu Bracelet":1,"Smiling Mask":0,"Medical Kit":[2],"Burning Blood":161,"Nunchaku":[24],"Lizard Tail":42,"Bronze Scales":[258],"obtain_stats":[{"Potion Belt":47,"Mark of the Bloom":48,"Torii":8,"Singing Bowl":30,"Vajra":24,"Oddly Smooth Stone":43,"Omamori":6,"Juzu Bracelet":10,"Smiling Mask":26,"Medical Kit":38,"Burning Blood":0,"Old Coin":44,"Du-Vu Doll":37,"Frozen Eye":20,"Nunchaku":4,"Lizard Tail":23,"HornCleat":9,"Bronze Scales":27,"Fusion Hammer":17,"Red Mask":22,"Bag of Marbles":40,"Meat on the Bone":14,"Runic Cube":34},{"Potion Belt":27,"Mark of the Bloom":27,"Torii":6,"Singing Bowl":19,"Vajra":16,"Oddly Smooth Stone":25,"Omamori":5,"Juzu Bracelet":7,"Smiling Mask":16,"Medical Kit":24,"Burning Blood":0,"Old Coin":26,"Du-Vu Doll":24,"Frozen Eye":13,"Nunchaku":3,"Lizard Tail":16,"HornCleat":6,"Bronze Scales":17,"Fusion Hammer":11,"Red Mask":15,"Bag of Marbles":25,"Meat on the Bone":10,"Runic Cube":21},{"Potion Belt":133,"Mark of the Bloom":133,"Torii":22,"Singing Bowl":81,"Vajra":66,"Oddly Smooth Stone":120,"Omamori":15,"Juzu Bracelet":26,"Smiling Mask":66,"Medical Kit":112,"Burning Blood":0,"Old Coin":129,"Du-Vu Doll":112,"Frozen Eye":50,"Nunchaku":11,"Lizard Tail":66,"HornCleat":22,"Bronze Scales":72,"Fusion Hammer":42,"Red Mask":60,"Bag of Marbles":120,"Meat on the Bone":34,"Runic Cube":99}],"Meat on the Bone":72,"Runic Cube":[36]},"card_choices":[{"not_picked":["Flex","Sentinel"],"picked":"Clothesline","floor":1},{"not_picked":["Wild Strike","Perfected Strike"],"picked":"Twin Strike","floor":2},{"not_picked":["Sword Boomerang","Warcry"],"picked":"Perfected Strike","floor":3},{"not_picked":["Thunderclap","Dropkick"],"picked":"Cleave","floor":5},{"not_picked":["Double Tap","Pummel"],"picked":"Spot Weakness","floor":6},{"not_picked":["Havoc","Spot Weakness"],"picked":"Feel No Pain","floor":8},{"not_picked":["Shrug It Off","Anger"],"picked":"Hemokinesis","floor":10},{"not_picked":["Dark Embrace","Shrug It Off"],"picked":"Inflame","floor":11},{"not_picked":["Rampage","Dark Embrace"],"picked":"Battle Trance","floor":12},{"not_picked":["Fire Breathing","Searing Blow"],"picked":"Rage","floor":14},{"not_picked":["Bludgeon","Exhume"],"picked":"Reaper","floor":16},{"not_picked":["Anger","Body Slam"],"picked":"Flex","floor":18},{"not_picked":["Havoc","True Grit"],"picked":"Wild Strike","floor":19},{"not_picked":["Burning Pact","Perfected Strike"],"picked":"Body Slam","floor":21},{"not_picked":["Clothesline","Impervious"],"picked":"Thunderclap","floor":22},{"not_picked":["Twin Strike","Power Through"],"picked":"Disarm","floor":23},{"not_picked":["Twin Strike","Armaments"],"picked":"Dual Wield","floor":27},{"not_picked":["Pummel","Feel No Pain"],"picked":"Pommel Strike","floor":28},{"not_picked":["Reckless Charge","Bludgeon"],"picked":"Ghostly Armor","floor":29},{"not_picked":["Sword Boomerang","Battle Trance","Clothesline"],"picked":"Singing Bowl","floor":31},{"not_picked":["Berserk","Feed"],"picked":"Juggernaut","floor":33},{"not_picked":["Dropkick","Warcry"],"picked":"Metallicize","floor":35},{"not_picked":["Thunderclap","Disarm"],"picked":"Rage+1","floor":36},{"not_picked":["Anger","Twin Strike"],"picked":"Thunderclap+1","floor":37},{"not_picked":["Clothesline+1","Pommel Strike"],"picked":"Flame Barrier","floor":40},{"not_picked":["Thinking Ahead","Purity","Mind Blast"],"picked":"Singing Bowl","floor":41},{"not_picked":["Sever Soul","Wild Strike","Sword Boomerang+1"],"picked":"Singing Bowl","floor":44},{"not_picked":["Havoc+1","Pommel Strike","Dual Wield"],"picked":"Singing Bowl","floor":46}],"player_experience":531646,"relics_obtained":[{"floor":6,"key":"Omamori"},{"floor":8,"key":"Torii"},{"floor":9,"key":"HornCleat"},{"floor":10,"key":"Juzu Bracelet"},{"floor":14,"key":"Meat on the Bone"},{"floor":22,"key":"Red Mask"},{"floor":23,"key":"Lizard Tail"},{"floor":26,"key":"Smiling Mask"},{"floor":27,"key":"Bronze Scales"},{"floor":30,"key":"Singing Bowl"},{"floor":37,"key":"Du-Vu Doll"},{"floor":40,"key":"Bag of Marbles"},{"floor":43,"key":"Oddly Smooth Stone"},{"floor":44,"key":"Old Coin"},{"floor":47,"key":"Potion Belt"}],"event_choices":[{"damage_healed":0,"gold_gain":0,"player_choice":"Success","damage_taken":3,"relics_obtained":["Nunchaku"],"max_hp_gain":0,"max_hp_loss":0,"event_name":"Scrap Ooze","floor":4,"gold_loss":0},{"damage_healed":0,"gold_gain":30,"player_choice":"Searched \u00272\u0027 times","damage_taken":0,"max_hp_gain":0,"max_hp_loss":0,"event_name":"Dead Adventurer","floor":10,"gold_loss":0},{"damage_healed":0,"gold_gain":0,"player_choice":"Fought Bandits","damage_taken":0,"max_hp_gain":0,"max_hp_loss":0,"event_name":"Masked Bandits","floor":22,"gold_loss":0},{"damage_healed":0,"gold_gain":0,"player_choice":"Joined the Cult","damage_taken":6,"max_hp_gain":0,"max_hp_loss":0,"event_name":"Nest","floor":25,"gold_loss":0,"cards_obtained":["RitualDagger"]},{"damage_healed":0,"gold_gain":0,"player_choice":"Fight","damage_taken":0,"max_hp_gain":0,"max_hp_loss":0,"event_name":"Mysterious Sphere","floor":37,"gold_loss":0},{"damage_healed":0,"gold_gain":0,"player_choice":"Ignored","damage_taken":0,"max_hp_gain":0,"max_hp_loss":0,"event_name":"Tomb of Lord Red Mask","floor":39,"gold_loss":0},{"damage_healed":0,"gold_gain":0,"player_choice":"Memory 1","damage_taken":0,"max_hp_gain":0,"max_hp_loss":0,"event_name":"SensoryStone","floor":41,"gold_loss":0},{"damage_healed":0,"gold_gain":0,"player_choice":"Upgrade","damage_taken":0,"relics_obtained":["Mark of the Bloom"],"max_hp_gain":0,"max_hp_loss":0,"event_name":"MindBloom","floor":48,"gold_loss":0,"cards_upgraded":["Strike_R","Strike_R","Strike_R","Strike_R","Strike_R","Defend_R","Defend_R","Defend_R","Defend_R","Clothesline","Twin Strike","Cleave","Spot Weakness","Feel No Pain","Hemokinesis","Inflame","Battle Trance","Rage","Reaper","Flex","Wild Strike","Body Slam","Thunderclap","Disarm","RitualDagger","Dual Wield","Pommel Strike","Ghostly Armor","Juggernaut","Metallicize","Fire Breathing","Spot Weakness","Flame Barrier"]}],"is_beta":false,"boss_relics":[{"not_picked":["Ectoplasm","SlaversCollar"],"picked":"Fusion Hammer"},{"not_picked":["Pandora\u0027s Box","Philosopher\u0027s Stone"],"picked":"Runic Cube"}],"items_purged_floors":[],"is_endless":false,"potions_floor_spawned":[2,3,8,14,16,19,22,28,29,37,40,44],"ascension_level":14}}