{"host":"mmro3auxcbu5pwad","time":1611853953,"event":{"mods":["Aspiration","BaseMod","Conspire","Energized Spire","Halation","Hubris","Infinite Spire","Minty Spire (QoL Compilation)","Permanent Neow","Replay The Spire","StSLib"],"gold_per_floor":[116,41,41,54,54,54,67,67,91,91,65,65,81,94,94,196,196,178,196,196,13,13,13,48,48,116,116,126,126,136,136,136,136,136],"floor_reached":33,"language":"ENG","playtime":814,"items_purged":["Eruption","LikeWater+1"],"score":278,"play_id":"478ce187-ffa8-48d0-965a-99cc7f012ccc","local_time":"20210128181233","is_ascension_mode":true,"campfire_choices":[{"data":"SashWhip","floor":6,"key":"SMITH"},{"data":"FollowUp","floor":8,"key":"SMITH"},{"data":"Consecrate","floor":12,"key":"SMITH"},{"data":"Vigilance","floor":15,"key":"SMITH"},{"data":"FollowUp","floor":23,"key":"SMITH"},{"data":"Consecrate","floor":25,"key":"SMITH"},{"floor":29,"key":"REST"},{"floor":32,"key":"REST"}],"circlet_count":0,"master_deck":["Strike_P","Defend_P","Defend_P","Defend_P","Defend_P","Vigilance+1","SashWhip+1","Replay:ManipulateFuture","FollowUp+1","Consecrate+1","Vault+1","TalkToTheHand+1","FollowUp+1","Consecrate+1","J.A.X.","The Bomb"],"relics":["PureWater","hubris:Towel","Anchor","Astrolabe","Oddly Smooth Stone","Mercury Hourglass","Frozen Egg 2"],"acts_visited":["Exordium","TheCity"],"potions_floor_usage":[16,24,24],"damage_taken":[{"damage":1,"enemies":"2 Louse","floor":1,"turns":4},{"damage":0,"enemies":"Cultist","floor":4,"turns":3},{"damage":5,"enemies":"Jaw Worm","floor":7,"turns":5},{"damage":0,"enemies":"Exordium Wildlife","floor":13,"turns":2},{"damage":0,"enemies":"Blue Slaver","floor":14,"turns":3},{"damage":51,"enemies":"The Guardian","floor":16,"turns":11},{"damage":0,"enemies":"2 Thieves","floor":18,"turns":5},{"damage":0,"enemies":"Chosen","floor":19,"turns":6},{"damage":20,"enemies":"Slavers","floor":24,"turns":3},{"damage":10,"enemies":"Centurion and Healer","floor":28,"turns":3},{"damage":26,"enemies":"Snake Plant","floor":30,"turns":4},{"damage":50,"enemies":"Collector","floor":33,"turns":8}],"seed_played":"6902076386762468791","potions_obtained":[{"floor":0,"key":"SmokeBomb"},{"floor":0,"key":"EssenceOfSteel"},{"floor":0,"key":"Reflective Coating"},{"floor":1,"key":"ColorlessPotion"},{"floor":16,"key":"Elixir"},{"floor":19,"key":"Energy Potion"}],"is_trial":false,"path_per_floor":["M","$","?","M","?","R","M","R","T","T","$","R","M","M","R","B",null,"M","M","?","$","?","R","E","R","T","?","M","R","M","AVR","R","B"],"character_chosen":"WATCHER","items_purchased":["Consecrate","The Bomb"],"campfire_rested":2,"item_purchase_floors":[11,21],"current_hp_per_floor":[71,71,71,71,71,71,66,66,66,66,66,66,66,66,66,15,72,72,72,72,72,72,72,52,52,52,39,29,52,26,26,49,0,0],"gold":136,"neow_bonus":"THREE_SMALL_POTIONS","is_daily":false,"chose_seed":false,"campfire_upgraded":6,"win_rate":0.0,"timestamp":1611853953,"path_taken":["M","$","?","?","?","R","M","R","T","?","?","R","M","M","R","BOSS","M","M","?","$","?","R","E","R","T","?","M","R","M","AVR","R","BOSS"],"items_purchased_type":["Card","Card"],"build_version":"2020-12-22","purchased_purges":2,"victory":false,"max_hp_per_floor":[72,72,72,72,72,72,72,72,72,72,72,72,72,72,72,72,72,72,72,72,72,72,72,72,72,72,77,77,77,77,77,77,77,77],"card_choices":[{"not_picked":["Replay:Cycle","Replay:AtTheReady"],"picked":"SashWhip","floor":1},{"not_picked":["Collect","Halt"],"picked":"Replay:ManipulateFuture","floor":4},{"not_picked":["Replay:Cycle","Protect"],"picked":"FollowUp","floor":7},{"not_picked":["CrushJoints","FearNoEvil","BowlingBash"],"picked":"SKIP","floor":13},{"not_picked":["Replay:Hum","FlyingSleeves","Prostrate"],"picked":"SKIP","floor":14},{"not_picked":["Evaluate+1","Replay:AtTheReady+1"],"picked":"FollowUp","floor":18},{"not_picked":["Wallop","Indignation"],"picked":"Consecrate","floor":19},{"not_picked":["ClearTheMind","FollowUp","BattleHymn+1"],"picked":"SKIP","floor":24},{"not_picked":["CutThroughFate","Halt","WreathOfFlame"],"picked":"SKIP","floor":28},{"not_picked":["FlurryOfBlows+1","BattleHymn","Tantrum+1"],"picked":"SKIP","floor":30}],"player_experience":77219,"relics_obtained":[{"floor":9,"key":"Anchor"},{"floor":24,"key":"Oddly Smooth Stone"},{"floor":26,"key":"Mercury Hourglass"}],"event_choices":[{"damage_healed":0,"gold_gain":0,"player_choice":"Got Potions","damage_taken":0,"max_hp_gain":0,"max_hp_loss":0,"event_name":"Lab","floor":3,"gold_loss":0},{"damage_healed":0,"gold_gain":0,"player_choice":"Obtain J.A.X.","damage_taken":0,"max_hp_gain":0,"max_hp_loss":0,"event_name":"Drug Dealer","floor":20,"gold_loss":0,"cards_obtained":["J.A.X."]},{"damage_healed":0,"gold_gain":0,"player_choice":"Leave","damage_taken":0,"max_hp_gain":0,"max_hp_loss":0,"event_name":"conspire:Investor","floor":22,"gold_loss":0},{"damage_healed":0,"gold_gain":0,"player_choice":"Shed Blood","damage_taken":18,"max_hp_gain":5,"max_hp_loss":0,"event_name":"Forgotten Altar","floor":27,"gold_loss":0}],"is_beta":false,"boss_relics":[{"not_picked":["Philosopher\u0027s Stone","hubris:Stopwatch"],"picked":"Astrolabe"}],"items_purged_floors":[2,31],"is_endless":false,"potions_floor_spawned":[1,4,16,19],"killed_by":"Collector","ascension_level":2}}