{"host":"u1dfzl6o6mfmauc3","time":1611809023,"event":{"mods":["2.2 Compatiblity","AchievementEnabler","BaseMod","Block Reminder","Challenge The Spire","Dark Map","Hermit","Minty Spire (QoL Compilation)","Relic Stats","Robot Space Explorer","StSLib","The Disciple"],"gold_per_floor":[114,133,208,208,227,257,257,257,311,322,336,364,25,42,42,140,140,151,151,168,182,97,97,123,141,141,141],"floor_reached":26,"language":"ENG","playtime":1688,"items_purged":["Strike_G"],"score":276,"play_id":"63215dbc-e315-4a6a-8b51-75780d53e1be","local_time":"20210127234343","is_ascension_mode":true,"campfire_choices":[{"floor":7,"key":"REST"},{"floor":15,"key":"REST"},{"data":"Catalyst","floor":23,"key":"SMITH"}],"circlet_count":0,"master_deck":["Strike_G","Strike_G","Strike_G","Strike_G","Defend_G+1","Defend_G","Defend_G","Defend_G","Defend_G+1","Survivor+1","Neutralize+1","Leg Sweep","Bouncing Flask","Backflip","Catalyst+1","Catalyst","Noxious Fumes","Blur","Dagger Throw","Die Die Die","Predator","Escape Plan","Backflip+1"],"relics":["Velvet Choker","War Paint","Regal Pillow","Potion Belt","Ninja Scroll","Omamori","Philosopher\u0027s Stone","Nilry\u0027s Codex","Toy Ornithopter","Molten Egg 2"],"acts_visited":["Exordium","TheCity"],"potions_floor_usage":[6,6,18,24,25],"damage_taken":[{"damage":0,"enemies":"Jaw Worm","floor":1,"turns":5},{"damage":0,"enemies":"Small Slimes","floor":2,"turns":6},{"damage":0,"enemies":"2 Louse","floor":5,"turns":3},{"damage":34,"enemies":"Gremlin Nob","floor":6,"turns":4},{"damage":0,"enemies":"Large Slime","floor":10,"turns":6},{"damage":0,"enemies":"2 Fungi Beasts","floor":11,"turns":4},{"damage":2,"enemies":"Lagavulin","floor":12,"turns":6},{"damage":0,"enemies":"Looter","floor":14,"turns":4},{"damage":28,"enemies":"Slime Boss","floor":16,"turns":9},{"damage":12,"enemies":"Shell Parasite","floor":18,"turns":4},{"damage":9,"enemies":"Chosen","floor":20,"turns":2},{"damage":0,"enemies":"Snake Plant","floor":21,"turns":4},{"damage":14,"enemies":"Gremlin Leader","floor":24,"turns":7},{"damage":20,"enemies":"Snecko","floor":25,"turns":4},{"damage":19,"enemies":"Centurion and Healer","floor":26,"turns":2}],"seed_played":"1284192216318419041","potions_obtained":[{"floor":1,"key":"FearPotion"},{"floor":5,"key":"CunningPotion"},{"floor":10,"key":"SpeedPotion"},{"floor":16,"key":"Poison Potion"},{"floor":24,"key":"Fruit Juice"},{"floor":25,"key":"CultistPotion"}],"is_trial":false,"path_per_floor":["M","M","?","?","M","E","R","?","T","M","M","E","$","M","R","B",null,"M","?","M","M","?","R","E","M","M"],"character_chosen":"THE_SILENT","items_purchased":["Noxious Fumes","Blur","Omamori"],"campfire_rested":2,"item_purchase_floors":[13,13,13],"current_hp_per_floor":[70,70,59,47,47,13,49,35,35,35,35,33,33,33,69,41,70,58,42,33,33,33,33,24,14,0,0],"gold":141,"neow_bonus":"BOSS_RELIC","is_daily":false,"chose_seed":false,"campfire_upgraded":1,"win_rate":0.0,"timestamp":1611809023,"path_taken":["M","M","?","?","M","E","R","?","T","M","M","E","$","M","R","BOSS","M","?","M","M","?","R","E","M","M"],"items_purchased_type":["Card","Card","Relic"],"build_version":"2020-12-22","purchased_purges":1,"victory":false,"max_hp_per_floor":[70,70,70,70,70,70,70,70,70,70,70,70,70,70,70,70,70,70,70,70,70,70,70,70,75,75,75],"relic_stats":{"Regal Pillow":30,"counters":[15,70],"War Paint":["Survivor","Defend_G"],"obtain_stats":[{"Potion Belt":9,"Regal Pillow":6,"Ninja Scroll":12,"Nilry\u0027s Codex":19,"Velvet Choker":0,"Philosopher\u0027s Stone":17,"Molten Egg 2":24,"Omamori":13,"War Paint":4,"Toy Ornithopter":22,"Ring of the Snake":0},{"Potion Belt":4,"Regal Pillow":4,"Ninja Scroll":7,"Nilry\u0027s Codex":10,"Velvet Choker":0,"Philosopher\u0027s Stone":9,"Molten Egg 2":13,"Omamori":7,"War Paint":2,"Toy Ornithopter":12,"Ring of the Snake":0},{"Potion Belt":18,"Regal Pillow":18,"Ninja Scroll":34,"Nilry\u0027s Codex":51,"Velvet Choker":0,"Philosopher\u0027s Stone":47,"Molten Egg 2":64,"Omamori":34,"War Paint":11,"Toy Ornithopter":57,"Ring of the Snake":0}],"Toy Ornithopter":10},"card_choices":[{"not_picked":["Blade Dance","Dagger Spray"],"picked":"Leg Sweep","floor":1},{"not_picked":["Outmaneuver","Sucker Punch"],"picked":"Bouncing Flask","floor":2},{"not_picked":["Acrobatics","Adrenaline"],"picked":"Backflip","floor":5},{"not_picked":["Quick Slash","Deadly Poison"],"picked":"Catalyst","floor":6},{"not_picked":["Flying Knee","Underhanded Strike","Tactician"],"picked":"SKIP","floor":10},{"not_picked":["Deflect","Bane"],"picked":"Catalyst","floor":11},{"not_picked":["Outmaneuver","Heel Hook","Acrobatics"],"picked":"SKIP","floor":12},{"not_picked":["Slice","Dagger Spray"],"picked":"Dagger Throw","floor":14},{"not_picked":["Adrenaline","After Image"],"picked":"Die Die Die","floor":16},{"not_picked":["Prepared","Slice","Cloak And Dagger"],"picked":"SKIP","floor":18},{"not_picked":["Outmaneuver","Slice+1"],"picked":"Predator","floor":20},{"not_picked":["Flying Knee","Slice"],"picked":"Escape Plan","floor":21},{"not_picked":["Doppelganger","Slice+1"],"picked":"Backflip+1","floor":24},{"not_picked":["Eviscerate+1","All Out Attack+1","Cloak And Dagger"],"picked":"SKIP","floor":25}],"player_experience":176905,"relics_obtained":[{"floor":6,"key":"Regal Pillow"},{"floor":9,"key":"Potion Belt"},{"floor":12,"key":"Ninja Scroll"},{"floor":19,"key":"Nilry\u0027s Codex"},{"floor":24,"key":"Molten Egg 2"}],"event_choices":[{"damage_healed":0,"gold_gain":75,"player_choice":"Gather Gold","damage_taken":11,"max_hp_gain":0,"max_hp_loss":0,"event_name":"World of Goop","floor":3,"gold_loss":0},{"damage_healed":0,"gold_gain":0,"player_choice":"Success","damage_taken":12,"relics_obtained":["War Paint"],"max_hp_gain":0,"max_hp_loss":0,"event_name":"Scrap Ooze","floor":4,"gold_loss":0},{"damage_healed":0,"gold_gain":0,"player_choice":"Entered Light","damage_taken":14,"max_hp_gain":0,"max_hp_loss":0,"event_name":"Shining Light","floor":8,"gold_loss":0,"cards_upgraded":["Neutralize","Defend_G"]},{"damage_healed":0,"gold_gain":0,"player_choice":"Obtained Book","damage_taken":16,"max_hp_gain":0,"max_hp_loss":0,"event_name":"Cursed Tome","floor":19,"gold_loss":0},{"damage_healed":0,"gold_gain":0,"player_choice":"Obtained Relic","damage_taken":0,"relics_obtained":["Toy Ornithopter"],"max_hp_gain":0,"max_hp_loss":0,"event_name":"Addict","floor":22,"gold_loss":85}],"is_beta":false,"boss_relics":[{"not_picked":["WristBlade","Snecko Eye"],"picked":"Philosopher\u0027s Stone"}],"items_purged_floors":[13],"is_endless":false,"potions_floor_spawned":[1,5,10,16,24,25],"killed_by":"Centurion and Healer","ascension_level":3}}