{"host":"w01zow3jg16g8jdh","time":1611849009,"event":{"mods":["AchievementEnabler","BaseMod","DeckTracker","Keyboard Shortcuts","Minty Spire (QoL Compilation)","Permanent Neow","StSLib","SuperFastMode"],"gold_per_floor":[18,33,49,49,49,49,60,77,77,102,102,102,136,151,151,151,151],"floor_reached":16,"language":"KOR","playtime":331,"items_purged":[],"score":224,"play_id":"edcae995-7265-4205-9bcb-47baf677d752","local_time":"20210129005009","is_ascension_mode":true,"campfire_choices":[{"data":"Neutralize","floor":6,"key":"SMITH"},{"data":"Acrobatics","floor":11,"key":"SMITH"},{"data":"Tactician","floor":15,"key":"SMITH"}],"circlet_count":0,"master_deck":["AscendersBane","Strike_G","Strike_G","Strike_G","Strike_G","Defend_G","Defend_G","Defend_G","Survivor","Neutralize+1","Deflect+1","Dagger Throw","Acrobatics+1","Infinite Blades","PiercingWail","Tactician+1","Terror"],"relics":["Ring of the Snake","Snake Skull","Anchor","Eternal Feather"],"acts_visited":["Exordium"],"potions_floor_usage":[10,13,13,14],"damage_taken":[{"damage":8,"enemies":"Jaw Worm","floor":1,"turns":8},{"damage":0,"enemies":"2 Louse","floor":2,"turns":4},{"damage":0,"enemies":"Small Slimes","floor":3,"turns":3},{"damage":0,"enemies":"Looter","floor":7,"turns":4},{"damage":0,"enemies":"2 Fungi Beasts","floor":8,"turns":5},{"damage":15,"enemies":"Lagavulin","floor":10,"turns":7},{"damage":10,"enemies":"3 Sentries","floor":13,"turns":6},{"damage":3,"enemies":"Large Slime","floor":14,"turns":5},{"damage":22,"enemies":"Hexaghost","floor":16,"turns":7}],"seed_played":"-8666058945884862429","potions_obtained":[{"floor":1,"key":"Explosive Potion"},{"floor":7,"key":"Poison Potion"},{"floor":10,"key":"AttackPotion"},{"floor":13,"key":"AttackPotion"}],"is_trial":false,"path_per_floor":["M","M","M","?","?","R","M","M","T","E","R","?","E","M","R","B"],"character_chosen":"THE_SILENT","items_purchased":[],"campfire_rested":0,"item_purchase_floors":[],"current_hp_per_floor":[51,51,51,56,56,56,56,56,56,41,41,41,31,28,37,15,15],"gold":151,"neow_bonus":"REMOVE_TWO","is_daily":false,"chose_seed":false,"campfire_upgraded":3,"win_rate":0.0,"timestamp":1611849009,"path_taken":["M","M","M","?","?","R","M","M","T","E","R","?","E","?","R","BOSS"],"items_purchased_type":[],"build_version":"2020-12-22","purchased_purges":0,"victory":false,"max_hp_per_floor":[66,66,66,71,71,71,71,71,71,71,71,71,71,71,71,71,71],"card_choices":[{"not_picked":["Choke","Sucker Punch"],"picked":"Deflect","floor":1},{"not_picked":["Escape Plan","Finisher"],"picked":"Dagger Throw","floor":2},{"not_picked":["Deflect","Leg Sweep"],"picked":"Acrobatics","floor":3},{"not_picked":["Poisoned Stab","Acrobatics","Quick Slash"],"picked":"SKIP","floor":7},{"not_picked":["Flying Knee","Poisoned Stab"],"picked":"Infinite Blades","floor":8},{"not_picked":["Heel Hook","Terror"],"picked":"PiercingWail","floor":10},{"not_picked":["Caltrops","Wraith Form v2"],"picked":"Tactician","floor":13},{"not_picked":["Finisher","Bane"],"picked":"Terror","floor":14}],"player_experience":328344,"relics_obtained":[{"floor":9,"key":"Snake Skull"},{"floor":10,"key":"Anchor"},{"floor":13,"key":"Eternal Feather"}],"event_choices":[{"damage_healed":0,"gold_gain":0,"player_choice":"Donut","damage_taken":0,"max_hp_gain":5,"max_hp_loss":0,"event_name":"Big Fish","floor":4,"gold_loss":0},{"cards_removed":["Defend_G"],"damage_healed":0,"gold_gain":0,"player_choice":"Forget","damage_taken":0,"max_hp_gain":0,"max_hp_loss":0,"event_name":"Living Wall","floor":5,"gold_loss":0},{"damage_healed":0,"gold_gain":0,"player_choice":"Upgraded","damage_taken":0,"max_hp_gain":0,"max_hp_loss":0,"event_name":"Upgrade Shrine","floor":12,"gold_loss":0,"cards_upgraded":["Deflect"]}],"is_beta":false,"boss_relics":[],"items_purged_floors":[],"is_endless":false,"potions_floor_spawned":[1,7,10,13],"killed_by":"Hexaghost","ascension_level":20}}