{"host":"nnt34ungdh9fkcmy","time":1611874814,"event":{"mods":["BaseMod","Downfall","Minty Spire (QoL Compilation)","StSLib","SuperFastMode"],"gold_per_floor":[99,109,128,128,128,128,128,161,161,177,327,327,356,356,370,370,370,370],"floor_reached":16,"language":"ENG","playtime":693,"items_purged":[],"score":124,"play_id":"a21003c3-0bff-40b4-86d3-4749a2e57bf5","local_time":"20210128160014","is_ascension_mode":true,"campfire_choices":[{"data":"Guardian:TwinSlam","floor":1,"key":"SMITH"},{"data":"Guardian:PiercingHide","floor":6,"key":"SMITH"},{"floor":12,"key":"RECALL"}],"circlet_count":0,"master_deck":["Guardian:Strike_Guardian","Guardian:Defend_Guardian","Guardian:Defend_Guardian+1","Guardian:Defend_Guardian","Guardian:Defend_Guardian","Guardian:CurlUp+1","Guardian:TwinSlam+1","Guardian:TemporalShield+1","Guardian:BaubleBeam+1","Guardian:VentSteam+1","Guardian:PiercingHide+1","Guardian:ChargeCore+1","downfall:Malfunctioning","downfall:Icky","Guardian:Gem_Cyan","Guardian:TwinSlam+1","Guardian:PrimingBeam"],"relics":["Astrolabe","Torii","The Courier","Regal Pillow","Potion Belt"],"acts_visited":["Exordium"],"potions_floor_usage":[13,16],"damage_taken":[{"damage":15,"enemies":"Small Slimes","floor":2,"turns":6},{"damage":0,"enemies":"2 Louse","floor":3,"turns":4},{"damage":21,"enemies":"Lagavulin","floor":8,"turns":11},{"damage":0,"enemies":"Cultist","floor":10,"turns":4},{"damage":16,"enemies":"Gremlin Nob","floor":13,"turns":5},{"damage":1,"enemies":"Exordium Thugs","floor":15,"turns":5},{"damage":69,"enemies":"IC_STATUS_ARCHETYPE","floor":16,"turns":13}],"seed_played":"-1001469554684069078","potions_obtained":[{"floor":2,"key":"SkillPotion"},{"floor":13,"key":"SkillPotion"}],"is_trial":false,"path_per_floor":["R","M","M","?","?","R","T","E","?","M","?","R","E","?","M","B"],"character_chosen":"GUARDIAN","items_purchased":[],"campfire_rested":0,"item_purchase_floors":[],"current_hp_per_floor":[80,65,65,62,80,80,80,59,59,59,59,59,43,43,42,0,0,0],"gold":370,"neow_bonus":"BOSS_RELIC","is_daily":false,"chose_seed":false,"campfire_upgraded":2,"win_rate":0.0,"timestamp":1611874814,"path_taken":["R","M","M","?","?","R","T","E","?","M","?","R","E","?","M","BOSS"],"items_purchased_type":[],"build_version":"2020-12-22","purchased_purges":0,"victory":false,"max_hp_per_floor":[80,80,80,80,80,80,80,80,80,80,80,80,80,80,80,80,80,80],"card_choices":[{"not_picked":["Guardian:TimeBomb","Guardian:Gem_Lightblue"],"picked":"Guardian:PiercingHide","floor":2},{"not_picked":["Guardian:Incinerate","Guardian:WalkerClaw"],"picked":"Guardian:ChargeCore","floor":3},{"not_picked":["Guardian:GatlingBeam","Guardian:SentryBeam"],"picked":"Guardian:Gem_Green","floor":8},{"not_picked":["Guardian:ChargeCore","Guardian:FuturePlans"],"picked":"Guardian:Gem_Crimson","floor":10},{"not_picked":["Guardian:Emergency","Guardian:MultiBeam"],"picked":"Guardian:Gem_Cyan","floor":13},{"not_picked":["Guardian:TemporalStrike","Guardian:PiercingHide"],"picked":"Guardian:PrimingBeam","floor":15}],"player_experience":273609,"relics_obtained":[{"floor":7,"key":"The Courier"},{"floor":8,"key":"Regal Pillow"},{"floor":13,"key":"Potion Belt"}],"event_choices":[{"damage_healed":0,"gold_gain":0,"player_choice":"Success","damage_taken":3,"relics_obtained":["Torii"],"max_hp_gain":0,"max_hp_loss":0,"event_name":"Scrap Ooze","floor":4,"gold_loss":0},{"damage_healed":26,"gold_gain":0,"player_choice":"Banana","damage_taken":0,"max_hp_gain":0,"max_hp_loss":0,"event_name":"Big Fish","floor":5,"gold_loss":0}],"is_beta":false,"boss_relics":[],"items_purged_floors":[],"is_endless":false,"potions_floor_spawned":[2,13],"killed_by":"IC_STATUS_ARCHETYPE","ascension_level":3}}