{"host":"4nk64u0og8aplzuu","time":1611804811,"event":{"mods":["BaseMod","Highlight Path","Minty Spire (QoL Compilation)"],"gold_per_floor":[118,118,118,130,145,177,187,187,187],"floor_reached":8,"language":"ENG","playtime":518,"items_purged":[],"score":73,"play_id":"f3f2c488-83d8-4a4b-a91a-c7c204994d52","local_time":"20210127203331","is_ascension_mode":true,"campfire_choices":[],"circlet_count":0,"master_deck":["Strike_R","Strike_R","Strike_R","Strike_R","Strike_R+1","Defend_R+1","Defend_R","Defend_R","Bash","Impatience","Rage","Carnage","Body Slam","Sword Boomerang","Intimidate"],"relics":["Burning Blood","Potion Belt"],"acts_visited":["Exordium"],"potions_floor_usage":[7],"damage_taken":[{"damage":15,"enemies":"2 Louse","floor":1,"turns":4},{"damage":0,"enemies":"Jaw Worm","floor":4,"turns":3},{"damage":0,"enemies":"Small Slimes","floor":5,"turns":3},{"damage":44,"enemies":"Gremlin Nob","floor":6,"turns":5},{"damage":11,"enemies":"Exordium Wildlife","floor":7,"turns":4},{"damage":41,"enemies":"Lagavulin","floor":8,"turns":5}],"seed_played":"1841353482614217609","potions_obtained":[{"floor":4,"key":"BlessingOfTheForge"},{"floor":5,"key":"Dexterity Potion"}],"is_trial":false,"path_per_floor":["M","?","?","M","M","E","M","E"],"character_chosen":"IRONCLAD","items_purchased":[],"campfire_rested":0,"item_purchase_floors":[],"current_hp_per_floor":[71,55,55,61,67,29,24,0,0],"gold":187,"neow_bonus":"RANDOM_COLORLESS","is_daily":false,"chose_seed":false,"campfire_upgraded":0,"win_rate":0.0,"timestamp":1611804811,"path_taken":["M","?","?","M","M","E","M","E"],"items_purchased_type":[],"build_version":"2020-12-22","purchased_purges":0,"victory":false,"max_hp_per_floor":[80,80,80,80,80,80,80,80,80],"card_choices":[{"not_picked":["Bandage Up","Deep Breath"],"picked":"Impatience","floor":0},{"not_picked":["Clothesline","Flex"],"picked":"Rage","floor":1},{"not_picked":["Havoc","Sword Boomerang"],"picked":"Carnage","floor":4},{"not_picked":["Heavy Blade","Battle Trance"],"picked":"Body Slam","floor":5},{"not_picked":["True Grit","Limit Break"],"picked":"Sword Boomerang","floor":6},{"not_picked":["Flame Barrier","Havoc"],"picked":"Intimidate","floor":7}],"player_experience":369993,"relics_obtained":[{"floor":6,"key":"Potion Belt"}],"event_choices":[{"damage_healed":0,"gold_gain":0,"player_choice":"Entered Light","damage_taken":16,"max_hp_gain":0,"max_hp_loss":0,"event_name":"Shining Light","floor":2,"gold_loss":0,"cards_upgraded":["Strike_R","Defend_R"]},{"cards_removed":["Defend_R"],"damage_healed":0,"gold_gain":0,"player_choice":"Forget","damage_taken":0,"max_hp_gain":0,"max_hp_loss":0,"event_name":"Living Wall","floor":3,"gold_loss":0}],"is_beta":false,"boss_relics":[],"items_purged_floors":[],"is_endless":false,"potions_floor_spawned":[4,5],"killed_by":"Lagavulin","ascension_level":5}}