{"host":"8yg5xi2a6w9qkgsw","time":1611873864,"event":{"mods":["AchievementEnabler","BaseMod","Block Reminder","Colored Powertips","Minty Spire (QoL Compilation)","MonsterHotkey","Random Character Button","Relic Stats"],"gold_per_floor":[113,133,153,153,153,153,188,174,254,254,61,80,100,100,100,198,198,211,211,15,15,34,68,68,100,150,150,181,198,113,124,124,229,229,239,256,37,90,90,90,105,137,214,239,239,265,292,104,104,104,104,104,4,31,31],"floor_reached":56,"language":"ENG","playtime":8819,"items_purged":["Strike_G","Strike_G+1"],"score":2004,"play_id":"ffc8be23-19b5-4a7c-b043-31953baf940f","local_time":"20210128234424","is_ascension_mode":true,"campfire_choices":[{"data":"Eviscerate","floor":6.0,"key":"SMITH"},{"floor":10.0,"key":"REST"},{"floor":15.0,"key":"REST"},{"floor":24.0,"key":"REST"},{"data":"Tactician","floor":27.0,"key":"SMITH"},{"floor":32.0,"key":"REST"},{"floor":40.0,"key":"DIG"},{"floor":45,"key":"DIG"},{"floor":49,"key":"RECALL"},{"floor":52,"key":"DIG"}],"circlet_count":0,"master_deck":["AscendersBane","Strike_G+1","Defend_G+1","Defend_G+1","Defend_G+1","Defend_G+1","Defend_G+1","Survivor+1","Neutralize+1","Eviscerate+1","Crippling Poison+1","Footwork+1","Doppelganger+1","Wraith Form v2+1","Dagger Spray+1","Calculated Gamble+1","Dodge and Roll+1","After Image+1","PiercingWail+1","Dagger Spray+1","Backflip+1","Terror+1","Tactician+1","Acrobatics+1","Concentrate+1","Phantasmal Killer+1","Dark Shackles"],"relics":["SacredBark","NlothsMask","StoneCalendar","TwistedFunnel","Runic Pyramid","OrangePellets","Orichalcum","Potion Belt","Vajra","Happy Flower","Shovel","Busted Crown","Medical Kit","WingedGreaves","Mark of the Bloom","Boot","CeramicFish","Darkstone Periapt","Centennial Puzzle","Kunai","War Paint","White Beast Statue","Pen Nib"],"acts_visited":["Exordium","TheCity","TheBeyond","TheEnding"],"potions_floor_usage":[44,55,55],"damage_taken":[{"damage":4.0,"enemies":"Small Slimes","floor":1.0,"turns":5.0},{"damage":2.0,"enemies":"Cultist","floor":2.0,"turns":4.0},{"damage":7.0,"enemies":"2 Louse","floor":3.0,"turns":3.0},{"damage":28.0,"enemies":"3 Sentries","floor":7.0,"turns":13.0},{"damage":18.0,"enemies":"Exordium Thugs","floor":8.0,"turns":6.0},{"damage":8.0,"enemies":"2 Fungi Beasts","floor":12.0,"turns":2.0},{"damage":3.0,"enemies":"3 Louse","floor":13.0,"turns":3.0},{"damage":24.0,"enemies":"Hexaghost","floor":16.0,"turns":12.0},{"damage":13.0,"enemies":"Shell Parasite","floor":18.0,"turns":5.0},{"damage":9.0,"enemies":"2 Thieves","floor":22.0,"turns":5.0},{"damage":7.0,"enemies":"Gremlin Leader","floor":23.0,"turns":7.0},{"damage":17.0,"enemies":"Book of Stabbing","floor":25.0,"turns":7.0},{"damage":7.0,"enemies":"Gremlin Leader","floor":28.0,"turns":7.0},{"damage":6.0,"enemies":"Cultist and Chosen","floor":29.0,"turns":7.0},{"damage":0.0,"enemies":"3 Cultists","floor":31.0,"turns":4.0},{"damage":15.0,"enemies":"Collector","floor":33.0,"turns":8.0},{"damage":0.0,"enemies":"3 Shapes","floor":35.0,"turns":4.0},{"damage":0.0,"enemies":"3 Darklings","floor":36.0,"turns":5.0},{"damage":13.0,"enemies":"2 Orb Walkers","floor":38.0,"turns":7.0},{"damage":0.0,"enemies":"4 Shapes","floor":41.0,"turns":5.0},{"damage":4.0,"enemies":"Reptomancer","floor":42.0,"turns":4.0},{"damage":0,"enemies":"Nemesis","floor":44,"turns":7},{"damage":0,"enemies":"Reptomancer","floor":46,"turns":4},{"damage":0,"enemies":"Giant Head","floor":47,"turns":6},{"damage":7,"enemies":"Time Eater","floor":50,"turns":7},{"damage":0,"enemies":"Shield and Spear","floor":54,"turns":7},{"damage":8,"enemies":"The Heart","floor":55,"turns":9}],"seed_played":"8310378937191831182","potions_obtained":[{"floor":1.0,"key":"Energy Potion"},{"floor":3.0,"key":"PowerPotion"},{"floor":12.0,"key":"CunningPotion"},{"floor":13.0,"key":"SkillPotion"},{"floor":16.0,"key":"LiquidBronze"},{"floor":25.0,"key":"GamblersBrew"},{"floor":28.0,"key":"LiquidBronze"},{"floor":29.0,"key":"EntropicBrew"},{"floor":35.0,"key":"SpeedPotion"},{"floor":46,"key":"Swift Potion"}],"is_trial":false,"path_per_floor":["M","M","M","?","?","R","E","M","T","R","$","M","M","?","R","B",null,"M","?","$","?","M","E","R","E","T","R","E","M","?","M","R","B",null,"M","M","$","?","?","R","M","E","T","E","R","E","E","$","R","B",null,"R","$","E","B",null],"character_chosen":"THE_SILENT","items_purchased":["TwistedFunnel","AttackPotion","OrangePellets","Strength Potion","Medical Kit","Dark Shackles","SpeedPotion","Strength Potion"],"campfire_rested":4,"item_purchase_floors":[11,11,20,20,37,48,53,53],"current_hp_per_floor":[59,57,50,50,50,50,22,4,4,25,25,17,14,14,35,11,55,42,42,42,42,33,26,47,30,30,30,23,17,17,17,38,23,58,58,58,58,45,45,45,45,41,41,41,41,41,41,41,41,34,34,34,34,34,26],"gold":31,"neow_bonus":"BOSS_RELIC","is_daily":false,"chose_seed":false,"campfire_upgraded":2,"win_rate":0.0,"timestamp":1611873864,"path_taken":["M","M","M","?","?","R","E","M","T","R","$","M","?","?","R","BOSS","M","?","?","?","M","E","R","E","T","R","E","M","?","M","R","BOSS","M","M","$","?","?","R","M","E","T","E","R","E","E","$","R","BOSS","R","$","E","BOSS"],"items_purchased_type":["Relic","Potion","Relic","Potion","Relic","Card","Potion","Potion"],"build_version":"2020-12-22","purchased_purges":2,"victory":true,"max_hp_per_floor":[70,70,70,70,70,70,70,70,70,70,70,70,70,70,70,70,70,70,70,70,70,70,70,70,70,70,70,70,70,70,70,70,70,70,70,70,70,70,70,70,70,70,70,70,70,70,70,70,70,70,70,70,70,70,70],"relic_stats":{"Darkstone Periapt":0,"Mark of the Bloom":27,"Happy Flower":[28],"counters":[27,163],"CeramicFish":9,"StoneCalendar":[298],"Pen Nib":[1],"Orichalcum":[42],"War Paint":[],"Medical Kit":[26],"Boot":[12],"OrangePellets":[12],"Centennial Puzzle":[6],"Shovel":3,"Busted Crown":18,"Kunai":[14],"obtain_stats":[{"TwistedFunnel":11,"Potion Belt":25,"Darkstone Periapt":44,"Mark of the Bloom":39,"Happy Flower":28,"SacredBark":0,"CeramicFish":42,"Vajra":26,"StoneCalendar":7,"Pen Nib":54,"Orichalcum":23,"War Paint":47,"Medical Kit":37,"Boot":40,"White Beast Statue":52,"OrangePellets":20,"Centennial Puzzle":45,"Shovel":30,"Busted Crown":34,"WingedGreaves":38,"Kunai":46,"Ring of the Snake":0,"NlothsMask":5,"Runic Pyramid":17},{"TwistedFunnel":5,"Potion Belt":12,"Darkstone Periapt":22,"Mark of the Bloom":19,"Happy Flower":13,"SacredBark":0,"CeramicFish":21,"Vajra":12,"StoneCalendar":4,"Pen Nib":26,"Orichalcum":11,"War Paint":24,"Medical Kit":18,"Boot":19,"White Beast Statue":25,"OrangePellets":9,"Centennial Puzzle":22,"Shovel":14,"Busted Crown":16,"WingedGreaves":19,"Kunai":23,"Ring of the Snake":0,"NlothsMask":3,"Runic Pyramid":8},{"TwistedFunnel":31,"Potion Belt":72,"Darkstone Periapt":130,"Mark of the Bloom":114,"Happy Flower":79,"SacredBark":0,"CeramicFish":123,"Vajra":72,"StoneCalendar":25,"Pen Nib":154,"Orichalcum":65,"War Paint":140,"Medical Kit":107,"Boot":114,"White Beast Statue":147,"OrangePellets":53,"Centennial Puzzle":130,"Shovel":86,"Busted Crown":98,"WingedGreaves":114,"Kunai":134,"Ring of the Snake":0,"NlothsMask":12,"Runic Pyramid":48}]},"card_choices":[{"not_picked":["Underhanded Strike","Choke"],"picked":"Eviscerate","floor":1.0},{"not_picked":["Sucker Punch","Deflect"],"picked":"Crippling Poison","floor":2.0},{"not_picked":["Calculated Gamble","Bane"],"picked":"Footwork","floor":3.0},{"not_picked":["Outmaneuver","Deflect"],"picked":"Wraith Form v2","floor":7.0},{"not_picked":["Quick Slash","Outmaneuver"],"picked":"Dagger Spray","floor":8.0},{"not_picked":["Dagger Spray","Quick Slash"],"picked":"Calculated Gamble","floor":12.0},{"not_picked":["Slice","Sucker Punch"],"picked":"Dodge and Roll","floor":13.0},{"not_picked":["Storm of Steel","A Thousand Cuts"],"picked":"After Image","floor":16.0},{"not_picked":["Dodge and Roll","Footwork"],"picked":"PiercingWail+1","floor":18.0},{"not_picked":["Outmaneuver","Quick Slash"],"picked":"Backflip","floor":22.0},{"not_picked":["Quick Slash","Underhanded Strike"],"picked":"Terror","floor":23.0},{"not_picked":["Reflex","Blade Dance"],"picked":"Tactician","floor":25.0},{"not_picked":["Heel Hook","Expertise"],"picked":"Acrobatics","floor":28.0},{"not_picked":["Die Die Die","Backflip"],"picked":"Concentrate","floor":29.0},{"not_picked":["Flechettes","Flying Knee","Eviscerate"],"picked":"SKIP","floor":31.0},{"not_picked":["Storm of Steel","Glass Knife"],"picked":"Phantasmal Killer","floor":33.0},{"not_picked":["Blade Dance"],"picked":"SKIP","floor":35.0},{"not_picked":["Well Laid Plans"],"picked":"SKIP","floor":36.0},{"not_picked":["Bane"],"picked":"SKIP","floor":41.0},{"not_picked":["Dagger Throw"],"picked":"SKIP","floor":42.0},{"not_picked":["Blade Dance"],"picked":"SKIP","floor":44},{"not_picked":["Cloak And Dagger"],"picked":"SKIP","floor":46},{"not_picked":["Dagger Spray"],"picked":"SKIP","floor":47},{"not_picked":["Masterful Stab"],"picked":"SKIP","floor":54}],"player_experience":1472766,"relics_obtained":[{"floor":7.0,"key":"StoneCalendar"},{"floor":23.0,"key":"Orichalcum"},{"floor":25.0,"key":"Potion Belt"},{"floor":26.0,"key":"Vajra"},{"floor":28.0,"key":"Happy Flower"},{"floor":38.0,"key":"WingedGreaves"},{"floor":40.0,"key":"Boot"},{"floor":42.0,"key":"CeramicFish"},{"floor":44,"key":"Darkstone Periapt"},{"floor":45,"key":"Centennial Puzzle"},{"floor":46,"key":"Kunai"},{"floor":47,"key":"War Paint"},{"floor":52,"key":"White Beast Statue"},{"floor":54,"key":"Pen Nib"}],"event_choices":[{"damage_healed":0.0,"max_hp_gain":0.0,"max_hp_loss":0.0,"gold_gain":0.0,"cards_transformed":["Strike_G"],"event_name":"Living Wall","player_choice":"Change","floor":4.0,"gold_loss":0.0,"damage_taken":0.0,"cards_obtained":["Doppelganger"]},{"damage_healed":0.0,"max_hp_gain":0.0,"max_hp_loss":0.0,"gold_gain":0.0,"event_name":"FaceTrader","player_choice":"Trade","floor":5.0,"gold_loss":0.0,"damage_taken":0.0,"relics_obtained":["NlothsMask"]},{"damage_healed":0.0,"max_hp_gain":0.0,"max_hp_loss":0.0,"gold_gain":0.0,"event_name":"Shining Light","player_choice":"Ignored","floor":14.0,"gold_loss":0.0,"damage_taken":0.0},{"damage_healed":0.0,"max_hp_gain":0.0,"max_hp_loss":0.0,"gold_gain":0.0,"cards_transformed":["Strike_G"],"event_name":"Transmorgrifier","player_choice":"Transformed","floor":19.0,"gold_loss":0.0,"damage_taken":0.0,"cards_obtained":["Dagger Spray"]},{"damage_healed":0.0,"max_hp_gain":0.0,"max_hp_loss":0.0,"gold_gain":0.0,"event_name":"The Mausoleum","player_choice":"Ignored","floor":21.0,"gold_loss":0.0,"damage_taken":0.0},{"damage_healed":0.0,"max_hp_gain":0.0,"max_hp_loss":0.0,"gold_gain":0.0,"event_name":"Addict","player_choice":"Obtained Relic","floor":30.0,"gold_loss":85.0,"damage_taken":0.0,"relics_obtained":["Shovel"]},{"damage_healed":0.0,"max_hp_gain":0.0,"max_hp_loss":0.0,"gold_gain":0.0,"event_name":"Mysterious Sphere","player_choice":"Fight","floor":38.0,"gold_loss":0.0,"damage_taken":0.0},{"damage_healed":0.0,"max_hp_gain":0.0,"max_hp_loss":0.0,"gold_gain":0.0,"event_name":"MindBloom","player_choice":"Upgrade","floor":39.0,"gold_loss":0.0,"damage_taken":0.0,"cards_upgraded":["Strike_G","Strike_G","Defend_G","Defend_G","Defend_G","Defend_G","Defend_G","Survivor","Neutralize","Crippling Poison","Footwork","Doppelganger","Wraith Form v2","Dagger Spray","Calculated Gamble","Dodge and Roll","After Image","Dagger Spray","Backflip","Terror","Acrobatics","Concentrate","Phantasmal Killer"],"relics_obtained":["Mark of the Bloom"]}],"is_beta":false,"boss_relics":[{"not_picked":["Runic Dome","Astrolabe"],"picked":"Runic Pyramid"},{"not_picked":["Black Star","SlaversCollar"],"picked":"Busted Crown"}],"items_purged_floors":[37,48],"is_endless":false,"potions_floor_spawned":[1,3,12,13,16,25,28,29,35,46,54],"ascension_level":12}}