{"host":"p090fjik2phvjstn","time":1611799524,"event":{"mods":["AchievementEnabler","BaseMod","Block Reminder","Colored Powertips","Minty Spire (QoL Compilation)","Quick Restart","Synergy Search"],"gold_per_floor":[118,118,137,154,169,169,202,212,294,294,308,335,345,356,356,453,453,468,468,21,41,54,83,83,173,173,186,212,231,242,80,80,185,185,197,208,14,0,0,25,25,25,49,49,99,132,132,145,145,145],"floor_reached":51,"language":"ENG","playtime":3327,"items_purged":["Strike_G","Strike_G"],"score":1212,"play_id":"fc2f1d56-1fbc-4bb5-9c8d-c16de0caf704","local_time":"20210128020524","is_ascension_mode":true,"campfire_choices":[{"data":"Neutralize","floor":6.0,"key":"SMITH"},{"floor":10.0,"key":"REST"},{"floor":15.0,"key":"REST"},{"data":"Wraith Form v2","floor":24.0,"key":"SMITH"},{"data":"Accuracy","floor":32,"key":"SMITH"},{"data":"After Image","floor":42,"key":"SMITH"},{"data":"Envenom","floor":44,"key":"SMITH"},{"data":"After Image","floor":47,"key":"SMITH"},{"data":"Choke","floor":49,"key":"SMITH"}],"circlet_count":0,"master_deck":["Strike_G","Strike_G","Strike_G","Defend_G","Defend_G","Defend_G","Defend_G","Defend_G","Survivor","Neutralize+1","Cloak And Dagger","Prepared","Choke+1","Wraith Form v2+1","Blade Dance","Dodge and Roll","Dagger Throw","Blade Dance","After Image+1","Blade Dance","Acrobatics","Infinite Blades","Dagger Spray","Blade Dance","Predator+1","Infinite Blades+1","Backstab","Blade Dance","Accuracy+1","Blur","Envenom+1","Footwork","Acrobatics","Flechettes+1","After Image+1"],"relics":["Ring of the Snake","Tough Bandages","Ancient Tea Set","HornCleat","Incense Burner","Coffee Dripper","White Beast Statue","Bottled Lightning","TungstenRod","Ornamental Fan","Omamori","HoveringKite","Red Mask","Torii","InkBottle","Orichalcum","Ginger","Shuriken"],"acts_visited":["Exordium","TheCity","TheBeyond"],"potions_floor_usage":[28,33,35,45,50,50,50],"damage_taken":[{"damage":0.0,"enemies":"Cultist","floor":1.0,"turns":4.0},{"damage":0.0,"enemies":"Small Slimes","floor":3.0,"turns":6.0},{"damage":0.0,"enemies":"Jaw Worm","floor":4.0,"turns":5.0},{"damage":14.0,"enemies":"Exordium Wildlife","floor":5.0,"turns":7.0},{"damage":23.0,"enemies":"3 Sentries","floor":7.0,"turns":11.0},{"damage":4.0,"enemies":"2 Fungi Beasts","floor":8.0,"turns":4.0},{"damage":12.0,"enemies":"Large Slime","floor":11.0,"turns":7.0},{"damage":25.0,"enemies":"Gremlin Nob","floor":12.0,"turns":5.0},{"damage":8.0,"enemies":"3 Louse","floor":13.0,"turns":5.0},{"damage":0.0,"enemies":"2 Fungi Beasts","floor":14.0,"turns":3.0},{"damage":4.0,"enemies":"Hexaghost","floor":16.0,"turns":13.0},{"damage":1.0,"enemies":"Chosen","floor":18.0,"turns":5.0},{"damage":0.0,"enemies":"3 Byrds","floor":21.0,"turns":5.0},{"damage":0.0,"enemies":"Centurion and Healer","floor":22.0,"turns":7.0},{"damage":0.0,"enemies":"Gremlin Leader","floor":23.0,"turns":9.0},{"damage":0.0,"enemies":"Snake Plant","floor":27.0,"turns":5.0},{"damage":2,"enemies":"Book of Stabbing","floor":28,"turns":6},{"damage":0,"enemies":"Snecko","floor":29,"turns":5},{"damage":0,"enemies":"3 Cultists","floor":30,"turns":5},{"damage":13,"enemies":"Automaton","floor":33,"turns":9},{"damage":0,"enemies":"3 Darklings","floor":35,"turns":5},{"damage":0,"enemies":"Orb Walker","floor":36,"turns":3},{"damage":0,"enemies":"Reptomancer","floor":40,"turns":6},{"damage":0,"enemies":"Mind Bloom Boss Battle","floor":45,"turns":6},{"damage":0,"enemies":"Nemesis","floor":46,"turns":7},{"damage":0,"enemies":"Maw","floor":48,"turns":5},{"damage":56,"enemies":"Time Eater","floor":50,"turns":11}],"seed_played":"2607385768264499221","potions_obtained":[{"floor":1.0,"key":"SmokeBomb"},{"floor":4.0,"key":"DuplicationPotion"},{"floor":11.0,"key":"DistilledChaos"},{"floor":13.0,"key":"Poison Potion"},{"floor":14.0,"key":"SpeedPotion"},{"floor":21.0,"key":"EntropicBrew"},{"floor":22.0,"key":"FearPotion"},{"floor":23.0,"key":"EssenceOfSteel"},{"floor":27.0,"key":"Dexterity Potion"},{"floor":28,"key":"Strength Potion"},{"floor":33,"key":"CunningPotion"},{"floor":35,"key":"PowerPotion"},{"floor":36,"key":"FearPotion"},{"floor":45,"key":"AttackPotion"}],"is_trial":false,"path_per_floor":["M","T","M","M","M","R","E","M","T","R","M","E","M","M","R","B",null,"M","?","$","M","M","E","R","?","T","M","E","M","M","$","R","B",null,"M","M","$","?","T","E","?","R","T","R","?","E","R","M","R","B",null],"character_chosen":"THE_SILENT","items_purchased":["Bottled Lightning","Acrobatics","Infinite Blades","Dagger Spray","Accuracy","Blur","Footwork","Acrobatics"],"campfire_rested":2,"item_purchase_floors":[20,20,20,20,31,31,37,37],"current_hp_per_floor":[70,70,70,70,56,56,33,29,29,52,40,15,7,7,30,26,64,63,63,63,63,63,63,63,53,53,53,51,51,51,51,51,38,67,67,67,67,67,67,67,67,67,67,67,67,67,67,67,67,11],"gold":145,"neow_bonus":"TEN_PERCENT_HP_BONUS","is_daily":false,"chose_seed":false,"campfire_upgraded":7,"win_rate":0.0,"timestamp":1611799524,"path_taken":["M","?","M","M","M","R","E","M","T","R","M","E","M","M","R","BOSS","M","?","$","M","M","E","R","?","T","M","E","M","M","$","R","BOSS","M","?","$","?","?","E","?","R","T","R","?","E","R","M","R","BOSS"],"items_purchased_type":["Relic","Card","Card","Card","Card","Card","Card","Card"],"build_version":"2020-12-22","purchased_purges":2,"victory":true,"max_hp_per_floor":[77,77,77,77,77,77,77,77,77,77,77,77,77,77,77,77,77,77,77,77,77,77,77,77,77,77,77,77,77,77,77,77,77,77,77,77,77,77,77,77,77,77,77,77,77,77,77,77,77,77],"card_choices":[{"not_picked":["Setup","Deflect"],"picked":"Cloak And Dagger","floor":1.0},{"not_picked":["Dagger Spray","Acrobatics"],"picked":"Prepared","floor":3.0},{"not_picked":["Prepared","Acrobatics","Bane"],"picked":"SKIP","floor":4.0},{"not_picked":["Sucker Punch","Heel Hook"],"picked":"Choke","floor":5.0},{"not_picked":["Bouncing Flask","Prepared"],"picked":"Wraith Form v2","floor":7.0},{"not_picked":["PiercingWail","Flying Knee","Bane"],"picked":"SKIP","floor":8.0},{"not_picked":["Catalyst","Deadly Poison"],"picked":"Blade Dance","floor":11.0},{"not_picked":["Masterful Stab","Deadly Poison"],"picked":"Dodge and Roll","floor":12.0},{"not_picked":["Quick Slash","Expertise"],"picked":"Dagger Throw","floor":13.0},{"not_picked":["PiercingWail","Bane"],"picked":"Blade Dance","floor":14.0},{"not_picked":["Storm of Steel","Tools of the Trade"],"picked":"After Image","floor":16.0},{"not_picked":["Flechettes","Deflect+1"],"picked":"Blade Dance","floor":18.0},{"not_picked":["Bane","Deflect"],"picked":"Blade Dance","floor":21.0},{"not_picked":["Slice","Outmaneuver+1"],"picked":"Predator+1","floor":22.0},{"not_picked":["Deflect","Dagger Throw"],"picked":"Infinite Blades+1","floor":23.0},{"not_picked":["Distraction","Sucker Punch","Bullet Time"],"picked":"SKIP","floor":27.0},{"not_picked":["Bouncing Flask","Cloak And Dagger","Setup+1"],"picked":"SKIP","floor":28},{"not_picked":["PiercingWail+1","Acrobatics"],"picked":"Backstab","floor":29},{"not_picked":["Dagger Spray+1","Outmaneuver"],"picked":"Blade Dance","floor":30},{"not_picked":["After Image","Corpse Explosion"],"picked":"Envenom","floor":33},{"not_picked":["Sucker Punch","Deadly Poison"],"picked":"Prepared+1","floor":35},{"not_picked":["Bane+1","Deflect","Glass Knife"],"picked":"SKIP","floor":36},{"not_picked":["Riddle With Holes","Blade Dance+1","Predator+1"],"picked":"SKIP","floor":40},{"not_picked":["Flying Knee","Cloak And Dagger+1"],"picked":"Flechettes+1","floor":45},{"not_picked":["Escape Plan","Riddle With Holes+1"],"picked":"After Image","floor":46},{"not_picked":["Blade Dance","Dagger Throw+1","Poisoned Stab"],"picked":"SKIP","floor":48}],"player_experience":536904,"relics_obtained":[{"floor":2.0,"key":"Tough Bandages"},{"floor":7.0,"key":"Ancient Tea Set"},{"floor":9.0,"key":"HornCleat"},{"floor":12.0,"key":"Incense Burner"},{"floor":23.0,"key":"TungstenRod"},{"floor":26.0,"key":"Ornamental Fan"},{"floor":28,"key":"Omamori"},{"floor":39,"key":"Torii"},{"floor":40,"key":"InkBottle"},{"floor":43,"key":"Orichalcum"},{"floor":45,"key":"Ginger"},{"floor":46,"key":"Shuriken"}],"event_choices":[{"damage_healed":0.0,"max_hp_gain":0.0,"max_hp_loss":0.0,"gold_gain":0.0,"event_name":"The Mausoleum","player_choice":"Opened","floor":19.0,"gold_loss":0.0,"damage_taken":0.0,"relics_obtained":["White Beast Statue"]},{"damage_healed":0.0,"max_hp_gain":0.0,"max_hp_loss":0.0,"gold_gain":90.0,"event_name":"Knowing Skull","player_choice":"GOLD ","floor":25.0,"potions_obtained":[],"gold_loss":0.0,"damage_taken":12.0,"cards_obtained":[]},{"damage_healed":0,"gold_gain":0,"player_choice":"Paid","damage_taken":0,"relics_obtained":["Red Mask"],"max_hp_gain":0,"max_hp_loss":0,"event_name":"Tomb of Lord Red Mask","floor":38,"gold_loss":14},{"cards_removed":["Prepared"],"damage_healed":0,"gold_gain":0,"player_choice":"Removed Skill","damage_taken":0,"max_hp_gain":0,"max_hp_loss":0,"event_name":"Falling","floor":41,"gold_loss":0},{"damage_healed":0,"gold_gain":0,"player_choice":"Fight","damage_taken":0,"max_hp_gain":0,"max_hp_loss":0,"event_name":"MindBloom","floor":45,"gold_loss":0}],"is_beta":false,"boss_relics":[{"not_picked":["Velvet Choker","Runic Pyramid"],"picked":"Coffee Dripper"},{"not_picked":["Runic Dome","Empty Cage"],"picked":"HoveringKite"}],"items_purged_floors":[20,37],"is_endless":false,"potions_floor_spawned":[1,4,11,13,14,21,22,23,27,28,29,30,33,35,36,40,45,46,48],"ascension_level":9}}