{"host":"g5k24uqcth2ihc11","time":1611812820,"event":{"mods":["Arknights The Spire","BaseMod","Downfall","Jorbs\u0027s Wanderer Trilogy","Marisa????????","Minty Spire (QoL Compilation)","Robot Space Explorer","StSLib","The Cursed","The Dragon Tamer","The Marked","The Servant 0.9.4"],"gold_per_floor":[112,127,147,147,166,166,166,196,196,208,208,208,208,13,13,108,108,119,138,138,138,138,138,138,138,138,138,60,70,70,84,84,189,189,204,0,0,12,26,26,26,26,53,53,53,53,53,81,81,81],"floor_reached":51,"language":"ENG","playtime":4714,"items_purged":[],"score":694,"play_id":"00a18b1a-f33c-47bd-9f73-1675a4dc0373","local_time":"20210127214700","daily_mods":["SealedDeck","Flight"],"is_ascension_mode":false,"campfire_choices":[{"data":"theMarked:EmpowerWeapon","floor":6,"key":"SMITH"},{"data":"theMarked:RogueSparks","floor":7,"key":"SMITH"},{"data":"theMarked:Overcharge","floor":11,"key":"SMITH"},{"data":"theMarked:CreepingChasm","floor":12,"key":"SMITH"},{"floor":15,"key":"REST"},{"data":"theMarked:AttractMetal","floor":23,"key":"SMITH"},{"data":"theMarked:HeightenedSenses","floor":24,"key":"SMITH"},{"data":"theMarked:WardOff","floor":25,"key":"SMITH"},{"data":"theMarked:BanishingStrike","floor":27,"key":"SMITH"},{"data":"theMarked:TheMission","floor":32,"key":"SMITH"},{"data":"theMarked:Heritage","floor":40,"key":"SMITH"},{"data":"theMarked:Static","floor":41,"key":"SMITH"},{"data":"theMarked:BanishingStrike","floor":42,"key":"SMITH"},{"data":"theMarked:TurnInvisible","floor":44,"key":"SMITH"},{"data":"theMarked:Vacuum","floor":49,"key":"SMITH"}],"circlet_count":0,"master_deck":["theMarked:TheMission+1","theMarked:EmpowerWeapon+1","theMarked:EnhanceMovement","theMarked:HeightenedSenses+1","theMarked:BanishingStrike+1","theMarked:CreepingChasm+1","theMarked:ChainLightning","theMarked:AttractMetal+1","theMarked:Overthink","theMarked:Overcharge+1","theMarked:Heritage+1","theMarked:RogueSparks+1","theMarked:WardOff+1","theMarked:WastefulAttack","theMarked:Static+1","theMarked:TurnInvisible+1","theMarked:Opportunist","theMarked:TurnInvisible","theMarked:EternalStudent","theMarked:BanishingStrike+1","Wraith","theMarked:Vacuum+1"],"relics":["theMarked:ArtifactOfAir","Mercury Hourglass","Blue Candle","theMarked:Winder","expansioncontent:StudyCardRelic","Enchiridion","Guardian:PocketSentry","Pear","theMarked:SpiritSword","Red Mask","Torii","Bronze Scales","Pantograph"],"acts_visited":["Exordium","TheCity","TheBeyond"],"potions_floor_usage":[8,38,39,50,50,50],"damage_taken":[{"damage":0,"enemies":"Cultist","floor":1,"turns":2},{"damage":3,"enemies":"2 Louse","floor":2,"turns":2},{"damage":0,"enemies":"Small Slimes","floor":3,"turns":2},{"damage":9,"enemies":"2 Fungi Beasts","floor":5,"turns":2},{"damage":18,"enemies":"Gremlin Nob","floor":8,"turns":5},{"damage":7,"enemies":"Blue Slaver","floor":10,"turns":3},{"damage":0,"enemies":"Slime Boss","floor":16,"turns":5},{"damage":13,"enemies":"Shell Parasite","floor":18,"turns":4},{"damage":0,"enemies":"Spheric Guardian","floor":19,"turns":3},{"damage":0,"enemies":"Cultist and Chosen","floor":29,"turns":4},{"damage":0,"enemies":"Snake Plant","floor":31,"turns":4},{"damage":15,"enemies":"Collector","floor":33,"turns":5},{"damage":10,"enemies":"3 Shapes","floor":35,"turns":5},{"damage":0,"enemies":"3 Darklings","floor":38,"turns":3},{"damage":0,"enemies":"Jaw Worm Horde","floor":39,"turns":3},{"damage":9,"enemies":"Reptomancer","floor":48,"turns":6},{"damage":38,"enemies":"Time Eater","floor":50,"turns":9}],"seed_played":"482670547397694847","potions_obtained":[{"floor":1,"key":"Dexterity Potion"},{"floor":2,"key":"champ:CounterPotion"},{"floor":4,"key":"Slimebound:ThreeZeroPotion"},{"floor":10,"key":"DistilledChaos"},{"floor":29,"key":"Block Potion"},{"floor":39,"key":"Ancient Potion"},{"floor":48,"key":"SteroidPotion"}],"is_trial":true,"path_per_floor":["M","M","M","?","M","R","R","E","T","M","R","R","?","$","R","B",null,"M","M","?","?","?","R","R","R","T","R","$","M","?","M","R","B",null,"M","?","T","M","M","R","R","R","T","R","?","?","?","E","R","B",null],"character_chosen":"THE_DEFAULT","items_purchased":["theMarked:Winder","theMarked:SwordAndMagic","theMarked:Opportunist"],"campfire_rested":1,"item_purchase_floors":[14,14,28],"current_hp_per_floor":[70,67,67,67,58,58,58,40,40,33,33,33,33,33,54,54,70,57,57,41,41,41,41,41,41,51,51,51,51,51,51,51,36,80,70,70,70,70,70,70,70,70,70,70,70,70,70,61,61,38],"gold":81,"neow_bonus":"","is_daily":false,"chose_seed":false,"campfire_upgraded":14,"win_rate":0.0,"timestamp":1611812820,"path_taken":["M","M","M","?","M","R","R","E","T","?","R","R","?","$","R","BOSS","M","M","?","?","?","R","R","R","T","R","?","M","?","?","R","BOSS","M","?","?","M","?","R","R","R","T","R","?","?","?","E","R","BOSS"],"items_purchased_type":["Relic","Card","Card"],"build_version":"2020-12-22","purchased_purges":0,"victory":true,"max_hp_per_floor":[70,70,70,70,70,70,70,70,70,70,70,70,70,70,70,70,70,70,70,70,70,70,70,70,70,80,80,80,80,80,80,80,80,80,80,80,80,80,80,80,80,80,80,80,80,80,76,76,76,76],"card_choices":[{"not_picked":["theMarked:Parkour","theMarked:TakeCover"],"picked":"theMarked:Heritage","floor":1},{"not_picked":["theMarked:Reabsorb","theMarked:Pokerface"],"picked":"theMarked:RogueSparks","floor":2},{"not_picked":["theMarked:TakeCover","theMarked:Parkour","theMarked:TunnelVision"],"picked":"SKIP","floor":3},{"not_picked":["theMarked:Aftermath","theMarked:Maelstrom"],"picked":"theMarked:WardOff","floor":5},{"not_picked":["theMarked:Levitate","theMarked:HeightenedSenses"],"picked":"theMarked:WastefulAttack","floor":8},{"not_picked":["theMarked:Maelstrom","theMarked:Aftermath"],"picked":"theMarked:Static","floor":10},{"not_picked":["theMarked:FavorableWinds","theMarked:SuspiciousRaven"],"picked":"theMarked:TurnInvisible","floor":16},{"not_picked":["theMarked:SwordAndMagic","theMarked:WardOff","theMarked:HeightenedSenses"],"picked":"SKIP","floor":18},{"not_picked":["theMarked:ContemptForTheProud","theMarked:TwofoldDefense","theMarked:TakeCover"],"picked":"SKIP","floor":19},{"not_picked":["theMarked:ResourceFulStrike","theMarked:Memento+1","theMarked:ElectricStrings"],"picked":"SKIP","floor":29},{"not_picked":["theMarked:BanishingStrike+1","theMarked:HeightenedSenses+1"],"picked":"theMarked:TurnInvisible","floor":31},{"not_picked":["theMarked:TurnInvisible","theMarked:SuspiciousRaven"],"picked":"theMarked:EternalStudent","floor":33},{"not_picked":["theMarked:ResourceFulStrike","theMarked:ChainLightning"],"picked":"theMarked:BanishingStrike","floor":35},{"not_picked":["theMarked:WastefulAttack+1","theMarked:Improvise","theMarked:TakeCover"],"picked":"SKIP","floor":38},{"not_picked":["theMarked:Overthink+1","theMarked:Parry+1","theMarked:Determination"],"picked":"SKIP","floor":39},{"not_picked":["theMarked:MysticalArsenal+1","theMarked:HeightenedSenses+1"],"picked":"theMarked:Vacuum","floor":48}],"player_experience":51271,"relics_obtained":[{"floor":8,"key":"Mercury Hourglass"},{"floor":9,"key":"Blue Candle"},{"floor":20,"key":"Enchiridion"},{"floor":26,"key":"Pear"},{"floor":37,"key":"Torii"},{"floor":43,"key":"Bronze Scales"},{"floor":48,"key":"Pantograph"}],"event_choices":[{"damage_healed":0,"gold_gain":0,"player_choice":"Got Potions","damage_taken":0,"max_hp_gain":0,"max_hp_loss":0,"event_name":"Lab","floor":4,"gold_loss":0},{"damage_healed":0,"gold_gain":0,"player_choice":"Ignored","damage_taken":0,"max_hp_gain":0,"max_hp_loss":0,"event_name":"NoteForYourself","floor":13,"gold_loss":0},{"damage_healed":0,"gold_gain":0,"player_choice":"Obtained Book","damage_taken":16,"max_hp_gain":0,"max_hp_loss":0,"event_name":"Cursed Tome","floor":20,"gold_loss":0},{"damage_healed":0,"gold_gain":0,"player_choice":"Simplicity","damage_taken":0,"max_hp_gain":0,"max_hp_loss":0,"event_name":"Back to Basics","floor":21,"gold_loss":0,"cards_upgraded":[]},{"damage_healed":0,"gold_gain":0,"player_choice":"Opened","damage_taken":0,"relics_obtained":["Guardian:PocketSentry"],"max_hp_gain":0,"max_hp_loss":0,"event_name":"The Mausoleum","floor":22,"gold_loss":0,"cards_obtained":["Writhe"]},{"cards_removed":["Writhe"],"damage_healed":0,"gold_gain":0,"player_choice":"Removed Curses","damage_taken":0,"max_hp_gain":0,"max_hp_loss":0,"event_name":"Fountain of Cleansing","floor":30,"gold_loss":0},{"damage_healed":0,"gold_gain":0,"player_choice":"Paid","damage_taken":0,"relics_obtained":["Red Mask"],"max_hp_gain":0,"max_hp_loss":0,"event_name":"Tomb of Lord Red Mask","floor":36,"gold_loss":204},{"cards_removed":["theMarked:SwordAndMagic"],"damage_healed":0,"gold_gain":0,"player_choice":"Removed Attack","damage_taken":0,"max_hp_gain":0,"max_hp_loss":0,"event_name":"Falling","floor":45,"gold_loss":0},{"damage_healed":0,"gold_gain":0,"player_choice":"Ignored","damage_taken":0,"max_hp_gain":0,"max_hp_loss":0,"event_name":"OrinTheCat","floor":46,"gold_loss":0},{"damage_healed":0,"gold_gain":0,"player_choice":"Max HP","damage_taken":0,"max_hp_gain":0,"max_hp_loss":4,"event_name":"Winding Halls","floor":47,"gold_loss":0}],"is_beta":false,"boss_relics":[{"not_picked":["Ectoplasm","Runic Pyramid"],"picked":"expansioncontent:StudyCardRelic"},{"not_picked":["Tiny House","SacredBark"],"picked":"theMarked:SpiritSword"}],"items_purged_floors":[],"is_endless":false,"potions_floor_spawned":[1,2,10,19,29,35,39,48],"ascension_level":0}}