{"host":"aukiz5jlacd3g5yc","time":1611806826,"event":{"mods":["2.2 Compatiblity","BaseMod","Bestiary","Colored Map","Colored Powertips","Downfall","GifTheSpireLib","Minty Spire (QoL Compilation)","Permanent Neow","Quick Restart","Random Character Button","Rare Cards Sparkle","Relic Sorter","Relic Stats","Replay The Spire","StSLib","everything is the same but u backflip on backflip","slay the spire mod where everything is the same but ironclad has a cowboy hat"],"gold_per_floor":[119,135,22,22,22,48,48,76,125,144,157,186,186,203,203,308,308,322,30,50,50,68,68,95,95,95],"floor_reached":25,"language":"ENG","playtime":1089,"items_purged":["Strike_G","Voices"],"score":232,"play_id":"49e9eae3-d897-4e0f-9f38-3369565e23e2","local_time":"20210127220706","is_ascension_mode":true,"campfire_choices":[{"data":"Neutralize","floor":7,"key":"SMITH"},{"data":"Cloak And Dagger","floor":13,"key":"SMITH"},{"data":"Infinite Blades","floor":15,"key":"SMITH"},{"data":"Terror","floor":23,"key":"SMITH"}],"circlet_count":0,"master_deck":["Defend_G","Defend_G","Defend_G","Survivor","Neutralize+1","A Thousand Cuts+1","Flying Knee","Flying Knee","Finisher","Infinite Blades+1","Dagger Spray","Hidden Blade","Cloak And Dagger+1","Choke","Phantasmal Killer","ReplayTheSpireMod:Splinters","PiercingWail","ReplayTheSpireMod:Shiv Toss","ReplayTheSpireMod:Scrap Shanks","Terror+1","A Thousand Cuts+1"],"relics":["Ring of the Snake","Vajra","Gambling Chip","Smiling Mask","Ninja Scroll","Kintsugi","Membership Card","Boot"],"acts_visited":["Exordium","TheCity"],"potions_floor_usage":[6,22],"damage_taken":[{"damage":3,"enemies":"Jaw Worm","floor":1,"turns":4},{"damage":0,"enemies":"2 Louse","floor":2,"turns":3},{"damage":5,"enemies":"3 Sentries","floor":6,"turns":5},{"damage":11,"enemies":"Lagavulin","floor":8,"turns":5},{"damage":0,"enemies":"Cultist","floor":10,"turns":3},{"damage":0,"enemies":"2 Fungi Beasts","floor":11,"turns":3},{"damage":23,"enemies":"3 Sentries","floor":12,"turns":5},{"damage":4,"enemies":"Red Slaver","floor":14,"turns":2},{"damage":8,"enemies":"Fading Forest","floor":16,"turns":11},{"damage":24,"enemies":"Shell Parasite","floor":18,"turns":3},{"damage":5,"enemies":"Chosen","floor":20,"turns":4},{"damage":11,"enemies":"Snecko","floor":22,"turns":5},{"damage":31,"enemies":"Replay:Snechameleon","floor":25,"turns":3}],"seed_played":"-1012855591214107418","potions_obtained":[{"floor":2,"key":"DistilledChaos"},{"floor":6,"key":"SneckoOil"},{"floor":11,"key":"Regen Potion"},{"floor":12,"key":"Strength Potion"},{"floor":20,"key":"Block Potion"},{"floor":22,"key":"SpeedPotion"}],"is_trial":false,"path_per_floor":["M","M","$","?","?","E","R","E","T","M","M","E","R","M","R","B",null,"M","$","M","?","M","R","T","E"],"character_chosen":"THE_SILENT","items_purchased":["Finisher","Membership Card","ReplayTheSpireMod:Shiv Toss","ReplayTheSpireMod:Scrap Shanks","Terror"],"campfire_rested":0,"item_purchase_floors":[3,19,19,19,19],"current_hp_per_floor":[67,67,67,67,67,62,62,51,51,51,51,28,28,24,24,26,70,46,46,41,41,30,30,30,0,0],"gold":95,"neow_bonus":"ONE_RANDOM_RARE_CARD","is_daily":false,"chose_seed":false,"campfire_upgraded":4,"win_rate":0.0,"timestamp":1611806826,"path_taken":["M","M","$","?","?","E","R","E","T","?","M","E","R","M","R","BOSS","M","$","M","?","?","R","?","E"],"items_purchased_type":["Card","Relic","Card","Card","Card"],"build_version":"2020-12-22","purchased_purges":2,"victory":false,"max_hp_per_floor":[70,70,70,70,70,70,70,70,70,70,70,70,70,70,70,70,70,70,70,70,70,70,70,70,70,70],"relic_stats":{"counters":[13,56],"Gambling Chip":[20],"Smiling Mask":0,"Boot":[0],"obtain_stats":[{"Ninja Scroll":12,"Gambling Chip":8,"Vajra":6,"Membership Card":19,"Kintsugi":17,"Smiling Mask":9,"Boot":24,"Ring of the Snake":0},{"Ninja Scroll":7,"Gambling Chip":4,"Vajra":3,"Membership Card":10,"Kintsugi":9,"Smiling Mask":4,"Boot":12,"Ring of the Snake":0},{"Ninja Scroll":28,"Gambling Chip":17,"Vajra":12,"Membership Card":44,"Kintsugi":41,"Smiling Mask":17,"Boot":53,"Ring of the Snake":0}],"Ring of the Snake":[26]},"card_choices":[{"not_picked":["Bane","Outmaneuver"],"picked":"Flying Knee","floor":1},{"not_picked":["Dagger Throw","Hidden Blade"],"picked":"Flying Knee","floor":2},{"not_picked":["Outmaneuver","Deadly Poison","ReplayTheSpireMod:The Works"],"picked":"SKIP","floor":6},{"not_picked":["Dodge and Roll","Finisher"],"picked":"Infinite Blades","floor":8},{"not_picked":["Eviscerate","Grand Finale"],"picked":"Dagger Spray","floor":10},{"not_picked":["Bane","Quick Slash"],"picked":"Hidden Blade","floor":11},{"not_picked":["Dagger Throw","Choke"],"picked":"Cloak And Dagger","floor":12},{"not_picked":["Flying Knee","Leg Sweep"],"picked":"Choke","floor":14},{"not_picked":["Tools of the Trade","Glass Knife"],"picked":"Phantasmal Killer","floor":16},{"not_picked":["Deadly Poison","Quick Slash+1"],"picked":"PiercingWail","floor":18},{"not_picked":["Tactician","ReplayTheSpireMod:Speed Training","Prepared"],"picked":"SKIP","floor":20},{"not_picked":["Terror","Sneak Up","Deflect"],"picked":"SKIP","floor":22}],"player_experience":366175,"relics_obtained":[{"floor":6,"key":"Vajra"},{"floor":8,"key":"Gambling Chip"},{"floor":9,"key":"Smiling Mask"},{"floor":12,"key":"Ninja Scroll"},{"floor":24,"key":"Boot"}],"event_choices":[{"cards_removed":["Strike_G"],"damage_healed":0,"gold_gain":0,"player_choice":"Purged","damage_taken":0,"max_hp_gain":0,"max_hp_loss":0,"event_name":"Purifier","floor":5,"gold_loss":0},{"damage_healed":0,"gold_gain":0,"player_choice":"Copied","damage_taken":0,"max_hp_gain":0,"max_hp_loss":0,"event_name":"Duplicator","floor":21,"gold_loss":0,"cards_obtained":["A Thousand Cuts"]}],"is_beta":false,"boss_relics":[{"not_picked":["HoveringKite","Empty Cage"],"picked":"Kintsugi"}],"items_purged_floors":[3,19],"is_endless":false,"potions_floor_spawned":[2,6,11,12,20,22],"killed_by":"Replay:Snechameleon","ascension_level":1}}