{"host":"sp1zv0ju5tlq9i78","time":1611806195,"event":{"mods":["2.2 Compatiblity","A Penny For Your Troubles","Act Like it!","BaseMod","Better Match","Better Note","Better Skull","Better Third Choice","CapriCore","Marked Mod","Minty Spire (QoL Compilation)","Reliquary","StSLib","The Marked","TheSurvivalist"],"gold_per_floor":[119,129,129,61,61,61,92,92,92,92,43,58,32,51,51,177,177,191,191,216,216,216],"floor_reached":21,"language":"ENG","playtime":937,"items_purged":[],"score":202,"play_id":"3bab41ac-dd3c-4acc-ba9e-7f4ac4e218aa","local_time":"20210127215635","is_ascension_mode":false,"campfire_choices":[{"floor":6,"key":"REST"},{"floor":8,"key":"RECALL"},{"data":"survmod:Sprint","floor":10,"key":"SMITH"},{"data":"survmod:MarkedShot","floor":15,"key":"SMITH"}],"circlet_count":0,"master_deck":["survmod:Strike","survmod:Strike","survmod:Strike","survmod:Strike","survmod:Defend","survmod:Defend","survmod:Defend","survmod:Defend","survmod:VersatileOffense","survmod:Sprint+1","survmod:OverexertingShot","survmod:SkillfulManeuver","survmod:PiercingShot","survmod:Hawkeye","survmod:MarkedShot+1","survmod:DuckAndFlare","survmod:GoForFace","survmod:PenetratingShot","survmod:CloseCall","survmod:SwiftKick+1","survmod:SurpriseTrap"],"relics":["survmod:AdvancedEvolution","NeowsBlessing","Golden Idol","survmod:SignalFlare","Eternal Feather"],"acts_visited":["Exordium","TheCity"],"potions_floor_usage":[21,21,21],"damage_taken":[{"damage":0,"enemies":"Cultist","floor":1,"turns":1},{"damage":0,"enemies":"Small Slimes","floor":2,"turns":1},{"damage":0,"enemies":"Lagavulin","floor":7,"turns":1},{"damage":1,"enemies":"Jaw Worm","floor":12,"turns":6},{"damage":0,"enemies":"Exordium Thugs","floor":14,"turns":6},{"damage":28,"enemies":"Slime Boss","floor":16,"turns":14},{"damage":4,"enemies":"Chosen","floor":18,"turns":6},{"damage":21,"enemies":"3 Byrds","floor":20,"turns":7},{"damage":46,"enemies":"3 Cultists","floor":21,"turns":6}],"seed_played":"-1914651404380009796","potions_obtained":[{"floor":7,"key":"Energy Potion"},{"floor":14,"key":"Fire Potion"},{"floor":16,"key":"Regen Potion"},{"floor":20,"key":"ColorlessPotion"}],"is_trial":false,"path_per_floor":["M","M","?","$","?","R","E","R","T","R","$","M","$","M","R","B",null,"M","?","M","M"],"character_chosen":"THE_SURVIVOR","items_purchased":["survmod:PiercingShot","survmod:MarkedShot","survmod:GoForFace"],"campfire_rested":1,"item_purchase_floors":[4,11,13],"current_hp_per_floor":[50,50,38,38,43,55,55,55,55,55,55,54,54,54,55,27,55,51,51,30,0,0],"gold":216,"neow_bonus":"THREE_ENEMY_KILL","is_daily":false,"chose_seed":false,"campfire_upgraded":2,"win_rate":0.0,"timestamp":1611806195,"path_taken":["M","?","?","$","?","R","E","R","T","R","$","M","?","M","R","BOSS","M","?","M","M"],"items_purchased_type":["Card","Card","Card"],"build_version":"2020-12-22","purchased_purges":0,"victory":false,"max_hp_per_floor":[50,50,50,50,55,55,55,55,55,55,55,55,55,55,55,55,55,55,55,55,55,55],"card_choices":[{"not_picked":["survmod:MarkedShot","survmod:QuickDash"],"picked":"survmod:OverexertingShot","floor":1},{"not_picked":["survmod:SwiftKick","survmod:FlashbangTrap"],"picked":"survmod:SkillfulManeuver","floor":2},{"not_picked":["survmod:PinningSnipe","survmod:MarkedForDeath"],"picked":"survmod:Hawkeye","floor":7},{"not_picked":["survmod:SimpleMutation","survmod:PinningSnipe"],"picked":"survmod:DuckAndFlare","floor":12},{"not_picked":["survmod:DuckAndFlare","survmod:TakeAim"],"picked":"survmod:PenetratingShot","floor":14},{"not_picked":["survmod:Exploit","survmod:MarkedForDeath"],"picked":"survmod:CloseCall","floor":16},{"not_picked":["survmod:FindCover","survmod:BearTrap"],"picked":"survmod:SwiftKick+1","floor":18},{"not_picked":["survmod:SkillfulManeuver","survmod:FlashbangTrap+1"],"picked":"survmod:SurpriseTrap","floor":20}],"player_experience":285627,"relics_obtained":[{"floor":7,"key":"survmod:SignalFlare"},{"floor":9,"key":"Eternal Feather"}],"event_choices":[{"damage_healed":0,"gold_gain":0,"player_choice":"Take Damage","damage_taken":12,"relics_obtained":["Golden Idol"],"max_hp_gain":0,"max_hp_loss":0,"event_name":"Golden Idol","floor":3,"gold_loss":0},{"damage_healed":0,"gold_gain":0,"player_choice":"Donut","damage_taken":0,"max_hp_gain":5,"max_hp_loss":0,"event_name":"Big Fish","floor":5,"gold_loss":0},{"cards_removed":["survmod:GoForFace"],"damage_healed":0,"gold_gain":0,"player_choice":"Give","damage_taken":0,"max_hp_gain":0,"max_hp_loss":0,"event_name":"betterNote:BetterNote","floor":19,"gold_loss":0,"cards_obtained":["None"]}],"is_beta":false,"boss_relics":[{"not_picked":["Empty Cage","reliquary:KinkedSpring"],"picked":"survmod:AdvancedEvolution"}],"items_purged_floors":[],"is_endless":false,"potions_floor_spawned":[7,14,16,20],"killed_by":"3 Cultists","ascension_level":0}}