{"host":"og21o26alpnbwmz8","time":1611864368,"event":{"mods":["Act Like it!","Aspiration","BaseMod","Conspire","Downfall","Halation","Hallownest","Hubris","Jedi Mod","Mimic Mod","Minty Spire (QoL Compilation)","Pale of the Ancients","Replay The Spire","Shop Mod","Spikes Relics","StSLib","The Administrix","The Alterego","The Blue Laboratory","The Bug Knight","The Death Knight","The Problem Sleuth","The Wild Card","Waifu the Spire"],"gold_per_floor":[113,132,132,148,164,164,164,164,164],"floor_reached":7,"language":"ENG","playtime":325,"items_purged":[],"score":43,"play_id":"c5566f3d-d79e-4d4e-bd28-59a4edd88a37","local_time":"20210128150608","is_ascension_mode":false,"campfire_choices":[{"data":"theSleuth:Leer","floor":6,"key":"SMITH"}],"circlet_count":0,"master_deck":["theSleuth:Strike","theSleuth:Strike","theSleuth:Strike","theSleuth:Strike","theSleuth:Defend","theSleuth:Defend","theSleuth:Defend","theSleuth:KeyHandgun","theSleuth:TakeInventory","theSleuth:Diplomacy","theSleuth:Ogle","theSleuth:FlaskOfWhiskey","theSleuth:Leer+1"],"relics":["theSleuth:Typewriter","NeowsBlessing"],"acts_visited":["Exordium"],"potions_floor_usage":[7],"damage_taken":[{"damage":0,"enemies":"Jaw Worm","floor":1,"turns":1},{"damage":0,"enemies":"Cultist","floor":2,"turns":2},{"damage":0,"enemies":"Small Slimes","floor":4,"turns":1},{"damage":4,"enemies":"Exordium Wildlife","floor":5,"turns":5},{"damage":18,"enemies":"3 Sentries","floor":7,"turns":7}],"seed_played":"-2602124658463288474","potions_obtained":[{"floor":2,"key":"jedi:StrikingPotion"},{"floor":4,"key":"Energy Potion"}],"is_trial":false,"path_per_floor":["M","M","?","M","M","R","E"],"character_chosen":"THE_sleuth","items_purchased":[],"campfire_rested":0,"item_purchase_floors":[],"current_hp_per_floor":[73,73,73,73,69,69,51,51,51],"gold":164,"neow_bonus":"THREE_ENEMY_KILL","is_daily":false,"chose_seed":false,"campfire_upgraded":1,"win_rate":0.0,"timestamp":1611864368,"path_taken":["M","M","?","M","M","R","E"],"items_purchased_type":[],"build_version":"2020-12-22","purchased_purges":0,"victory":false,"max_hp_per_floor":[73,73,73,73,73,73,73,73,73],"card_choices":[{"not_picked":["theSleuth:UnDeEscalate","theSleuth:WilsonBust"],"picked":"theSleuth:Ogle","floor":1},{"not_picked":["theSleuth:ForceDeck","theSleuth:TruffleShuffle"],"picked":"theSleuth:FlaskOfWhiskey","floor":2},{"not_picked":["theSleuth:KeyringTommygun","theSleuth:PezUzi"],"picked":"theSleuth:Leer","floor":4},{"not_picked":["theSleuth:Unscale","theSleuth:Diabeatdown","theSleuth:BellyOTheWhale"],"picked":"SKIP","floor":5}],"player_experience":221017,"relics_obtained":[],"event_choices":[{"damage_healed":0,"gold_gain":0,"player_choice":"Ignored","damage_taken":0,"max_hp_gain":0,"max_hp_loss":0,"event_name":"Liars Game","floor":3,"gold_loss":0}],"is_beta":false,"boss_relics":[],"items_purged_floors":[],"is_endless":false,"potions_floor_spawned":[2,4],"killed_by":"3 Sentries","ascension_level":0}}