{"host":"a49aoqbkajnlmy9c","time":1611814880,"event":{"mods":["100% Spire Juice","2.2 Compatiblity","AchievementEnabler","Act Like it!","AlwaysNeverKeys","Arknights The Spire","BaseMod","Better Match","BetterRewards","Block Reminder","Colored Map","Colored Powertips","Downfall","Emptier Cage","Friendly Minions","Gensokyo","GifTheSpireLib","Gremlin Skip","Halation","HololiveMod","Hubris","Hyrulean Relics","Infinite Spire","Ironclad Rager","Marisa????????","Minty Spire (QoL Compilation)","Prisma Mod","Quarter Circle Forward PUNCH!","Quick Restart","Random Character Button","Reimu??????","Relic Filter","Reorder Act Four","StSLib","The Alterego","The Animator","Transform Curses","Treasure Hunter","Unceasing Turn Reminder","Useless Jewels Mod","Virulent Crown","Waifu the Spire","WarShipGirlsR/????R mod","Yakumo Yukari mod","Yuyuko"],"gold_per_floor":[124,124,181,250,312,312,348,348,422,460,460,497,559,594,594,623,623],"floor_reached":16,"language":"ENG","playtime":572,"items_purged":[],"score":154,"play_id":"06703e7a-f08e-49f0-bd49-24ebe1f31b55","local_time":"20210128012120","is_ascension_mode":false,"campfire_choices":[{"data":"Hololive_Strike","floor":6,"key":"SMITH"},{"data":"Hololive_CallSakuraMiko","floor":8,"key":"SMITH"},{"data":"Hololive_CallSakuraMiko","floor":15,"key":"SMITH"}],"circlet_count":0,"master_deck":["Hololive_Strike+1","Hololive_Defend","Hololive_Defend","Hololive_Defend","Hololive_Defend","Hololive_CallSakuraMiko+1","Hololive_CallSakuraMiko+1","Hololive_CallSakuraMiko","Hololive_CallSakuraMiko","Hololive_CallSakuraMiko"],"relics":["Hololive_TheStar","Hololive_TopUpMoney","infinitespire:Beetle Shell","qcfpunch:White_Boots","Toxic Egg 2","White Beast Statue"],"acts_visited":["Exordium"],"potions_floor_usage":[13,13,16,16],"damage_taken":[{"damage":0,"enemies":"Jaw Worm","floor":1,"turns":5},{"damage":0,"enemies":"Cultist","floor":3,"turns":3},{"damage":0,"enemies":"Small Slimes","floor":5,"turns":3},{"damage":0,"enemies":"Blue Slaver","floor":7,"turns":4},{"damage":0,"enemies":"Red Slaver","floor":10,"turns":3},{"damage":1,"enemies":"Exordium Wildlife","floor":12,"turns":2},{"damage":17,"enemies":"3 Sentries","floor":13,"turns":13},{"damage":4,"enemies":"3 Louse","floor":14,"turns":5},{"damage":18,"enemies":"The Guardian","floor":16,"turns":6}],"seed_played":"-6352282890917166275","potions_obtained":[{"floor":7,"key":"LiquidBronze"},{"floor":11,"key":"ColorlessPotion"},{"floor":12,"key":"champ:CounterPotion"},{"floor":13,"key":"GamblersBrew"},{"floor":14,"key":"hexamod:SoulburnPotion"}],"is_trial":false,"path_per_floor":["M","?","M","T","M","R","M","R","T","M","?","M","E","M","R","B"],"character_chosen":"Hololive_HololiveCharacter","items_purchased":[],"campfire_rested":0,"item_purchase_floors":[],"current_hp_per_floor":[35,40,40,40,40,40,40,40,40,40,40,39,22,18,18,0,0],"gold":623,"neow_bonus":"RANDOM_COMMON_RELIC","is_daily":false,"chose_seed":false,"campfire_upgraded":3,"win_rate":0.0,"timestamp":1611814880,"path_taken":["M","?","M","?","M","R","?","R","T","M","?","M","E","?","R","BOSS"],"items_purchased_type":[],"build_version":"2020-12-22","purchased_purges":0,"victory":false,"max_hp_per_floor":[35,40,40,40,40,40,40,40,40,40,40,40,40,40,40,40,40],"card_choices":[{"not_picked":["TH:Mimic"],"picked":"SKIP","floor":4},{"not_picked":["TH:ArmorSpikes"],"picked":"SKIP","floor":9},{"not_picked":["TH:BikiniMail"],"picked":"SKIP","floor":13}],"player_experience":615946,"relics_obtained":[{"floor":4,"key":"qcfpunch:White_Boots"},{"floor":9,"key":"Toxic Egg 2"},{"floor":13,"key":"White Beast Statue"}],"event_choices":[{"damage_healed":0,"gold_gain":0,"player_choice":"Donut","damage_taken":0,"max_hp_gain":5,"max_hp_loss":0,"event_name":"Big Fish","floor":2,"gold_loss":0},{"damage_healed":0,"gold_gain":0,"player_choice":"Got Potions","damage_taken":0,"max_hp_gain":0,"max_hp_loss":0,"event_name":"Lab","floor":11,"gold_loss":0}],"is_beta":false,"boss_relics":[],"items_purged_floors":[],"is_endless":false,"potions_floor_spawned":[7,12,13,14],"killed_by":"The Guardian","ascension_level":0}}