{"host":"ELF","time":1611830685,"event":{"mods":["BaseMod","Bestiary","Minty Spire (QoL Compilation)","Relic Stats","Slay the Relics Exporter"],"gold_per_floor":[13,13,13,13,26,26,65,88,88,1,21,34,34,78,78,171,171,189,207,41,72,85,85,120,170,170,170,183,198,232,42,42,137,137,160,224,224,245,245,245],"floor_reached":39,"language":"ENG","playtime":1409,"items_purged":["Strike_R"],"score":885,"play_id":"8370743c-b175-4936-8ec6-5f8c5c963cdf","local_time":"20210128044445","is_ascension_mode":true,"campfire_choices":[{"floor":6,"key":"REST"},{"data":"Fire Breathing","floor":13,"key":"SMITH"},{"data":"Berserk","floor":15,"key":"SMITH"},{"data":"Armaments","floor":23,"key":"SMITH"},{"floor":27,"key":"REST"},{"floor":32,"key":"REST"}],"circlet_count":0,"master_deck":["AscendersBane","Strike_R","Strike_R","Defend_R","Defend_R","Defend_R","Bash","Immolate+1","Pummel","Clothesline","Blood for Blood","Berserk+1","Headbutt","Fire Breathing+1","Headbutt","Seeing Red","Burning Pact","Impervious","Bloodletting","Armaments+1","Immolate+1","Flex+1","Inflame","Shockwave","Shrug It Off","Dual Wield+1","Feed","Shrug It Off","Iron Wave+1","Sever Soul"],"relics":["Burning Blood","Golden Idol","Turnip","Bottled Flame","Oddly Smooth Stone","Philosopher\u0027s Stone","DollysMirror","Red Mask","Sundial","The Courier","Regal Pillow","OrangePellets","Mark of Pain","Ice Cream"],"acts_visited":["Exordium","TheCity","TheBeyond"],"potions_floor_usage":[16,16,16,21,22,28,28,30,36],"damage_taken":[{"damage":6,"enemies":"Cultist","floor":1,"turns":3},{"damage":4,"enemies":"Jaw Worm","floor":5,"turns":2},{"damage":15,"enemies":"3 Sentries","floor":7,"turns":4},{"damage":11,"enemies":"Small Slimes","floor":8,"turns":3},{"damage":0,"enemies":"3 Louse","floor":11,"turns":1},{"damage":9,"enemies":"Red Slaver","floor":12,"turns":3},{"damage":11,"enemies":"Gremlin Nob","floor":14,"turns":3},{"damage":27,"enemies":"Hexaghost","floor":16,"turns":7},{"damage":12,"enemies":"2 Thieves","floor":18,"turns":3},{"damage":13,"enemies":"Chosen","floor":19,"turns":3},{"damage":3,"enemies":"Masked Bandits","floor":21,"turns":3},{"damage":30,"enemies":"Snake Plant","floor":22,"turns":2},{"damage":9,"enemies":"Slavers","floor":24,"turns":3},{"damage":13,"enemies":"Cultist and Chosen","floor":28,"turns":5},{"damage":5,"enemies":"Centurion and Healer","floor":29,"turns":3},{"damage":0,"enemies":"Gremlin Leader","floor":30,"turns":4},{"damage":52,"enemies":"Champ","floor":33,"turns":9},{"damage":19,"enemies":"3 Darklings","floor":35,"turns":3},{"damage":37,"enemies":"2 Orb Walkers","floor":36,"turns":3},{"damage":0,"enemies":"Orb Walker","floor":38,"turns":2},{"damage":44,"enemies":"Transient","floor":39,"turns":3}],"seed_played":"1517052858675584052","potions_obtained":[{"floor":5,"key":"Dexterity Potion"},{"floor":8,"key":"GamblersBrew"},{"floor":11,"key":"SkillPotion"},{"floor":12,"key":"EntropicBrew"},{"floor":16,"key":"AttackPotion"},{"floor":18,"key":"PowerPotion"},{"floor":24,"key":"EntropicBrew"},{"floor":33,"key":"Weak Potion"},{"floor":36,"key":"Swift Potion"}],"is_trial":false,"path_per_floor":["M","?","$","?","M","R","E","M","T","$","M","M","R","E","R","B",null,"M","M","$","?","M","R","E","?","T","R","M","M","E","$","R","B",null,"M","?","?","M","M"],"character_chosen":"IRONCLAD","items_purchased":["Fire Breathing","DollysMirror","OrangePellets"],"campfire_rested":3,"item_purchase_floors":[10,20,31],"current_hp_per_floor":[68,42,42,42,44,66,57,52,52,52,58,55,55,50,50,29,64,58,51,51,54,30,30,27,27,27,49,42,43,49,49,75,29,64,51,23,23,29,0,0],"gold":245,"neow_bonus":"TRANSFORM_TWO_CARDS","is_daily":false,"chose_seed":false,"campfire_upgraded":3,"win_rate":0.0,"timestamp":1611830685,"path_taken":["M","?","$","?","M","R","E","M","T","$","M","M","R","E","R","BOSS","M","M","$","?","M","R","E","?","T","R","?","M","E","$","R","BOSS","M","?","?","M","?"],"items_purchased_type":["Card","Relic","Relic"],"build_version":"2020-12-18","purchased_purges":1,"victory":false,"max_hp_per_floor":[75,75,75,75,75,75,75,75,75,75,75,75,75,75,75,75,75,75,75,75,75,75,75,75,75,75,75,75,75,75,75,75,75,75,75,78,78,78,78,78],"relic_stats":{"OrangePellets":[4],"Regal Pillow":4,"counters":[21,72],"Golden Idol":129,"Sundial":[0],"Turnip":[4],"obtain_stats":[{"Ice Cream":36,"Regal Pillow":30,"Golden Idol":2,"Oddly Smooth Stone":14,"The Courier":26,"Burning Blood":0,"OrangePellets":31,"Bottled Flame":9,"DollysMirror":20,"Sundial":24,"Philosopher\u0027s Stone":17,"Turnip":7,"Mark of Pain":34,"Red Mask":21},{"Ice Cream":19,"Regal Pillow":16,"Golden Idol":1,"Oddly Smooth Stone":7,"The Courier":13,"Burning Blood":0,"OrangePellets":16,"Bottled Flame":4,"DollysMirror":10,"Sundial":13,"Philosopher\u0027s Stone":8,"Turnip":3,"Mark of Pain":17,"Red Mask":11},{"Ice Cream":67,"Regal Pillow":52,"Golden Idol":3,"Oddly Smooth Stone":19,"The Courier":40,"Burning Blood":0,"OrangePellets":52,"Bottled Flame":12,"DollysMirror":32,"Sundial":40,"Philosopher\u0027s Stone":26,"Turnip":9,"Mark of Pain":61,"Red Mask":35}],"Burning Blood":120},"card_choices":[{"not_picked":["Infernal Blade","Flex"],"picked":"Clothesline","floor":1},{"not_picked":["Searing Blow","Wild Strike"],"picked":"Blood for Blood","floor":5},{"not_picked":["Bloodletting","Anger"],"picked":"Berserk","floor":7},{"not_picked":["Cleave","True Grit"],"picked":"Headbutt","floor":8},{"not_picked":["Clothesline","Havoc"],"picked":"Headbutt","floor":11},{"not_picked":["Thunderclap","Dropkick"],"picked":"Seeing Red","floor":12},{"not_picked":["Perfected Strike","Juggernaut"],"picked":"Burning Pact","floor":14},{"not_picked":["Brutality","Fiend Fire"],"picked":"Impervious","floor":16},{"not_picked":["Pommel Strike","Perfected Strike"],"picked":"Bloodletting","floor":18},{"not_picked":["Dropkick","Thunderclap"],"picked":"Armaments","floor":19},{"not_picked":["Limit Break","Intimidate"],"picked":"Flex+1","floor":21},{"not_picked":["Warcry","Armaments"],"picked":"Inflame","floor":22},{"not_picked":["Body Slam","Twin Strike","Heavy Blade"],"picked":"SKIP","floor":24},{"not_picked":["Anger","Wild Strike"],"picked":"Shockwave","floor":28},{"not_picked":["Battle Trance","Thunderclap"],"picked":"Shrug It Off","floor":29},{"not_picked":["Twin Strike","Thunderclap"],"picked":"Dual Wield+1","floor":30},{"not_picked":["Fiend Fire","Exhume"],"picked":"Feed","floor":33},{"not_picked":["Perfected Strike+1","Havoc+1"],"picked":"Shrug It Off","floor":35},{"not_picked":["Entrench","Body Slam+1"],"picked":"Iron Wave+1","floor":36},{"not_picked":["Dual Wield+1","Clothesline"],"picked":"Sever Soul","floor":38}],"player_experience":3335519,"relics_obtained":[{"floor":7,"key":"Turnip"},{"floor":9,"key":"Bottled Flame"},{"floor":14,"key":"Oddly Smooth Stone"},{"floor":21,"key":"Red Mask"},{"floor":24,"key":"Sundial"},{"floor":26,"key":"The Courier"},{"floor":30,"key":"Regal Pillow"},{"floor":36,"key":"Ice Cream"}],"event_choices":[{"damage_healed":0,"gold_gain":0,"player_choice":"Take Damage","damage_taken":26,"relics_obtained":["Golden Idol"],"max_hp_gain":0,"max_hp_loss":0,"event_name":"Golden Idol","floor":2,"gold_loss":0},{"damage_healed":0,"gold_gain":0,"player_choice":"Grow","damage_taken":0,"max_hp_gain":0,"max_hp_loss":0,"event_name":"Living Wall","floor":4,"gold_loss":0,"cards_upgraded":["Immolate"]},{"damage_healed":0,"gold_gain":0,"player_choice":"Fought Bandits","damage_taken":0,"max_hp_gain":0,"max_hp_loss":0,"event_name":"Masked Bandits","floor":21,"gold_loss":0},{"damage_healed":0,"gold_gain":100,"player_choice":"Bet on Murderer","damage_taken":0,"max_hp_gain":0,"max_hp_loss":0,"event_name":"The Joust","floor":25,"gold_loss":50},{"damage_healed":0,"gold_gain":0,"player_choice":"Fight","damage_taken":0,"max_hp_gain":0,"max_hp_loss":0,"event_name":"Mysterious Sphere","floor":36,"gold_loss":0},{"cards_removed":["Strike_R"],"damage_healed":0,"gold_gain":0,"player_choice":"Card Removal","damage_taken":0,"max_hp_gain":0,"max_hp_loss":0,"event_name":"Wheel of Change","floor":37,"gold_loss":0}],"is_beta":true,"boss_relics":[{"not_picked":["Ectoplasm","Velvet Choker"],"picked":"Philosopher\u0027s Stone"},{"not_picked":["Black Blood","Sozu"],"picked":"Mark of Pain"}],"items_purged_floors":[31],"is_endless":false,"potions_floor_spawned":[5,8,11,12,16,18,24,33,36],"killed_by":"Transient","ascension_level":19}}