{"host":"ws1rigs6jhqnf67d","time":1611838262,"event":{"mods":["BaseMod","Friendly Minions","KinomotoSakuraMod(ƒæ÷Æ±æ”£)","Kiyohime£®«Âºß£©","Lobotomy","LobotomyExtend","Marisa£®ÏF”Í°°ƒß¿Ì…≥£©","Minty Spire (QoL Compilation)","Remilia£®¿Ÿ√◊¿Ú—«£©","StSLib","The Bug Knight","The Senshi","Youmu£®ªÍ∆«—˝√Œ£©","[IsaacMod]“‘»ˆº‚À˛"],"gold_per_floor":[114,134,148,168,187,217,229,267,332,363,386,398,410,449,461,573,585,617,629,641,653,683,728,740,779,818,845,857,446,446,461,461,558,558,569,581,630,369,387,422,422,455,455,455,465,465,494,109,109,109,109],"floor_reached":52,"language":"ZHS","playtime":2105,"items_purged":["Normality"],"score":1331,"play_id":"5d4f44d8-fc23-4080-9ed4-a555419ae9c4","local_time":"20210128205102","is_ascension_mode":true,"campfire_choices":[{"data":"HollowMod:DashSlash","floor":7,"key":"SMITH"},{"data":"HollowMod:ZotesMagnificence","floor":12,"key":"SMITH"},{"data":"HollowMod:FocusHealStart","floor":15,"key":"SMITH"},{"data":"HollowMod:DashSlash","floor":28,"key":"SMITH"},{"floor":32,"key":"REST"},{"data":"HollowMod:Hiveblood","floor":46,"key":"SMITH"},{"floor":49,"key":"REST"}],"circlet_count":0,"master_deck":["HollowMod:NailStrikeStart+1","HollowMod:NailStrikeStart+1","HollowMod:NailStrikeStart","HollowMod:NailStrikeStart","HollowMod:QuickDashStart","HollowMod:QuickDashStart","HollowMod:QuickDashStart","HollowMod:QuickDashStart","HollowMod:FocusHealStart+1","HollowMod:PogoStrike+1","HollowMod:CloakDash","HollowMod:DashSlash+1","HollowMod:ZotesMagnificence+1","HollowMod:Hiveblood+1","HollowMod:CloakDash+1","HollowMod:DashSlash+1","HollowMod:DashSlash+1","Writhe"],"relics":["HollowMod:VesselMask","HushsDoor","BFFS","LetterFromLob","MawBank","Pear","HollowMod:IsmasTear","Mango","YumHeart","Cursed Key","PreservedInsect","HollowMod:LifeEnderRelic","InkBottle","HollowMod:PaleOreRelic","Orichalcum","Regal Pillow","Black Star","theSenshi:SpiralHeartMoonRodRelic","HornCleat","Bag of Marbles","Whetstone","HollowMod:StagPassRelic","TheBible","Torii","Lantern","Incense Burner","BookOfRevelations","AntiCross"],"acts_visited":["Exordium","TheCity","TheBeyond"],"potions_floor_usage":[5,6,16,23,33,37,50,50],"damage_taken":[{"damage":1,"enemies":"Cultist","floor":1,"turns":4},{"damage":0,"enemies":"2 Louse","floor":2,"turns":2},{"damage":0,"enemies":"Small Slimes","floor":3,"turns":3},{"damage":2,"enemies":"Looter","floor":4,"turns":3},{"damage":18,"enemies":"Exordium Thugs","floor":5,"turns":7},{"damage":20,"enemies":"Lagavulin","floor":6,"turns":6},{"damage":0,"enemies":"Gremlin Nob","floor":8,"turns":3},{"damage":0,"enemies":"Exordium Wildlife","floor":10,"turns":4},{"damage":4,"enemies":"3 Louse","floor":11,"turns":4},{"damage":19,"enemies":"Lagavulin","floor":14,"turns":4},{"damage":94,"enemies":"Hexaghost","floor":16,"turns":14},{"damage":0,"enemies":"Spheric Guardian","floor":18,"turns":1},{"damage":27,"enemies":"HollowMod:HuskSentry","floor":22,"turns":5},{"damage":45,"enemies":"Book of Stabbing","floor":23,"turns":5},{"damage":31,"enemies":"Slavers","floor":25,"turns":6},{"damage":48,"enemies":"Snake Plant","floor":27,"turns":4},{"damage":25,"enemies":"Snecko","floor":31,"turns":4},{"damage":78,"enemies":"HollowMod:NKGrimm","floor":33,"turns":11},{"damage":20,"enemies":"3 Shapes","floor":35,"turns":5},{"damage":9,"enemies":"Orb Walker","floor":36,"turns":3},{"damage":26,"enemies":"2 Orb Walkers","floor":37,"turns":3},{"damage":16,"enemies":"Jaw Worm Horde","floor":39,"turns":6},{"damage":42,"enemies":"Nemesis","floor":40,"turns":7},{"damage":0,"enemies":"Giant Head","floor":42,"turns":3},{"damage":65,"enemies":"Maw","floor":45,"turns":9},{"damage":80,"enemies":"Nemesis","floor":47,"turns":7},{"damage":8,"enemies":"Time Eater","floor":50,"turns":8}],"seed_played":"-7951664621757066493","potions_obtained":[{"floor":1,"key":"Energy Potion"},{"floor":2,"key":"BlessingOfTheForge"},{"floor":4,"key":"Ancient Potion"},{"floor":5,"key":"Strength Potion"},{"floor":10,"key":"SpeedPotion"},{"floor":11,"key":"SkillPotion"},{"floor":18,"key":"AttackPotion"},{"floor":33,"key":"PowerPotion"},{"floor":40,"key":"LiquidBronze"}],"is_trial":false,"path_per_floor":["M","M","M","M","M","E","R","E","T","M","M","R","?","E","R","B",null,"M","$","?","?","M","E","$","E","T","M","R","$","?","M","R","B",null,"M","M","?","$","M","E","?","E","T","?","M","R","E","$","R","B",null,null],"character_chosen":"THE_BUGKNIGHT","items_purchased":["Orichalcum","Regal Pillow","PowerPotion","HornCleat","BookOfRevelations","AntiCross"],"campfire_rested":2,"item_purchase_floors":[29,29,29,38,48,48],"current_hp_per_floor":[73,73,75,75,69,55,55,65,65,71,73,73,84,65,65,8,76,76,76,76,76,75,48,48,66,66,40,40,40,40,34,78,27,81,79,76,75,75,75,56,56,58,58,62,51,51,10,10,54,81,81],"gold":109,"neow_bonus":"UPGRADE_CARD","is_daily":false,"chose_seed":false,"campfire_upgraded":5,"win_rate":0.0,"timestamp":1611838262,"path_taken":["M","M","M","M","M","E","R","E","T","M","M","R","?","E","R","BOSS","M","$","?","?","M","E","?","E","T","?","R","$","?","M","R","BOSS","M","M","?","?","M","E","?","E","T","?","M","R","E","$","R","BOSS"],"items_purchased_type":["Relic","Relic","Potion","Relic","Relic","Relic"],"build_version":"2020-12-22","purchased_purges":1,"victory":true,"max_hp_per_floor":[75,75,75,75,75,75,75,85,85,85,85,85,99,99,99,99,99,99,99,99,99,99,99,99,99,99,99,99,99,99,99,99,99,99,99,99,99,99,99,99,99,99,99,99,99,99,99,99,99,99,99],"card_choices":[{"not_picked":["HollowMod:NewJinnsSoul","HollowMod:ChannelNail","HollowMod:SharpenedNail"],"picked":"SKIP","floor":1},{"not_picked":["HollowMod:HowlingWraiths","HollowMod:BaldurShell"],"picked":"HollowMod:CloakDash","floor":2},{"not_picked":["HollowMod:HeavyBlow","HollowMod:SoulShaman","HollowMod:AwokenDreamNail"],"picked":"SKIP","floor":3},{"not_picked":["HollowMod:ChannelNail","HollowMod:InfectedCysts","HollowMod:HowlingWraiths"],"picked":"SKIP","floor":4},{"not_picked":["HollowMod:SharpenedNail","HollowMod:InfectionAssault","HollowMod:InfectedCysts"],"picked":"SKIP","floor":5},{"not_picked":["HollowMod:GreatSlash","HollowMod:CornifersMapStart"],"picked":"HollowMod:DashSlash","floor":6},{"not_picked":["HollowMod:VengefulVoid","HollowMod:LifebloodCocoon","HollowMod:QuirrelsAssistance"],"picked":"SKIP","floor":8},{"not_picked":["HollowMod:DreamGate","HollowMod:DesolateDive","HollowMod:RecoilStrike"],"picked":"SKIP","floor":10},{"not_picked":["HollowMod:NewGlowingWomb","HollowMod:TaintedHusks"],"picked":"HollowMod:ZotesMagnificence","floor":11},{"not_picked":["HollowMod:PureVessel","HollowMod:FastStrike","HollowMod:HowlingWraiths"],"picked":"SKIP","floor":14},{"not_picked":["HollowMod:AwokenDreamNail","HollowMod:PureVessel"],"picked":"HollowMod:Hiveblood","floor":16},{"not_picked":["HollowMod:NewLittleFool","HollowMod:ChannelNail","HollowMod:WraithStrike"],"picked":"SKIP","floor":18},{"not_picked":["HollowMod:DoubleDash+1","HollowMod:Grubsong","HollowMod:ChannelNail+1"],"picked":"SKIP","floor":22},{"not_picked":["HollowMod:DreamGate+1","HollowMod:GoodIntentions+1"],"picked":"HollowMod:CloakDash+1","floor":23},{"not_picked":["HollowMod:SoulEater","HollowMod:DescendingDark"],"picked":"HollowMod:DashSlash","floor":25},{"not_picked":["HollowMod:GoodIntentions","HollowMod:HeavyBlow","HollowMod:BrokenVessel"],"picked":"SKIP","floor":27},{"not_picked":["HollowMod:ChannelNail+1","HollowMod:SoulStrike","HollowMod:LordofShades"],"picked":"SKIP","floor":31},{"not_picked":["HollowMod:LuriensSpire+1","HollowMod:MonarchWings","HollowMod:NewLittleFool"],"picked":"SKIP","floor":35},{"not_picked":["HollowMod:LifebloodCocoon+1","HollowMod:DoubleDash+1","HollowMod:TaintedHusks+1"],"picked":"SKIP","floor":36},{"not_picked":["HollowMod:WraithStrike+1","HollowMod:QuirrelsAssistance","HollowMod:TaintedHusks+1"],"picked":"SKIP","floor":39},{"not_picked":["HollowMod:VengefulSpirit","HollowMod:GoodIntentions"],"picked":"HollowMod:DashSlash+1","floor":40},{"not_picked":["Forethought","Thinking Ahead"],"picked":"ChaosCard","floor":41},{"not_picked":["HollowMod:GoodIntentions","HollowMod:NewLittleFool+1","HollowMod:MawleksShell+1"],"picked":"SKIP","floor":42},{"not_picked":["HollowMod:TaintedHusks+1","HollowMod:InfectedCysts+1","HollowMod:HeavyBlow+1"],"picked":"SKIP","floor":45},{"not_picked":["HollowMod:CloakDash","HollowMod:BrokenVessel+1","HollowMod:SoulShaman"],"picked":"SKIP","floor":47}],"player_experience":914367,"relics_obtained":[{"floor":1,"key":"LetterFromLob"},{"floor":6,"key":"MawBank"},{"floor":8,"key":"Pear"},{"floor":9,"key":"HollowMod:IsmasTear"},{"floor":14,"key":"YumHeart"},{"floor":23,"key":"HollowMod:LifeEnderRelic"},{"floor":25,"key":"InkBottle"},{"floor":26,"key":"HollowMod:PaleOreRelic"},{"floor":37,"key":"theSenshi:SpiralHeartMoonRodRelic"},{"floor":40,"key":"Bag of Marbles"},{"floor":40,"key":"Whetstone"},{"floor":42,"key":"HollowMod:StagPassRelic"},{"floor":42,"key":"TheBible"},{"floor":43,"key":"Torii"},{"floor":47,"key":"Lantern"},{"floor":47,"key":"Incense Burner"}],"event_choices":[{"damage_healed":0,"gold_gain":0,"player_choice":"Success","damage_taken":3,"relics_obtained":["Mango"],"max_hp_gain":0,"max_hp_loss":0,"event_name":"Scrap Ooze","floor":13,"gold_loss":0},{"damage_healed":0,"gold_gain":0,"player_choice":"Ignored","damage_taken":0,"max_hp_gain":0,"max_hp_loss":0,"event_name":"Beggar","floor":20,"gold_loss":0},{"damage_healed":0,"gold_gain":0,"player_choice":"Opened","damage_taken":0,"relics_obtained":["PreservedInsect"],"max_hp_gain":0,"max_hp_loss":0,"event_name":"The Mausoleum","floor":21,"gold_loss":0},{"damage_healed":0,"gold_gain":0,"player_choice":"Fought Bandits","damage_taken":0,"max_hp_gain":0,"max_hp_loss":0,"event_name":"Masked Bandits","floor":30,"gold_loss":0},{"damage_healed":0,"gold_gain":0,"player_choice":"Fight","damage_taken":0,"max_hp_gain":0,"max_hp_loss":0,"event_name":"Mysterious Sphere","floor":37,"gold_loss":0},{"damage_healed":0,"gold_gain":0,"player_choice":"Memory 1","damage_taken":0,"max_hp_gain":0,"max_hp_loss":0,"event_name":"SensoryStone","floor":41,"gold_loss":0}],"is_beta":false,"boss_relics":[{"not_picked":["ChampionBelt","Tiny House"],"picked":"Cursed Key"},{"not_picked":[]},{"not_picked":["SacredBark","Coffee Dripper"],"picked":"Black Star"},{"not_picked":[]}],"items_purged_floors":[29],"is_endless":false,"potions_floor_spawned":[1,2,4,5,10,11,18,22,33,36,40,42],"ascension_level":7}}