{"host":"xnmm48bggm313m0r","time":1611812698,"event":{"mods":["Arknights The Spire","BaseMod","Curses Come First","KOR Keyword Fix","Minty Spire (QoL Compilation)","Replay The Spire","StSLib","The Hierophant","The Runesmith","The Servant 0.9.4"],"gold_per_floor":[114,114,134,154,45,45,76,76],"floor_reached":7,"language":"KOR","playtime":355,"items_purged":["FlawlessForm"],"score":51,"play_id":"a6b508ad-8e5b-4ae8-b8ae-816357af6617","local_time":"20210128144458","daily_mods":["Heirloom","Time Dilation"],"is_ascension_mode":false,"campfire_choices":[{"data":"Runesmith:HeatExchange","floor":6,"key":"SMITH"}],"circlet_count":0,"master_deck":["Demon Form","Wraith Form v2","Echo Form","DevaForm","Runesmith:CreatorForm","Runesmith:Strike_RS","Runesmith:Strike_RS","Runesmith:Strike_RS","Runesmith:Strike_RS","Runesmith:Defend_RS","Runesmith:Defend_RS","Runesmith:Defend_RS","Runesmith:CraftFirestone","Runesmith:Fortify","Runesmith:HeatExchange+1","Runesmith:ShiftingStrike+1","Runesmith:PerfectChisel","Runesmith:Grindstone","Runesmith:Firewall","Runesmith:OneForEveryone"],"relics":["Unceasing Top","replay:Trail_Library","CaptainsWheel","Durian"],"acts_visited":["Exordium"],"potions_floor_usage":[],"damage_taken":[{"damage":8,"enemies":"Cultist","floor":1,"turns":5},{"damage":17,"enemies":"2 Louse","floor":3,"turns":5},{"damage":15,"enemies":"Small Slimes","floor":4,"turns":5},{"damage":13,"enemies":"Lagavulin","floor":7,"turns":6}],"seed_played":"6176404763072377756","potions_obtained":[{"floor":1,"key":"SpeedPotion"},{"floor":7,"key":"FearPotion"}],"is_trial":true,"path_per_floor":["M","?","M","M","$","R","E"],"character_chosen":"RUNESMITH_CLASS","items_purchased":["Runesmith:Firewall"],"campfire_rested":0,"item_purchase_floors":[5],"current_hp_per_floor":[62,62,45,30,30,30,22,22],"gold":76,"neow_bonus":"","is_daily":false,"chose_seed":false,"campfire_upgraded":1,"win_rate":0.0,"timestamp":1611812698,"path_taken":["?","?","M","M","$","R","E"],"items_purchased_type":["Card"],"build_version":"2020-12-22","purchased_purges":1,"victory":false,"max_hp_per_floor":[70,70,70,70,70,70,75,75],"card_choices":[{"not_picked":["Runesmith:Reinforce","Runesmith:Grindstone"],"picked":"Runesmith:HeatExchange","floor":1},{"not_picked":["Runesmith:Grindstone","Runesmith:Augment"],"picked":"Runesmith:PerfectChisel","floor":3},{"not_picked":["Runesmith:NegativeSpace","Runesmith:HeatedChisel"],"picked":"Runesmith:Grindstone","floor":4},{"not_picked":["Runesmith:Superposition","Runesmith:Retool"],"picked":"Runesmith:OneForEveryone","floor":7}],"player_experience":143875,"relics_obtained":[{"floor":7,"key":"Durian"}],"event_choices":[],"is_beta":false,"boss_relics":[],"items_purged_floors":[5],"is_endless":true,"potions_floor_spawned":[1,7],"killed_by":"Lagavulin","ascension_level":0}}