{"host":"39cwv5sgq9xx7422","time":1611798049,"event":{"mods":["BaseMod","Colored Map","Downfall","Minty Spire (QoL Compilation)","Permanent Neow","StSLib"],"gold_per_floor":[99,199,215,232,232,259,307,320,338,238,238,238,238,238],"floor_reached":12,"language":"ENG","playtime":523,"items_purged":[],"score":78,"play_id":"e0430818-f6a6-4cfd-8c72-0fa4615a9bc2","local_time":"20210128024049","is_ascension_mode":false,"campfire_choices":[{"data":"1","floor":1,"key":"LIFT"},{"data":"2","floor":10,"key":"LIFT"}],"circlet_count":0,"master_deck":["bronze:Strike","bronze:Strike","bronze:Strike","bronze:Strike","bronze:Defend","bronze:Defend","bronze:Defend","bronze:Defend","bronze:Replicate","bronze:Goto","bronze:MaxOutput","bronze:BronzeArmor+1"],"relics":["bronze:BronzeCore","Girya","downfall:BrokenWingStatue","Toxic Egg 2","downfall:HeartBlessingBlue"],"acts_visited":["Exordium"],"potions_floor_usage":[12],"damage_taken":[{"damage":6,"enemies":"2 Louse","floor":3,"turns":4},{"damage":10,"enemies":"Small Slimes","floor":4,"turns":4},{"damage":21,"enemies":"Lagavulin","floor":6,"turns":6},{"damage":6,"enemies":"Jaw Worm","floor":8,"turns":4},{"damage":0,"enemies":"Large Slime","floor":9,"turns":4},{"damage":15,"enemies":"3 Sentries","floor":12,"turns":6}],"seed_played":"3031870321488198006","potions_obtained":[{"floor":6,"key":"champ:CounterPotion"}],"is_trial":false,"path_per_floor":["R","?","M","M","?","E","T","M","M","R","?","E"],"character_chosen":"THE_AUTOMATON","items_purchased":[],"campfire_rested":0,"item_purchase_floors":[],"current_hp_per_floor":[49,49,43,33,33,12,12,6,6,16,16,1,1,1],"gold":238,"neow_bonus":"ONE_RARE_RELIC","is_daily":false,"chose_seed":false,"campfire_upgraded":0,"win_rate":0.0,"timestamp":1611798049,"path_taken":["R","?","M","M","?","E","T","M","M","R","?","E"],"items_purchased_type":[],"build_version":"2020-12-22","purchased_purges":0,"victory":false,"max_hp_per_floor":[70,70,70,70,70,70,70,70,70,80,80,80,80,80],"card_choices":[{"not_picked":["bronze:WhirlingStrike","bronze:ForceShield"],"picked":"bronze:MaxOutput","floor":3},{"not_picked":["bronze:DelayedGuard","bronze:ForLoop","bronze:GetLatest"],"picked":"SKIP","floor":4},{"not_picked":["bronze:Overheat","bronze:BitShift+1","bronze:WildBeam"],"picked":"SKIP","floor":6},{"not_picked":["bronze:Refactor+1","bronze:WildBeam","bronze:Backtrace"],"picked":"SKIP","floor":8},{"not_picked":["bronze:NullPointer","bronze:Overheat"],"picked":"bronze:BronzeArmor+1","floor":9}],"player_experience":633258,"relics_obtained":[{"floor":6,"key":"Toxic Egg 2"}],"event_choices":[],"is_beta":false,"boss_relics":[],"items_purged_floors":[],"is_endless":false,"potions_floor_spawned":[6],"killed_by":"3 Sentries","ascension_level":0}}