{"host":"qxlnb1uz9drfcwnc","time":1611795227,"event":{"mods":["100% Spire Juice","BaseMod","Bestiary","Curses Come First","Minty Spire (QoL Compilation)","StSLib","The Servant 0.9.4"],"gold_per_floor":[112,127,147,97,97,97,97,114,114,114,127,462,474,488,488,593,593,610,610,535,547,547,586,586,622,622,638,638,56,66,82,82,82,82],"floor_reached":33,"language":"ENG","playtime":3485,"items_purged":["Moonworks:JonathanRush"],"score":314,"play_id":"1984f9b3-b4b8-4940-86d0-de47821568a7","local_time":"20210127165347","is_ascension_mode":false,"campfire_choices":[{"data":"Moonworks:x16BigRocket","floor":6.0,"key":"SMITH"},{"data":"Moonworks:SealedMemories","floor":15.0,"key":"SMITH"},{"data":"Moonworks:AnotherUltimateWeapon","floor":24.0,"key":"SMITH"},{"data":"Moonworks:Encore","floor":28,"key":"SMITH"},{"data":"Moonworks:BackdoorTrade","floor":32,"key":"SMITH"}],"circlet_count":0,"master_deck":["Moonworks:Strike+1","Moonworks:Strike","Moonworks:Strike","Moonworks:Strike","Moonworks:Defend","Moonworks:Defend","Moonworks:Ambush","Moonworks:LongDistanceShot","Moonworks:NicePresent","Moonworks:Dash+1","Moonworks:x16BigRocket+1","Moonworks:IndiscriminateFireSupport","Moonworks:CompletionReward","Moonworks:SealedMemories+1","Moonworks:BeyondHell","Moonworks:DevilHand","Moonworks:Encore+1","Moonworks:Dinner","Ghostly","Ghostly","Ghostly","Ghostly","Ghostly","Moonworks:BackdoorTrade+1","Moonworks:Dash","Moonworks:RedAndBlue","Moonworks:AnotherUltimateWeapon+1","Moonworks:IndiscriminateFireSupport"],"relics":["Moonworks:BrokenBomb","Moonworks:Homemark","StrikeDummy","Old Coin","Runic Pyramid","CeramicFish","Lantern","Ornamental Fan","Happy Flower","Shuriken"],"acts_visited":["Exordium","TheCity"],"potions_floor_usage":[29,33],"damage_taken":[{"damage":6.0,"enemies":"Jaw Worm","floor":1.0,"turns":3.0},{"damage":0.0,"enemies":"Small Slimes","floor":2.0,"turns":3.0},{"damage":0.0,"enemies":"2 Louse","floor":3.0,"turns":3.0},{"damage":2.0,"enemies":"Blue Slaver","floor":8.0,"turns":4.0},{"damage":10.0,"enemies":"Exordium Thugs","floor":11.0,"turns":2.0},{"damage":26.0,"enemies":"Lagavulin","floor":12.0,"turns":5.0},{"damage":1.0,"enemies":"2 Fungi Beasts","floor":13.0,"turns":2.0},{"damage":0.0,"enemies":"Large Slime","floor":14.0,"turns":2.0},{"damage":12.0,"enemies":"Hexaghost","floor":16.0,"turns":4.0},{"damage":15.0,"enemies":"Chosen","floor":18.0,"turns":4.0},{"damage":7.0,"enemies":"2 Thieves","floor":21.0,"turns":3.0},{"damage":21.0,"enemies":"Gremlin Leader","floor":23.0,"turns":8.0},{"damage":5.0,"enemies":"Slavers","floor":25.0,"turns":6.0},{"damage":1,"enemies":"Centurion and Healer","floor":27,"turns":6},{"damage":0,"enemies":"Snake Plant","floor":30,"turns":4},{"damage":9,"enemies":"Cultist and Chosen","floor":31,"turns":6},{"damage":17,"enemies":"Collector","floor":33,"turns":3}],"seed_played":"8355267125563442938","potions_obtained":[{"floor":2.0,"key":"Moonworks:OneHundredPercentOrangeJuicePotion"},{"floor":3.0,"key":"Energy Potion"},{"floor":8.0,"key":"SteroidPotion"},{"floor":14.0,"key":"LiquidMemories"},{"floor":25.0,"key":"Regen Potion"}],"is_trial":false,"path_per_floor":["M","M","M","?","?","R","?","M","T","?","M","E","M","M","R","B",null,"M","?","?","M","?","E","R","E","T","M","R","$","M","M","R","B"],"character_chosen":"THE_STARBREAKER","items_purchased":["Happy Flower","Fruit Juice","Shuriken"],"campfire_rested":0,"item_purchase_floors":[29,29,29],"current_hp_per_floor":[60,60,60,60,47,47,47,45,45,50,40,14,13,13,13,1,71,56,35,35,28,28,7,7,8,8,7,7,12,12,3,3,0,0],"gold":82,"neow_bonus":"TEN_PERCENT_HP_BONUS","is_daily":false,"chose_seed":false,"campfire_upgraded":5,"win_rate":0.0,"timestamp":1611795227,"path_taken":["M","M","M","?","?","R","?","M","T","?","M","E","M","?","R","BOSS","BOSS","M","?","?","?","?","E","R","E","T","M","R","?","M","M","R","BOSS"],"items_purchased_type":["Relic","Potion","Relic"],"build_version":"2020-12-22","purchased_purges":1,"victory":false,"max_hp_per_floor":[66,66,66,66,66,66,66,66,66,71,71,71,71,71,71,71,71,71,35,35,35,35,35,35,35,35,35,35,40,40,40,40,40,40],"card_choices":[{"not_picked":["Moonworks:BigMagnum","Moonworks:CastOff"],"picked":"Moonworks:NicePresent","floor":1.0},{"not_picked":["Moonworks:NicePresent","Moonworks:UnpaidWork"],"picked":"Moonworks:Dash","floor":2.0},{"not_picked":["Moonworks:IndiscriminateFireSupport","Moonworks:SakisCookie"],"picked":"Moonworks:x16BigRocket","floor":3.0},{"not_picked":["Moonworks:CastOff","Moonworks:JonathanRush"],"picked":"Moonworks:IndiscriminateFireSupport","floor":8.0},{"not_picked":["Moonworks:Heat300Percent","Moonworks:EvilSpyWorkPreparation"],"picked":"Moonworks:CompletionReward","floor":11.0},{"not_picked":["Moonworks:ScrambledEve","Moonworks:NicePresent"],"picked":"Moonworks:SealedMemories","floor":12.0},{"not_picked":["Moonworks:BigMagnum","Moonworks:CastOff"],"picked":"Moonworks:BeyondHell","floor":13.0},{"not_picked":["Moonworks:NicePresent","Moonworks:CloudOfSeagulls"],"picked":"Moonworks:DevilHand","floor":14.0},{"not_picked":["Moonworks:LeapThroughSpace","Moonworks:ShieldCounter"],"picked":"Moonworks:Encore","floor":16.0},{"not_picked":["Moonworks:TreasureThief","Moonworks:Assault"],"picked":"Moonworks:Dinner","floor":18.0},{"not_picked":["Moonworks:JonathanRush","Moonworks:DeployBits"],"picked":"Moonworks:BackdoorTrade","floor":21.0},{"not_picked":["Moonworks:SakisCookie","Moonworks:ImOnFire"],"picked":"Moonworks:JonathanRush","floor":23.0},{"not_picked":["Moonworks:Dinner","Moonworks:WindyEnchantment"],"picked":"Moonworks:IndiscriminateFireSupport","floor":25.0},{"not_picked":["Moonworks:DeployBits","Moonworks:CloudOfSeagulls+1","Moonworks:SakisCookie"],"picked":"SKIP","floor":27},{"not_picked":["Moonworks:LulusLuckyEgg","Moonworks:AngelHand","Moonworks:ImOnFire"],"picked":"SKIP","floor":30},{"not_picked":["Moonworks:ScrambledEve","Moonworks:JonathanRush+1","Moonworks:BigMagnum"],"picked":"SKIP","floor":31}],"player_experience":124639,"relics_obtained":[{"floor":9.0,"key":"StrikeDummy"},{"floor":12.0,"key":"Old Coin"},{"floor":23.0,"key":"CeramicFish"},{"floor":25.0,"key":"Lantern"},{"floor":26.0,"key":"Ornamental Fan"}],"event_choices":[{"cards_removed":["Moonworks:Defend"],"damage_healed":0.0,"max_hp_gain":0.0,"max_hp_loss":0.0,"gold_gain":0.0,"event_name":"The Cleric","player_choice":"Card Removal","floor":4.0,"gold_loss":50.0,"damage_taken":0.0},{"damage_healed":0.0,"max_hp_gain":0.0,"max_hp_loss":0.0,"gold_gain":0.0,"event_name":"Shining Light","player_choice":"Entered Light","floor":5.0,"gold_loss":0.0,"damage_taken":13.0,"cards_upgraded":["Moonworks:Dash","Moonworks:Strike"]},{"damage_healed":0.0,"max_hp_gain":0.0,"max_hp_loss":0.0,"gold_gain":0.0,"event_name":"Liars Game","player_choice":"Ignored","floor":7.0,"gold_loss":0.0,"damage_taken":0.0},{"damage_healed":0.0,"max_hp_gain":5.0,"max_hp_loss":0.0,"gold_gain":0.0,"event_name":"Big Fish","player_choice":"Donut","floor":10.0,"gold_loss":0.0,"damage_taken":0.0},{"damage_healed":0.0,"max_hp_gain":0.0,"max_hp_loss":36.0,"gold_gain":0.0,"event_name":"Ghosts","player_choice":"Became a Ghost","floor":19.0,"gold_loss":0.0,"damage_taken":0.0,"cards_obtained":["Ghostly","Ghostly","Ghostly","Ghostly","Ghostly"]},{"cards_removed":["Moonworks:Defend"],"damage_healed":0.0,"max_hp_gain":0.0,"max_hp_loss":0.0,"gold_gain":0.0,"event_name":"Beggar","player_choice":"Gave Gold","floor":20.0,"gold_loss":75.0,"damage_taken":0.0},{"damage_healed":0.0,"max_hp_gain":0.0,"max_hp_loss":0.0,"gold_gain":0.0,"event_name":"Match and Keep!","player_choice":"3 cards matched","floor":22.0,"gold_loss":0.0,"damage_taken":0.0,"cards_obtained":["Moonworks:Dash","Moonworks:RedAndBlue","Moonworks:AnotherUltimateWeapon"]}],"is_beta":false,"boss_relics":[{"not_picked":["Pandora\u0027s Box","Runic Dome"],"picked":"Runic Pyramid"}],"items_purged_floors":[29],"is_endless":false,"potions_floor_spawned":[2,3,8,14,18,25],"killed_by":"Collector","ascension_level":0}}