{"host":"oc9j5nmpwz4e9fqj","time":1611860352,"event":{"mods":["ATMod(°¢èªMod)","AchievementEnabler","Act Like it!","BaseMod","Conspire","Gensokyo","KomeijiMod","Lobotomy","Minty Spire (QoL Compilation)","Replay The Spire","StSLib","TestMod","[IsaacMod]ÒÔÈö¼âËþ","¡¾ÒÅÎï¿¨ÅÆ¡¿REMEMod"],"gold_per_floor":[539,977,1335,1335,1726,1726,2137,2137,2137,2583,2029,2057,2057,2057,2057,2072,2072],"floor_reached":16,"language":"ZHS","playtime":832,"items_purged":["Strike_G"],"score":254,"play_id":"af05c9b3-883b-4011-b440-29aa313488c5","local_time":"20210129035912","is_ascension_mode":true,"campfire_choices":[{"floor":6,"key":"REST"},{"floor":8,"key":"RECALL"},{"floor":15,"key":"REST"}],"circlet_count":0,"master_deck":["AscendersBane","Strike_G","Strike_G","Strike_G","Strike_G","Defend_G","Defend_G","Defend_G","Defend_G","Defend_G","Survivor","Neutralize","BettingIsNotGood","Dagger Spray","AT_WindFlip","Poisoned Stab","Dagger Spray","Catalyst","Bane","PiercingWail","Poisoned Stab"],"relics":["testmod-TestBox","HushsDoor","AT_ATBox","REME_ComplimentaryCards","DeathBook","testmod-IndustrialRevolution","Ring of Chaos","Snake Skull","Replay:Rubber Ducky","OrangePellets","Divine Protection","ReplayTheSpireMod:TigerMarble"],"acts_visited":["Exordium"],"potions_floor_usage":[12,12],"damage_taken":[{"damage":11,"enemies":"Cultist","floor":1,"turns":5},{"damage":0,"enemies":"2 Louse","floor":2,"turns":2},{"damage":6,"enemies":"Jaw Worm","floor":3,"turns":5},{"damage":30,"enemies":"Large Slime","floor":5,"turns":7},{"damage":6,"enemies":"Looter","floor":7,"turns":4},{"damage":6,"enemies":"3 Louse","floor":10,"turns":3},{"damage":11,"enemies":"Gremlin Nob","floor":12,"turns":3},{"damage":43,"enemies":"The Guardian","floor":16,"turns":10}],"seed_played":"-6551769009685419422","potions_obtained":[{"floor":1,"key":"Adrenaline Potion"},{"floor":2,"key":"EntropicBrew"},{"floor":3,"key":"Poison Potion"}],"is_trial":false,"path_per_floor":["M","M","M","?","M","R","M","R","T","M","$","E","?","T","R","B"],"character_chosen":"THE_SILENT","items_purchased":["Snake Skull","Replay:Rubber Ducky","OrangePellets"],"campfire_rested":2,"item_purchase_floors":[11,11,11],"current_hp_per_floor":[53,53,52,52,22,41,35,35,35,29,29,23,23,23,42,0,0],"gold":2072,"neow_bonus":"BOSS_RELIC","is_daily":false,"chose_seed":false,"campfire_upgraded":0,"win_rate":0.0,"timestamp":1611860352,"path_taken":["M","M","?","?","M","R","M","R","T","M","$","E","?","?","R","BOSS"],"items_purchased_type":["Relic","Relic","Relic"],"build_version":"2020-12-22","purchased_purges":1,"victory":false,"max_hp_per_floor":[66,66,66,66,66,66,66,66,66,66,66,66,66,66,66,66,66],"card_choices":[{"not_picked":[],"picked":"BettingIsNotGood","floor":0},{"not_picked":["Deflect","Choke"],"picked":"Dagger Spray","floor":1},{"not_picked":["Dash","Fluid Movement","Well Laid Plans"],"picked":"SKIP","floor":1},{"not_picked":["Blade Dance","Hidden Blade"],"picked":"AT_WindFlip","floor":2},{"not_picked":["Well Laid Plans","Sucker Punch","Draining Mist"],"picked":"SKIP","floor":2},{"not_picked":["Infinite Blades","Prepared"],"picked":"Poisoned Stab","floor":3},{"not_picked":["AT_WindFlip","ReplayTheSpireMod:Speed Training","Choke"],"picked":"SKIP","floor":3},{"not_picked":["Riddle With Holes","Flying Knee"],"picked":"Catalyst","floor":5},{"not_picked":["Dagger Spray","Sucker Punch","Quick Slash"],"picked":"SKIP","floor":5},{"not_picked":["Deflect","Envenom"],"picked":"Bane","floor":7},{"not_picked":["Riddle With Holes","Slice","Outmaneuver"],"picked":"SKIP","floor":7},{"not_picked":["Prepared","Underhanded Strike"],"picked":"PiercingWail","floor":10},{"not_picked":["Dodge and Roll","Bane","Cloak And Dagger"],"picked":"SKIP","floor":10},{"not_picked":["Sucker Punch","PiercingWail"],"picked":"Poisoned Stab","floor":12}],"player_experience":235325,"relics_obtained":[{"floor":12,"key":"Divine Protection"},{"floor":14,"key":"ReplayTheSpireMod:TigerMarble"}],"event_choices":[],"is_beta":false,"boss_relics":[],"items_purged_floors":[11],"is_endless":false,"potions_floor_spawned":[1,2,2,3,3,7,10,10,10],"killed_by":"The Guardian","ascension_level":20}}