{"host":"w8jq41i5zn1fudf9","time":1611860828,"event":{"mods":["AchievementEnabler","BaseMod","Colored Map","Colored Powertips","Curses Come First","GifTheSpireLib","Googly Eyes","Minty Spire (QoL Compilation)","Quick Restart","Rare Cards Sparkle","Relic Stats","StSLib","The Awakened One except there are too many feathers","egg","everything is the same but u backflip on backflip","slay the spire mod where everything is the same but ironclad has a cowboy hat"],"gold_per_floor":[116,191,191,214,60,99,99,99,99,124,124,149,149,163,163,294,294,314,337,337,357,371,371,386,386,386,386,417,516,516,516],"floor_reached":30,"language":"ENG","playtime":586,"items_purged":[],"score":303,"play_id":"6e1acb18-58b0-4a47-92ba-2dfe55281db0","local_time":"20210128120708","is_ascension_mode":true,"campfire_choices":[{"data":"Zap","floor":7,"key":"SMITH"},{"data":"Defragment","floor":13,"key":"SMITH"},{"data":"Streamline","floor":15,"key":"SMITH"},{"floor":23,"key":"REST"},{"floor":25,"key":"REST"},{"data":"Electrodynamics","floor":27,"key":"SMITH"}],"circlet_count":0,"master_deck":["Strike_B+1","Strike_B+1","Strike_B","Strike_B+1","Defend_B","Defend_B","Defend_B","Defend_B","Zap+1","Dualcast+1","Defragment+1","Streamline+1","Leap","Pain","Thunder Strike","Electrodynamics+1","Cold Snap+1","Doom and Gloom","Loop","Rip and Tear+1"],"relics":["Cracked Core","NeowsBlessing","Golden Idol","Happy Flower","Whetstone","Pantograph","WarpedTongs","Sozu","Pen Nib","DataDisk","PreservedInsect"],"acts_visited":["Exordium","TheCity"],"potions_floor_usage":[1,16],"damage_taken":[{"damage":0,"enemies":"Small Slimes","floor":1,"turns":1},{"damage":0,"enemies":"Jaw Worm","floor":4,"turns":1},{"damage":0,"enemies":"3 Sentries","floor":6,"turns":1},{"damage":0,"enemies":"2 Louse","floor":10,"turns":2},{"damage":3,"enemies":"2 Fungi Beasts","floor":12,"turns":2},{"damage":9,"enemies":"Red Slaver","floor":14,"turns":2},{"damage":40,"enemies":"Hexaghost","floor":16,"turns":8},{"damage":15,"enemies":"2 Thieves","floor":18,"turns":2},{"damage":8,"enemies":"Chosen","floor":19,"turns":3},{"damage":30,"enemies":"Shelled Parasite and Fungi","floor":21,"turns":5},{"damage":3,"enemies":"Snecko","floor":22,"turns":3},{"damage":16,"enemies":"Centurion and Healer","floor":24,"turns":4},{"damage":18,"enemies":"Gremlin Leader","floor":28,"turns":4},{"damage":35,"enemies":"Slavers","floor":30,"turns":2}],"seed_played":"9198517024518491431","potions_obtained":[{"floor":1,"key":"Fruit Juice"},{"floor":6,"key":"FocusPotion"},{"floor":14,"key":"DistilledChaos"}],"is_trial":false,"path_per_floor":["M","?","?","M","$","E","R","?","T","M","?","M","R","M","R","B",null,"M","M","?","M","M","R","M","R","T","R","E","?","E"],"character_chosen":"DEFECT","items_purchased":["Happy Flower"],"campfire_rested":2,"item_purchase_floors":[5],"current_hp_per_floor":[80,69,69,69,69,69,69,54,54,54,54,51,51,42,42,27,74,59,51,51,21,18,40,24,46,46,46,28,28,0,0],"gold":516,"neow_bonus":"THREE_ENEMY_KILL","is_daily":false,"chose_seed":false,"campfire_upgraded":4,"win_rate":0.0,"timestamp":1611860828,"path_taken":["M","?","?","M","?","E","R","?","T","M","?","M","R","M","R","BOSS","M","M","?","M","?","R","M","R","T","R","E","?","E"],"items_purchased_type":["Relic"],"build_version":"2020-12-22","purchased_purges":0,"victory":false,"max_hp_per_floor":[80,80,74,74,74,74,74,74,74,74,74,74,74,74,74,74,74,74,74,74,74,74,74,74,74,74,74,74,74,74,74],"relic_stats":{"Sozu":2,"Happy Flower":[12],"counters":[14,40],"Golden Idol":77,"Pantograph":25,"Pen Nib":[2],"PreservedInsect":39,"Whetstone":["Strike_B","Strike_B"],"obtain_stats":[{"Sozu":17,"DataDisk":26,"NeowsBlessing":0,"Happy Flower":5,"Golden Idol":3,"Pantograph":9,"Pen Nib":20,"PreservedInsect":28,"Whetstone":6,"Cracked Core":0,"WarpedTongs":11},{"Sozu":7,"DataDisk":12,"NeowsBlessing":0,"Happy Flower":2,"Golden Idol":1,"Pantograph":3,"Pen Nib":9,"PreservedInsect":13,"Whetstone":3,"Cracked Core":0,"WarpedTongs":4},{"Sozu":17,"DataDisk":34,"NeowsBlessing":0,"Happy Flower":2,"Golden Idol":1,"Pantograph":3,"Pen Nib":22,"PreservedInsect":38,"Whetstone":3,"Cracked Core":0,"WarpedTongs":5}],"WarpedTongs":[32]},"card_choices":[{"not_picked":["Steam Power","Gash"],"picked":"Defragment","floor":1},{"not_picked":["Stack","Lockon","White Noise"],"picked":"SKIP","floor":4},{"not_picked":["Biased Cognition","Stack"],"picked":"Streamline","floor":6},{"not_picked":["Fusion","Sweeping Beam"],"picked":"Leap","floor":10},{"not_picked":["White Noise","Turbo","Sunder"],"picked":"SKIP","floor":12},{"not_picked":["Double Energy","Compile Driver"],"picked":"Thunder Strike","floor":14},{"not_picked":["Machine Learning","Creative AI"],"picked":"Electrodynamics","floor":16},{"not_picked":["Conserve Battery","Sunder","Consume"],"picked":"SKIP","floor":18},{"not_picked":["Leap","Aggregate"],"picked":"Cold Snap+1","floor":19},{"not_picked":["Aggregate","Storm"],"picked":"Doom and Gloom","floor":21},{"not_picked":["Skim","Compile Driver"],"picked":"Loop","floor":22},{"not_picked":["Hello World","Conserve Battery","Sweeping Beam"],"picked":"SKIP","floor":24},{"not_picked":["Chaos","Hello World"],"picked":"Rip and Tear+1","floor":28}],"player_experience":71341,"relics_obtained":[{"floor":6,"key":"Whetstone"},{"floor":9,"key":"Pantograph"},{"floor":26,"key":"DataDisk"},{"floor":28,"key":"PreservedInsect"}],"event_choices":[{"damage_healed":0,"gold_gain":75,"player_choice":"Gather Gold","damage_taken":11,"max_hp_gain":0,"max_hp_loss":0,"event_name":"World of Goop","floor":2,"gold_loss":0},{"damage_healed":0,"gold_gain":0,"player_choice":"Lose Max HP","damage_taken":0,"relics_obtained":["Golden Idol"],"max_hp_gain":0,"max_hp_loss":6,"event_name":"Golden Idol","floor":3,"gold_loss":0},{"damage_healed":0,"gold_gain":0,"player_choice":"Entered Light","damage_taken":15,"max_hp_gain":0,"max_hp_loss":0,"event_name":"Shining Light","floor":8,"gold_loss":0,"cards_upgraded":["Dualcast","Strike_B"]},{"damage_healed":0,"gold_gain":0,"player_choice":"Rummage","damage_taken":0,"relics_obtained":["WarpedTongs"],"max_hp_gain":0,"max_hp_loss":0,"event_name":"Accursed Blacksmith","floor":11,"gold_loss":0,"cards_obtained":["Pain"]},{"damage_healed":0,"gold_gain":0,"player_choice":"Gave Potion","damage_taken":0,"relics_obtained":["Pen Nib"],"max_hp_gain":0,"max_hp_loss":0,"event_name":"WeMeetAgain","floor":20,"gold_loss":0},{"damage_healed":0,"gold_gain":99,"player_choice":"Stole From Cult","damage_taken":0,"max_hp_gain":0,"max_hp_loss":0,"event_name":"Nest","floor":29,"gold_loss":0}],"is_beta":false,"boss_relics":[{"not_picked":["Busted Crown","Tiny House"],"picked":"Sozu"}],"items_purged_floors":[],"is_endless":false,"potions_floor_spawned":[1,6,14,18,22],"killed_by":"Slavers","ascension_level":2}}