{"host":"hixkpep13ay54y5b","time":1611876295,"event":{"mods":["AchievementEnabler","BaseMod","BetterRewards","Colored Map","Hubris","Infinite Spire","Minty Spire (QoL Compilation)","Quick Restart","Replay The Spire","Shop Mod","StSLib","SuperFastMode"],"gold_per_floor":[113,288,135,150,164,129,160,160,183,40,59,59,71,85,85,183,183,201,213,213,213,282,176,176,195,195,195,209,209,209,209,209,209],"floor_reached":32,"language":"ENG","playtime":609,"items_purged":["Doubt","Strike_R","Strike_R"],"score":240,"play_id":"53b2d459-0487-4e23-a7b4-654fd1495248","local_time":"20210128182455","is_ascension_mode":false,"campfire_choices":[{"data":"Heavy Blade","floor":12.0,"key":"SMITH"},{"data":"Inflame","floor":15.0,"key":"SMITH"},{"floor":27.0,"key":"REST"},{"floor":29.0,"key":"REST"}],"circlet_count":0,"master_deck":["Strike_R","Strike_R","Strike_R","Defend_R+1","Defend_R","Defend_R+1","Defend_R","Bash","Thunderclap","Inflame+1","Heavy Blade+1","Inflame","Thunderclap","Twin Strike","Cleave","Reaper"],"relics":["Burning Blood","NeowsBlessing","Paper Frog","Replay:Mystery Machine","Simple Rune","Black Star","hubris:Zylophone","Potion Belt","infinitespire:Broken Mirror","MerchantsRug","Replay:Ringing Soul"],"acts_visited":["Exordium","TheCity"],"potions_floor_usage":[32],"damage_taken":[{"damage":0.0,"enemies":"Jaw Worm","floor":1.0,"turns":1.0},{"damage":0.0,"enemies":"2 Louse","floor":4.0,"turns":1.0},{"damage":0.0,"enemies":"Cultist","floor":5.0,"turns":1.0},{"damage":10.0,"enemies":"Lagavulin","floor":7.0,"turns":5.0},{"damage":0.0,"enemies":"3 Louse","floor":11.0,"turns":3.0},{"damage":6.0,"enemies":"Exordium Wildlife","floor":13.0,"turns":3.0},{"damage":13.0,"enemies":"Red Slaver","floor":14.0,"turns":3.0},{"damage":12.0,"enemies":"Fading Forest","floor":16.0,"turns":11.0},{"damage":24.0,"enemies":"Shell Parasite","floor":18.0,"turns":5.0},{"damage":13.0,"enemies":"3 Byrds","floor":19.0,"turns":3.0},{"damage":32.0,"enemies":"Centurion and Healer","floor":25.0,"turns":3.0},{"damage":15.0,"enemies":"Snake Plant","floor":28.0,"turns":3.0},{"damage":76,"enemies":"Slavers","floor":32,"turns":4}],"seed_played":"-4613857885819155750","potions_obtained":[{"floor":1.0,"key":"Milkshake"},{"floor":4.0,"key":"GamblersBrew"},{"floor":7.0,"key":"ElixirPotion"},{"floor":16.0,"key":"SteroidPotion"},{"floor":18.0,"key":"Toxic Potion"},{"floor":28.0,"key":"Dexterity Potion"}],"is_trial":false,"path_per_floor":["M","?","$","M","M","$","E","?","T","$","M","R","M","M","R","B",null,"M","M","AVR","?","T","$","?","M","T","R","M","R","PTL","PTL","E"],"character_chosen":"IRONCLAD","items_purchased":["Inflame","Inflame","Simple Rune","MerchantsRug"],"campfire_rested":2,"item_purchase_floors":[3,6,10,23],"current_hp_per_floor":[80,80,80,80,80,80,76,76,76,76,80,80,80,73,73,77,80,62,55,55,40,40,40,34,8,8,33,27,53,53,53,0,0],"gold":209,"neow_bonus":"THREE_ENEMY_KILL","is_daily":false,"chose_seed":false,"campfire_upgraded":2,"win_rate":0.0,"timestamp":1611876295,"path_taken":["M","?","$","M","M","$","E","?","T","$","M","R","M","M","R","BOSS","M","?","AVR","?","?","$","?","M","T","R","M","R","PTL","PTL","E"],"items_purchased_type":["Card","Card","Relic","Relic"],"build_version":"2020-12-22","purchased_purges":3,"victory":false,"max_hp_per_floor":[80,80,80,80,80,80,80,80,80,80,80,80,80,80,80,80,80,80,80,80,85,85,85,85,85,85,85,88,88,88,88,88,88],"card_choices":[{"not_picked":["True Grit","Dark Embrace"],"picked":"Thunderclap","floor":1.0},{"not_picked":["Dropkick","Armaments","Defy Death"],"picked":"SKIP","floor":4.0},{"not_picked":["Headbutt","Fire Breathing"],"picked":"Heavy Blade","floor":5.0},{"not_picked":["Heavy Blade","Seeing Red"],"picked":"Thunderclap","floor":7.0},{"not_picked":["Flex","Fire Breathing","hubris:SharpeningStone"],"picked":"SKIP","floor":11.0},{"not_picked":["Burning Pact","ReplayTheSpireMod:Limb From Limb"],"picked":"Twin Strike","floor":13.0},{"not_picked":["Bloodletting","Impervious","Shrug It Off"],"picked":"SKIP","floor":14.0},{"not_picked":["Body Slam","Burning Pact","Ghostly Armor"],"picked":"SKIP","floor":18.0},{"not_picked":["infinitespire:OneForAll","Perfected Strike+1","hubris:ReadiedAction"],"picked":"SKIP","floor":19.0},{"not_picked":["Twin Strike","Shrug It Off"],"picked":"Cleave","floor":25.0},{"not_picked":["Bloodletting","Rampage"],"picked":"Reaper","floor":28.0}],"player_experience":152540,"relics_obtained":[{"floor":7.0,"key":"Paper Frog"},{"floor":9.0,"key":"Replay:Mystery Machine"},{"floor":22.0,"key":"infinitespire:Broken Mirror"},{"floor":26.0,"key":"Replay:Ringing Soul"}],"event_choices":[{"damage_healed":0.0,"max_hp_gain":0.0,"max_hp_loss":0.0,"gold_gain":175.0,"event_name":"Liars Game","player_choice":"AGREE","floor":2.0,"gold_loss":0.0,"damage_taken":0.0,"cards_obtained":["Doubt"]},{"damage_healed":0.0,"max_hp_gain":0.0,"max_hp_loss":0.0,"gold_gain":0.0,"event_name":"The Woman in Blue","player_choice":"Bought 0 Potions","floor":8.0,"gold_loss":0.0,"damage_taken":0.0},{"damage_healed":0.0,"max_hp_gain":5.0,"max_hp_loss":0.0,"gold_gain":0.0,"event_name":"Forgotten Altar","player_choice":"Shed Blood","floor":21.0,"gold_loss":0.0,"damage_taken":20.0},{"damage_healed":0.0,"max_hp_gain":0.0,"max_hp_loss":0.0,"gold_gain":0.0,"event_name":"Knowing Skull","player_choice":"","floor":24.0,"potions_obtained":[],"gold_loss":0.0,"damage_taken":6.0,"cards_obtained":[]}],"is_beta":false,"boss_relics":[{"not_picked":["Ring of Chaos","infinitespire:Burning Sword"],"picked":"Black Star"}],"items_purged_floors":[3,20,23],"is_endless":false,"potions_floor_spawned":[1,4,7,16,18,28],"killed_by":"Slavers","ascension_level":0}}