{"host":"jumrmhf584hajrnz","time":1611856666,"event":{"mods":["BaseMod","Duelist Mod","GifTheSpireLib","Minty Spire (QoL Compilation)","Quick Restart","StSLib"],"gold_per_floor":[137,157,226,67,67,67,84,84,84,97,123,134,147,180,180,287,287,300,38,38,38,68,68,118,157,157,157,157],"floor_reached":27,"language":"ENG","playtime":1380,"items_purged":[],"score":500,"play_id":"22991bdd-f87e-4974-b02e-7f0d80cf8d98","local_time":"20210128185746","is_ascension_mode":true,"campfire_choices":[{"floor":6,"key":"RECALL"},{"data":"theDuelist:Earthquake","floor":8,"key":"SMITH"},{"floor":15,"key":"REST"},{"floor":23,"key":"REST"}],"circlet_count":0,"master_deck":["AscendersBane","theDuelist:BabyDragon","theDuelist:CastleWalls","theDuelist:CastleWalls","theDuelist:CaveDragon","theDuelist:CaveDragon","theDuelist:LesserDragon","theDuelist:LesserDragon","theDuelist:Sparks","theDuelist:Sparks","theDuelist:YamataDragon","theDuelist:CyberDragonDrei","theDuelist:LightningDarts","theDuelist:DarkstormDragon","theDuelist:CyberTwinDragon","theDuelist:WingedDragonRa","theDuelist:Earthquake+1","theDuelist:YamataDragon","theDuelist:MaskedDragon","theDuelist:BlockGolem","theDuelist:DragonMastery","theDuelist:BigFire","theDuelist:SliferSky","theDuelist:DragonMirror","theDuelist:MaskedDragon","theDuelist:Lancephorhynchus","theDuelist:TotemDragon"],"relics":["theDuelist:MillenniumPuzzle","theDuelist:CardPoolRelic","theDuelist:CardPoolBasicRelic","theDuelist:BoosterPackPoolRelic","theDuelist:CardPoolAddRelic","theDuelist:CardPoolMinusRelic","theDuelist:CardPoolSaveRelic","theDuelist:CardPoolOptionsRelic","theDuelist:MerchantPendant","theDuelist:GoldenScale","theDuelist:KaibaToken","Runic Dome","Paper Frog","theDuelist:MillenniumRing"],"acts_visited":["Exordium","TheCity"],"potions_floor_usage":[12,14,14],"damage_taken":[{"damage":0,"enemies":"2 Louse","floor":1,"turns":2},{"damage":3,"enemies":"Jaw Worm","floor":2,"turns":3},{"damage":4,"enemies":"Small Slimes","floor":7,"turns":3},{"damage":24,"enemies":"Exordium Wildlife","floor":10,"turns":6},{"damage":12,"enemies":"Lagavulin","floor":11,"turns":7},{"damage":9,"enemies":"Blue Slaver","floor":12,"turns":2},{"damage":0,"enemies":"Looter","floor":13,"turns":2},{"damage":0,"enemies":"Gremlin Nob","floor":14,"turns":3},{"damage":30,"enemies":"Hexaghost","floor":16,"turns":9},{"damage":5,"enemies":"Shell Parasite","floor":18,"turns":6},{"damage":35,"enemies":"2 Thieves","floor":22,"turns":4},{"damage":14,"enemies":"Chosen and Byrds","floor":24,"turns":4},{"damage":4,"enemies":"3 Cultists","floor":25,"turns":4},{"damage":32,"enemies":"Snake Plant","floor":27,"turns":4}],"seed_played":"-1043664060859609449","potions_obtained":[{"floor":2,"key":"theDuelist:TokenPotion"},{"floor":10,"key":"theDuelist:CoolBottle"},{"floor":11,"key":"Regen Potion"},{"floor":13,"key":"Strength Potion"},{"floor":16,"key":"theDuelist:WaterBottle"},{"floor":25,"key":"Energy Potion"}],"is_trial":false,"path_per_floor":["M","M","?","$","?","R","M","R","T","M","E","M","M","E","R","B",null,"M","$","?","?","M","R","M","M","T","M"],"character_chosen":"THE_DUELIST","items_purchased":["theDuelist:MerchantPendant","theDuelist:CyberTwinDragon","theDuelist:WingedDragonRa","Paper Frog"],"campfire_rested":2,"item_purchase_floors":[4,4,4,19],"current_hp_per_floor":[63,60,60,60,60,60,56,56,56,32,20,16,16,16,37,7,54,49,49,49,63,28,49,35,31,31,0,0],"gold":157,"neow_bonus":"THREE_CARDS","is_daily":false,"chose_seed":false,"campfire_upgraded":1,"win_rate":0.0,"timestamp":1611856666,"path_taken":["M","M","?","$","?","R","M","R","T","M","E","M","M","E","R","BOSS","M","$","?","?","M","R","?","M","T","M"],"items_purchased_type":["Relic","Card","Card","Relic"],"build_version":"2020-12-22","purchased_purges":0,"victory":false,"max_hp_per_floor":[70,70,70,70,70,70,70,70,70,70,70,70,70,70,70,70,70,70,70,70,70,70,70,70,70,70,70,70],"card_choices":[{"not_picked":["theDuelist:Pyrorex","theDuelist:SafeZone"],"picked":"theDuelist:CyberDragonDrei","floor":0},{"not_picked":["theDuelist:BlackPendant","theDuelist:GreenGraveOni","theDuelist:JamBreeding","theDuelist:RainbowBridge"],"picked":"theDuelist:LightningDarts","floor":1},{"not_picked":["theDuelist:MoltenDestruction","theDuelist:DragonPiper","theDuelist:Carboneddon","theDuelist:StarlightRoad"],"picked":"theDuelist:DarkstormDragon","floor":2},{"not_picked":["theDuelist:Beatraptor","theDuelist:SilverDragon","theDuelist:DragonPiper","theDuelist:DarkstormDragon"],"picked":"theDuelist:Earthquake","floor":7},{"not_picked":["theDuelist:Anthrosaurus","theDuelist:CurseDragon","theDuelist:StarlightRoad","theDuelist:ArtifactIgnition"],"picked":"theDuelist:YamataDragon","floor":10},{"not_picked":["theDuelist:Duoterion","theDuelist:BusterDrake","theDuelist:Earthquake","theDuelist:Anthrosaurus"],"picked":"theDuelist:MaskedDragon","floor":11},{"not_picked":["theDuelist:BattleguardKing","theDuelist:BigFire","theDuelist:BigEye","theDuelist:FeatherPho"],"picked":"theDuelist:BlockGolem","floor":12},{"not_picked":["theDuelist:TailSwipe","theDuelist:SpiralSpearStrike","theDuelist:EvilMind","theDuelist:Dracocension"],"picked":"theDuelist:DragonMastery","floor":13},{"not_picked":["theDuelist:BattleguardKing","theDuelist:Hinotama","theDuelist:RainbowOverdragon","theDuelist:LightningDarts"],"picked":"theDuelist:BigFire","floor":14},{"not_picked":["theDuelist:SurvivalFittest","theDuelist:Lancephorhynchus","theDuelist:BSkullDragon","theDuelist:ArmageddonDragonEmp"],"picked":"theDuelist:SliferSky","floor":16},{"not_picked":["theDuelist:TyrantWing+1","theDuelist:Mountain","theDuelist:CastleDragonSouls"],"picked":"theDuelist:DragonMirror","floor":18},{"not_picked":["theDuelist:Hydrogeddon","theDuelist:BabyDragon","theDuelist:AquaDolphin+1","theDuelist:GiantRex"],"picked":"theDuelist:MaskedDragon","floor":22},{"not_picked":["theDuelist:VoidOgreDragon+1","theDuelist:GaiaDragonChamp","theDuelist:ExploderDragonwing","theDuelist:BackgroundDragon"],"picked":"theDuelist:Lancephorhynchus","floor":24},{"not_picked":["theDuelist:JurassicImpact","theDuelist:GalaxySoldier","theDuelist:CyberLaserDragon","theDuelist:SystemDown"],"picked":"theDuelist:TotemDragon","floor":25}],"player_experience":1618062,"relics_obtained":[{"floor":11,"key":"theDuelist:GoldenScale"},{"floor":14,"key":"theDuelist:KaibaToken"},{"floor":26,"key":"theDuelist:MillenniumRing"}],"event_choices":[{"damage_healed":0,"gold_gain":69,"player_choice":"Gained Gold","damage_taken":0,"max_hp_gain":0,"max_hp_loss":0,"event_name":"Golden Wing","floor":3,"gold_loss":0},{"damage_healed":0,"gold_gain":0,"player_choice":"Leave","duelist":true,"damage_taken":0,"max_hp_gain":0,"max_hp_loss":0,"event_name":"Battle City","floor":5,"gold_loss":0},{"damage_healed":0,"gold_gain":0,"player_choice":"Leave","duelist":true,"damage_taken":0,"max_hp_gain":0,"max_hp_loss":0,"event_name":"Tomb of the Nameless","floor":20,"gold_loss":0},{"damage_healed":14,"gold_gain":0,"player_choice":"Heal","damage_taken":0,"max_hp_gain":0,"max_hp_loss":0,"event_name":"The Library","floor":21,"gold_loss":0}],"is_beta":false,"boss_relics":[{"not_picked":["Runic Cube","Astrolabe"],"picked":"Runic Dome"}],"items_purged_floors":[],"is_endless":false,"potions_floor_spawned":[2,10,11,13,16,25],"killed_by":"Snake Plant","ascension_level":20}}