{"host":"rzjc4nrqz5d54r3r","time":1611816721,"event":{"mods":["BaseMod","Colored Map","Keyboard Shortcuts","Minty Spire (QoL Compilation)","Quick Restart","StSLib","SuperFastMode","everything is the same but u backflip on backflip"],"gold_per_floor":[115,134,146,163,183,210,226,226,226,226,256,256,268,298,298,395,445,462,477,477,477,42,42,0,0,27,57,57,57,71,90,90,193,193,211,211,223,71,124,124,138,166,192,206,218,251,266,279,279,279],"floor_reached":51,"language":"KOR","playtime":1749,"items_purged":[],"score":881,"play_id":"934b4457-1574-4770-a476-0e22da935c6e","local_time":"20210128155201","is_ascension_mode":true,"campfire_choices":[{"data":"Fusion","floor":10.0,"key":"SMITH"},{"data":"Coolheaded","floor":12.0,"key":"SMITH"},{"floor":15.0,"key":"REST"},{"data":"Apotheosis","floor":23.0,"key":"SMITH"},{"floor":25.0,"key":"REST"},{"floor":32,"key":"REST"},{"floor":40,"key":"REST"},{"data":"Turbo","floor":49,"key":"SMITH"}],"circlet_count":0,"master_deck":["Zap+1","Dualcast","Blizzard","Gash","Ball Lightning","Coolheaded+1","FTL","Fusion+1","Seek+1","Gash","Echo Form","Turbo+1","Apotheosis+1","Doom and Gloom","Chaos","Core Surge","Echo Form","Genetic Algorithm","Self Repair","Skim","Barrage","Chill+1","Gash+1","Creative AI"],"relics":["Cracked Core","Bronze Scales","White Beast Statue","Blue Candle","Happy Flower","Tiny House","Ornamental Fan","War Paint","Torii","Pandora\u0027s Box","Anchor","PreservedInsect","Strawberry","Oddly Smooth Stone","Cables"],"acts_visited":["Exordium","TheCity","TheBeyond"],"potions_floor_usage":[31,41,42,44,46,50,50,50],"damage_taken":[{"damage":0.0,"enemies":"Small Slimes","floor":1.0,"turns":2.0},{"damage":0.0,"enemies":"2 Louse","floor":2.0,"turns":2.0},{"damage":2.0,"enemies":"Jaw Worm","floor":3.0,"turns":3.0},{"damage":20.0,"enemies":"Exordium Wildlife","floor":4.0,"turns":5.0},{"damage":6.0,"enemies":"Exordium Thugs","floor":5.0,"turns":4.0},{"damage":8.0,"enemies":"Gremlin Nob","floor":6.0,"turns":3.0},{"damage":13.0,"enemies":"3 Louse","floor":7.0,"turns":3.0},{"damage":8.0,"enemies":"3 Sentries","floor":11.0,"turns":2.0},{"damage":2.0,"enemies":"2 Fungi Beasts","floor":13.0,"turns":3.0},{"damage":12.0,"enemies":"Gremlin Nob","floor":14.0,"turns":3.0},{"damage":9.0,"enemies":"Hexaghost","floor":16.0,"turns":9.0},{"damage":18.0,"enemies":"Shell Parasite","floor":18.0,"turns":5.0},{"damage":24.0,"enemies":"2 Thieves","floor":19.0,"turns":4.0},{"damage":22.0,"enemies":"Gremlin Leader","floor":27.0,"turns":6.0},{"damage":7.0,"enemies":"Chosen and Byrds","floor":30.0,"turns":4.0},{"damage":8,"enemies":"Snecko","floor":31,"turns":6},{"damage":32,"enemies":"Champ","floor":33,"turns":9},{"damage":38,"enemies":"3 Darklings","floor":35,"turns":4},{"damage":18,"enemies":"3 Shapes","floor":37,"turns":3},{"damage":27,"enemies":"Spire Growth","floor":41,"turns":5},{"damage":28,"enemies":"Giant Head","floor":42,"turns":6},{"damage":11,"enemies":"Sphere and 2 Shapes","floor":44,"turns":8},{"damage":1,"enemies":"4 Shapes","floor":45,"turns":6},{"damage":1,"enemies":"Reptomancer","floor":46,"turns":5},{"damage":11,"enemies":"3 Darklings","floor":47,"turns":5},{"damage":23,"enemies":"Sphere and 2 Shapes","floor":48,"turns":6},{"damage":83,"enemies":"Donu and Deca","floor":50,"turns":8}],"seed_played":"7120621738026544851","potions_obtained":[{"floor":4.0,"key":"SpeedPotion"},{"floor":5.0,"key":"DistilledChaos"},{"floor":6.0,"key":"SteroidPotion"},{"floor":7.0,"key":"PowerPotion"},{"floor":11.0,"key":"SkillPotion"},{"floor":13.0,"key":"PowerPotion"},{"floor":14.0,"key":"GamblersBrew"},{"floor":16.0,"key":"Ancient Potion"},{"floor":17.0,"key":"Energy Potion"},{"floor":18.0,"key":"Dexterity Potion"},{"floor":19.0,"key":"FearPotion"},{"floor":30.0,"key":"AttackPotion"},{"floor":31,"key":"EssenceOfSteel"},{"floor":33,"key":"Explosive Potion"},{"floor":37,"key":"Energy Potion"},{"floor":41,"key":"Energy Potion"},{"floor":42,"key":"PotionOfCapacity"},{"floor":44,"key":"PotionOfCapacity"},{"floor":46,"key":"Strength Potion"}],"is_trial":false,"path_per_floor":["M","M","M","M","M","E","M","?","T","R","E","R","M","E","R","B",null,"M","M","?","?","$","R","?","R","T","E","$","?","M","M","R","B",null,"M","?","M","$","T","R","M","E","T","M","M","E","M","M","R","B",null],"character_chosen":"DEFECT","items_purchased":["Apotheosis","Ornamental Fan","Anchor"],"campfire_rested":4,"item_purchase_floors":[22,22,38],"current_hp_per_floor":[75,75,73,53,47,39,26,26,26,26,18,18,16,4,26,17,80,62,38,23,23,23,23,23,48,48,26,26,26,19,11,36,4,85,57,57,59,59,59,84,77,76,76,85,92,91,92,89,89,6],"gold":279,"neow_bonus":"TRANSFORM_CARD","is_daily":false,"chose_seed":false,"campfire_upgraded":4,"win_rate":0.0,"timestamp":1611816721,"path_taken":["M","M","M","M","M","E","M","?","T","R","E","R","M","E","R","BOSS","M","M","?","?","$","R","?","R","T","E","?","?","M","?","R","BOSS","M","?","M","$","?","R","M","E","T","M","M","E","M","M","R","BOSS"],"items_purchased_type":["Card","Relic","Relic"],"build_version":"2020-12-22","purchased_purges":0,"victory":true,"max_hp_per_floor":[75,75,75,75,75,75,75,75,75,75,75,75,75,75,75,75,80,80,80,85,85,85,85,85,85,85,85,85,85,85,85,85,85,85,85,85,85,85,85,85,85,92,92,92,92,92,92,92,92,92],"card_choices":[{"not_picked":["Steam","Darkness"],"picked":"Gash","floor":1.0},{"not_picked":["Hologram","Conserve Battery"],"picked":"Ball Lightning","floor":2.0},{"not_picked":["Self Repair","Streamline"],"picked":"Coolheaded","floor":3.0},{"not_picked":["Barrage","Ball Lightning"],"picked":"FTL","floor":4.0},{"not_picked":["Turbo","Aggregate"],"picked":"Fusion","floor":5.0},{"not_picked":["Skim","Rebound","Leap"],"picked":"SKIP","floor":6.0},{"not_picked":["Skim","Rebound","Leap"],"picked":"SKIP","floor":6.0},{"not_picked":["Compile Driver","Redo","Loop"],"picked":"SKIP","floor":7.0},{"not_picked":["Doom and Gloom","Conserve Battery"],"picked":"Seek","floor":11.0},{"not_picked":["Redo","Darkness","Steam"],"picked":"SKIP","floor":13.0},{"not_picked":["Capacitor","Ball Lightning"],"picked":"Gash","floor":14.0},{"not_picked":["Rainbow","Biased Cognition"],"picked":"Echo Form","floor":16.0},{"not_picked":["Consume","Beam Cell"],"picked":"Turbo","floor":17.0},{"not_picked":["Steam","Ball Lightning","Streamline"],"picked":"SKIP","floor":18.0},{"not_picked":["Beam Cell+1","Sweeping Beam","Cold Snap"],"picked":"SKIP","floor":19.0},{"not_picked":["Stack","Chaos","Streamline+1"],"picked":"SKIP","floor":27.0},{"not_picked":["Fusion","Redo","Leap"],"picked":"SKIP","floor":30.0},{"not_picked":["Aggregate","Thunder Strike","Reprogram"],"picked":"SKIP","floor":31},{"not_picked":["Meteor Strike","Rainbow"],"picked":"Core Surge","floor":33},{"not_picked":["Ball Lightning","Heatsinks+1"],"picked":"Chill+1","floor":35},{"not_picked":["Barrage","Stack+1","Go for the Eyes"],"picked":"SKIP","floor":37},{"not_picked":["Go for the Eyes","Leap+1","Steam"],"picked":"SKIP","floor":41},{"not_picked":["BootSequence","Conserve Battery+1"],"picked":"Gash+1","floor":42},{"not_picked":["Fusion","Turbo"],"picked":"Creative AI","floor":44},{"not_picked":["Leap","Stack+1","Gash+1"],"picked":"SKIP","floor":45},{"not_picked":["Rebound","Cold Snap","Static Discharge"],"picked":"SKIP","floor":46},{"not_picked":["Sunder+1","Reprogram","Cold Snap"],"picked":"SKIP","floor":47},{"not_picked":["Hologram","Storm","Static Discharge+1"],"picked":"SKIP","floor":48}],"player_experience":29866,"relics_obtained":[{"floor":6.0,"key":"Bronze Scales"},{"floor":9.0,"key":"White Beast Statue"},{"floor":11.0,"key":"Blue Candle"},{"floor":14.0,"key":"Happy Flower"},{"floor":26.0,"key":"War Paint"},{"floor":27.0,"key":"Torii"},{"floor":39,"key":"PreservedInsect"},{"floor":42,"key":"Strawberry"},{"floor":43,"key":"Oddly Smooth Stone"},{"floor":46,"key":"Cables"}],"event_choices":[{"damage_healed":0.0,"max_hp_gain":0.0,"max_hp_loss":0.0,"gold_gain":0.0,"event_name":"Dead Adventurer","player_choice":"Searched \u00270\u0027 times","floor":8.0,"gold_loss":0.0,"damage_taken":0.0},{"damage_healed":0.0,"max_hp_gain":5.0,"max_hp_loss":0.0,"gold_gain":0.0,"event_name":"Forgotten Altar","player_choice":"Shed Blood","floor":20.0,"gold_loss":0.0,"damage_taken":20.0},{"damage_healed":0.0,"max_hp_gain":0.0,"max_hp_loss":0.0,"gold_gain":0.0,"event_name":"Vampires","player_choice":"Ignored","floor":21.0,"gold_loss":0.0,"damage_taken":0.0},{"damage_healed":0.0,"max_hp_gain":0.0,"max_hp_loss":0.0,"gold_gain":0.0,"event_name":"Masked Bandits","player_choice":"Paid Fearfully","floor":24.0,"gold_loss":42.0,"damage_taken":0.0},{"damage_healed":0.0,"max_hp_gain":0.0,"max_hp_loss":0.0,"gold_gain":0.0,"cards_transformed":["Strike_B","Strike_B"],"event_name":"Drug Dealer","player_choice":"Became Test Subject","floor":29.0,"gold_loss":0.0,"damage_taken":0.0,"cards_obtained":["Doom and Gloom","Chaos"]},{"damage_healed":0,"gold_gain":0,"player_choice":"Bought 0 Potions","damage_taken":0,"max_hp_gain":0,"max_hp_loss":0,"event_name":"The Woman in Blue","floor":36,"gold_loss":0}],"is_beta":false,"boss_relics":[{"not_picked":["FrozenCore","Velvet Choker"],"picked":"Tiny House"},{"not_picked":["Astrolabe","Philosopher\u0027s Stone"],"picked":"Pandora\u0027s Box"}],"items_purged_floors":[],"is_endless":false,"potions_floor_spawned":[4,5,6,7,11,13,14,16,18,19,27,30,31,33,35,37,41,42,44,45,46,47,48],"ascension_level":3}}