{"host":"i0avyit1s6jb1siw","time":1611832262,"event":{"mods":["BaseMod","DeckTracker","Dota2Spire","Highlight Path","Minty Spire (QoL Compilation)","Quick Restart","StSLib","SuperFastMode"],"gold_per_floor":[117,129,129,140,158,158,182,209,209,209,209,45,75,75,75,95,95,113,113,194,221,221,221,221],"floor_reached":23,"language":"ENG","playtime":486,"items_purged":[],"score":394,"play_id":"dad30d93-9470-476b-9b7b-32eff1bf7963","local_time":"20210128121102","is_ascension_mode":true,"campfire_choices":[{"data":"Combust","floor":6,"key":"SMITH"},{"data":"Pommel Strike","floor":9,"key":"SMITH"},{"floor":15,"key":"DIG"},{"floor":19,"key":"DIG"},{"floor":22,"key":"DIG"}],"circlet_count":0,"master_deck":["AscendersBane","Strike_R","Defend_R","Defend_R","Defend_R","Defend_R","Bash+1","Combust+1","Armaments","Reckless Charge","Pommel Strike+1","Cleave","Corruption","Combust+1","Sentinel+1","Immolate+1"],"relics":["Burning Blood","Pen Nib","CeramicFish","HornCleat","Bag of Preparation","Lantern","Shovel","Centennial Puzzle","Singing Bowl","Astrolabe","Dota2Spire:DrumOfEndurance"],"acts_visited":["Exordium"],"potions_floor_usage":[23],"damage_taken":[{"damage":5.0,"enemies":"2 Louse","floor":1.0,"turns":4.0},{"damage":3.0,"enemies":"Cultist","floor":2.0,"turns":3.0},{"damage":14.0,"enemies":"Small Slimes","floor":4.0,"turns":4.0},{"damage":28,"enemies":"Gremlin Gang","floor":5,"turns":6},{"damage":9,"enemies":"Gremlin Nob","floor":8,"turns":3},{"damage":19,"enemies":"3 Sentries","floor":13,"turns":6},{"damage":12,"enemies":"Exordium Wildlife","floor":16,"turns":3},{"damage":1,"enemies":"Looter","floor":18,"turns":3},{"damage":55,"enemies":"The Guardian","floor":20,"turns":14},{"damage":38,"enemies":"The Guardian","floor":23,"turns":9}],"seed_played":"3281831064870563465","potions_obtained":[{"floor":2.0,"key":"Dota2Spire:HealingSalve"},{"floor":4.0,"key":"PowerPotion"},{"floor":13,"key":"ColorlessPotion"},{"floor":18,"key":"Strength Potion"}],"is_trial":false,"path_per_floor":["M","M","?","M","M","R","T","E","R","T","T","$","E","?","R","M","?","M","R","B",null,"R","B"],"character_chosen":"IRONCLAD","items_purchased":["Lantern"],"campfire_rested":0,"item_purchase_floors":[12],"current_hp_per_floor":[69,72,72,64,42,42,42,39,39,39,39,39,26,19,19,13,85,85,85,36,36,36,0,0],"gold":221,"neow_bonus":"UPGRADE_CARD","is_daily":false,"chose_seed":false,"campfire_upgraded":2,"win_rate":0.0,"timestamp":1611832262,"path_taken":["M","M","?","?","M","R","?","E","R","T","T","$","E","?","R","M","?","M","R","BOSS","R","BOSS"],"items_purchased_type":["Relic"],"build_version":"2020-12-22","purchased_purges":0,"victory":false,"max_hp_per_floor":[75,75,75,75,75,75,75,75,75,75,75,75,75,75,75,75,85,85,85,85,85,85,85,85],"card_choices":[{"not_picked":["Clash","Sword Boomerang"],"picked":"Combust","floor":1.0},{"not_picked":["Clothesline","Sentinel"],"picked":"Armaments","floor":2.0},{"not_picked":["Thunderclap","Rage"],"picked":"Reckless Charge","floor":4.0},{"not_picked":["Twin Strike","Exhume"],"picked":"Pommel Strike","floor":5},{"not_picked":["Body Slam","Sentinel","Anger"],"picked":"SKIP","floor":13},{"not_picked":["Pommel Strike","Heavy Blade"],"picked":"Cleave","floor":16},{"not_picked":["Anger","Dual Wield","Searing Blow"],"picked":"SKIP","floor":18},{"not_picked":["Immolate","Impervious"],"picked":"Corruption","floor":20}],"player_experience":2361869,"relics_obtained":[{"floor":7,"key":"Pen Nib"},{"floor":8,"key":"CeramicFish"},{"floor":10,"key":"HornCleat"},{"floor":11,"key":"Bag of Preparation"},{"floor":13,"key":"Shovel"},{"floor":15,"key":"Centennial Puzzle"},{"floor":19,"key":"Singing Bowl"},{"floor":22,"key":"Dota2Spire:DrumOfEndurance"}],"event_choices":[{"damage_healed":0.0,"max_hp_gain":0.0,"max_hp_loss":0.0,"gold_gain":0.0,"event_name":"Match and Keep!","player_choice":"1 cards matched","floor":3.0,"gold_loss":0.0,"damage_taken":0.0,"cards_obtained":["Berserk"]},{"cards_removed":["Strike_R"],"damage_healed":0,"gold_gain":0,"player_choice":"Card Removal","damage_taken":7,"max_hp_gain":0,"max_hp_loss":0,"event_name":"Golden Wing","floor":14,"gold_loss":0},{"cards_removed":["Berserk"],"damage_healed":62,"gold_gain":0,"player_choice":"Offered Rare","damage_taken":0,"max_hp_gain":10,"max_hp_loss":0,"event_name":"Bonfire Elementals","floor":17,"gold_loss":0}],"is_beta":false,"boss_relics":[{"not_picked":["Busted Crown","Runic Dome"],"picked":"Astrolabe"}],"items_purged_floors":[],"is_endless":false,"potions_floor_spawned":[2,4,13,18],"killed_by":"The Guardian","ascension_level":20}}