{"host":"jh7kh5nqtgzr3auj","time":1611869165,"event":{"mods":["AchievementEnabler","Act Like it!","BaseMod","CapriCore","Highlight Path","Minty Spire (QoL Compilation)","Quick Restart","StSLib","TestMod","The Bug Knight"],"gold_per_floor":[219,239,250,250,325,360,360,391,391,401,215,240,252,312,312,410,410,429,429,449,55,75,104,104,137,162,162,192,202,229,239,239,340,340,359,19,39,52,64,93,111,111,111,143,143,172,0,14,14,14,14,14,14,44,44],"floor_reached":56,"language":"ZHS","playtime":3379,"items_purged":["HollowMod:NailStrikeStart","HollowMod:NailStrikeStart"],"score":1993,"play_id":"dee77000-ba37-42ca-9659-00050fac2aac","local_time":"20210129052605","is_ascension_mode":true,"campfire_choices":[{"data":"HollowMod:AwokenDreamNail","floor":7.0,"key":"SMITH"},{"data":"HollowMod:SlysStrikes","floor":15.0,"key":"SMITH"},{"data":"HollowMod:Hiveblood","floor":24.0,"key":"SMITH"},{"data":"HollowMod:ChannelNail","floor":27.0,"key":"SMITH"},{"data":"HollowMod:SlysStrikes","floor":32.0,"key":"SMITH"},{"data":"HollowMod:SoulMaster","floor":42.0,"key":"SMITH"},{"data":"HollowMod:HuntersJournal","floor":45.0,"key":"SMITH"},{"floor":49,"key":"RECALL"},{"data":"HollowMod:ElderbugsWisdom","floor":52,"key":"SMITH"}],"circlet_count":0,"master_deck":["AscendersBane","HollowMod:NailStrikeStart","HollowMod:NailStrikeStart","HollowMod:QuickDashStart","HollowMod:QuickDashStart+1","HollowMod:QuickDashStart","HollowMod:QuickDashStart+1","HollowMod:FocusHealStart+1","HollowMod:PogoStrike","HollowMod:CycloneSlash","HollowMod:HowlingWraiths","HollowMod:LifebloodCocoon","HollowMod:AwokenDreamNail+1","HollowMod:Hiveblood+1","HollowMod:SlysStrikes+1","HollowMod:DashSlash","HollowMod:GreatSlash+1","HollowMod:ElderbugsWisdom+1","HollowMod:HuntersJournal+1","HollowMod:PureNailStrike+1","HollowMod:ChannelNail+1","HollowMod:NewLittleFool+1","HollowMod:Hiveblood+1","HollowMod:AwokenDreamNail+1","HollowMod:SlysStrikes+1","HollowMod:MonarchWings+1","HollowMod:CloakDash","HollowMod:HuntersJournal+1","HollowMod:SoulSplash+1","HollowMod:SoulMaster+1","HollowMod:HornetsHelp+1","HollowMod:HuntersJournal+1"],"relics":["HollowMod:VesselMask","testmod-TestBox","testmod-AscensionHeart","The Courier","Shuriken","Ornamental Fan","Lee\u0027s Waffle","Eternal Feather","Molten Egg 2","testmod-HarvestTotem","Singing Bowl","Lantern","testmod-TurbochargingSystem","Anchor","Bag of Preparation","testmod-Hope","CaptainsWheel","Black Star","HollowMod:LifeEnderRelic","Bag of Marbles","testmod-CyclicPeriapt","Ancient Tea Set","War Paint","HollowMod:StagPassRelic","Red Mask","White Beast Statue","HollowMod:MantisClawRelic"],"acts_visited":["Exordium","TheCity","TheBeyond","TheEnding"],"potions_floor_usage":[55,55],"damage_taken":[{"damage":5.0,"enemies":"Cultist","floor":1.0,"turns":5.0},{"damage":7.0,"enemies":"Small Slimes","floor":2.0,"turns":3.0},{"damage":2.0,"enemies":"Jaw Worm","floor":3.0,"turns":3.0},{"damage":26.0,"enemies":"Lagavulin","floor":6.0,"turns":7.0},{"damage":7.0,"enemies":"HollowMod:MossKnight","floor":8.0,"turns":3.0},{"damage":2.0,"enemies":"3 Louse","floor":10.0,"turns":3.0},{"damage":17.0,"enemies":"Gremlin Nob","floor":12.0,"turns":4.0},{"damage":21.0,"enemies":"Blue Slaver","floor":13.0,"turns":5.0},{"damage":30.0,"enemies":"3 Sentries","floor":14.0,"turns":8.0},{"damage":65.0,"enemies":"The Guardian","floor":16.0,"turns":12.0},{"damage":33.0,"enemies":"Spheric Guardian","floor":18.0,"turns":5.0},{"damage":60.0,"enemies":"Shell Parasite","floor":20.0,"turns":6.0},{"damage":39.0,"enemies":"3 Cultists","floor":22.0,"turns":4.0},{"damage":72.0,"enemies":"Gremlin Leader","floor":23.0,"turns":8.0},{"damage":119.0,"enemies":"Book of Stabbing","floor":25.0,"turns":6.0},{"damage":41.0,"enemies":"Gremlin Leader","floor":28.0,"turns":10.0},{"damage":24.0,"enemies":"Snecko","floor":29.0,"turns":4.0},{"damage":111.0,"enemies":"Book of Stabbing","floor":30.0,"turns":6.0},{"damage":78.0,"enemies":"Snake Plant","floor":31.0,"turns":5.0},{"damage":43.0,"enemies":"HollowMod:NKGrimm","floor":33.0,"turns":6.0},{"damage":44.0,"enemies":"Orb Walker","floor":35.0,"turns":5.0},{"damage":95.0,"enemies":"3 Darklings","floor":37.0,"turns":6.0},{"damage":120.0,"enemies":"Spire Growth","floor":38.0,"turns":7.0},{"damage":103.0,"enemies":"Sphere and 2 Shapes","floor":39.0,"turns":7.0},{"damage":103.0,"enemies":"Nemesis","floor":40.0,"turns":9.0},{"damage":19.0,"enemies":"4 Shapes","floor":41.0,"turns":3.0},{"damage":93.0,"enemies":"Reptomancer","floor":44.0,"turns":6.0},{"damage":154.0,"enemies":"Giant Head","floor":46.0,"turns":8.0},{"damage":85,"enemies":"Writhing Mass","floor":48,"turns":5},{"damage":234,"enemies":"Awakened One","floor":50,"turns":10},{"damage":140,"enemies":"Shield and Spear","floor":54,"turns":7},{"damage":14,"enemies":"The Heart","floor":55,"turns":2}],"seed_played":"7060552741593540921","potions_obtained":[{"floor":3.0,"key":"SmokeBomb"},{"floor":6.0,"key":"testmod-TestPotion"},{"floor":10.0,"key":"SteroidPotion"},{"floor":16.0,"key":"Dexterity Potion"},{"floor":20.0,"key":"Block Potion"},{"floor":23.0,"key":"Regen Potion"},{"floor":28.0,"key":"AttackPotion"},{"floor":33.0,"key":"Swift Potion"},{"floor":41.0,"key":"Block Potion"},{"floor":44.0,"key":"Block Potion"}],"is_trial":false,"path_per_floor":["M","M","M","?","?","E","R","E","T","M","$","E","M","?","R","B",null,"M","?","M","$","M","E","R","E","T","R","E","M","E","M","R","B",null,"M","$","M","M","M","E","M","R","T","E","R","E","?","M","R","B",null,"R","$","E","B",null],"character_chosen":"THE_BUGKNIGHT","items_purchased":["Lee\u0027s Waffle","Singing Bowl","HollowMod:ChannelNail","HollowMod:NewLittleFool+1","Lantern","HollowMod:LifeEnderRelic","HollowMod:HuntersJournal"],"campfire_rested":0,"item_purchase_floors":[11,21,21,21,21,36,36],"current_hp_per_floor":[74,74,73,58,47,28,28,22,22,27,82,69,67,62,71,37,174,144,144,148,148,167,167,178,137,137,167,178,176,133,141,171,200,200,185,185,200,176,208,208,197,212,212,157,193,216,216,204,216,199,226,226,226,158,240],"gold":44,"neow_bonus":"HUNDRED_GOLD","is_daily":false,"chose_seed":false,"campfire_upgraded":8,"win_rate":0.0,"timestamp":1611869165,"path_taken":["M","?","M","?","?","E","R","E","T","M","$","E","M","?","R","BOSS","M","?","M","$","?","E","R","E","T","R","E","M","E","M","R","BOSS","M","$","M","M","M","E","M","R","T","E","R","E","?","M","R","BOSS","R","$","E","BOSS"],"items_purchased_type":["Relic","Relic","Card","Card","Relic","Relic","Card"],"build_version":"2020-12-22","purchased_purges":2,"victory":true,"max_hp_per_floor":[75,75,75,75,75,75,75,75,75,75,82,82,82,82,82,87,174,174,174,174,174,178,178,178,178,178,178,178,182,186,186,186,200,200,200,200,204,208,208,208,212,212,212,212,212,216,216,216,216,226,226,226,226,230,240],"card_choices":[{"not_picked":["HollowMod:QuirrelsAssistance","HollowMod:VengefulVoid"],"picked":"HollowMod:CycloneSlash","floor":1.0},{"not_picked":["HollowMod:VengefulVoid","HollowMod:ShadowDash"],"picked":"HollowMod:HowlingWraiths","floor":2.0},{"not_picked":["HollowMod:SiblingsSouls","HollowMod:MonomonsArchive"],"picked":"HollowMod:LifebloodCocoon","floor":3.0},{"not_picked":["HollowMod:Hiveblood","HollowMod:NewInfectedGuardian"],"picked":"HollowMod:AwokenDreamNail","floor":6.0},{"not_picked":["HollowMod:LifebloodCore","HollowMod:Weaversong"],"picked":"HollowMod:Hiveblood","floor":8.0},{"not_picked":["HollowMod:DescendingDark","HollowMod:MonomonsArchive","HollowMod:LifebloodCocoon"],"picked":"SKIP","floor":10.0},{"not_picked":["HollowMod:MidwifesHunger","HollowMod:RadiancesLament"],"picked":"HollowMod:SlysStrikes","floor":12.0},{"not_picked":["HollowMod:ShadowDash","HollowMod:SiblingsSouls"],"picked":"HollowMod:DashSlash","floor":13.0},{"not_picked":["HollowMod:PaleKingsBlessing","HollowMod:HowlingWraiths+1"],"picked":"HollowMod:GreatSlash+1","floor":14.0},{"not_picked":["HollowMod:LifebloodCore","HollowMod:Hiveblood"],"picked":"HollowMod:ElderbugsWisdom","floor":16.0},{"not_picked":["HollowMod:DashSlash+1","HollowMod:AbyssShriek+1"],"picked":"HollowMod:HuntersJournal","floor":18.0},{"not_picked":["HollowMod:WraithStrike+1","HollowMod:InfectedAttack+1"],"picked":"HollowMod:PureNailStrike+1","floor":20.0},{"not_picked":["HollowMod:MothsMistake","HollowMod:NewJinnsSoul","HollowMod:NewLittleFool+1"],"picked":"Singing Bowl","floor":22.0},{"not_picked":["HollowMod:ZotesMagnificence","HollowMod:PaleKingsBlessing"],"picked":"HollowMod:Hiveblood","floor":23.0},{"not_picked":["HollowMod:WhiteLadysBlessing","HollowMod:Hiveblood"],"picked":"HollowMod:AwokenDreamNail+1","floor":25.0},{"not_picked":["HollowMod:ZotesMagnificence","HollowMod:Hiveblood"],"picked":"HollowMod:SlysStrikes","floor":28.0},{"not_picked":["HollowMod:SoulStrike+1","HollowMod:LifebloodCocoon+1","HollowMod:HowlingWraiths+1"],"picked":"Singing Bowl","floor":29.0},{"not_picked":["HollowMod:ZotesMagnificence+1","HollowMod:ElderbugsWisdom","HollowMod:PaleKingsBlessing"],"picked":"Singing Bowl","floor":30.0},{"not_picked":["HollowMod:GoodIntentions","HollowMod:ChannelNail+1"],"picked":"HollowMod:MonarchWings+1","floor":31.0},{"not_picked":["HollowMod:LifebloodCore","HollowMod:AwokenDreamNail+1","HollowMod:Hiveblood"],"picked":"Singing Bowl","floor":33.0},{"not_picked":["HollowMod:SiblingsSouls+1","HollowMod:MothsMistake+1"],"picked":"HollowMod:CloakDash","floor":35.0},{"not_picked":["HollowMod:ChannelNail","HollowMod:DreamGate","HollowMod:DoubleDash"],"picked":"Singing Bowl","floor":37.0},{"not_picked":["HollowMod:DoubleDash","HollowMod:WraithStrike+1","HollowMod:QuirrelsAssistance+1"],"picked":"Singing Bowl","floor":38.0},{"not_picked":["HollowMod:ShadowDash","HollowMod:AwokenDreamNail+1"],"picked":"HollowMod:SoulSplash+1","floor":39.0},{"not_picked":["HollowMod:NewInfectedGuardian","HollowMod:SlysStrikes"],"picked":"HollowMod:SoulMaster","floor":40.0},{"not_picked":["HollowMod:CycloneSlash+1","HollowMod:ChannelNail","HollowMod:InfectedCysts+1"],"picked":"Singing Bowl","floor":41.0},{"not_picked":["HollowMod:NewInfectedGuardian","HollowMod:theNailsmith"],"picked":"HollowMod:HornetsHelp","floor":44.0},{"not_picked":["HollowMod:PaleKingsBlessing","HollowMod:PaleKingsBlessing","HollowMod:RadiancesLament"],"picked":"Singing Bowl","floor":46},{"not_picked":["HollowMod:LifebloodCocoon+1","HollowMod:RecoilStrike+1"],"picked":"HollowMod:HuntersJournal+1","floor":48},{"not_picked":["HollowMod:RadiancesLament","HollowMod:WhiteLadysBlessing","HollowMod:ElderbugsWisdom"],"picked":"Singing Bowl","floor":54}],"player_experience":341686,"relics_obtained":[{"floor":6.0,"key":"The Courier"},{"floor":8.0,"key":"Shuriken"},{"floor":9.0,"key":"Ornamental Fan"},{"floor":12.0,"key":"Eternal Feather"},{"floor":14.0,"key":"Molten Egg 2"},{"floor":23.0,"key":"testmod-TurbochargingSystem"},{"floor":25.0,"key":"Anchor"},{"floor":26.0,"key":"Bag of Preparation"},{"floor":28.0,"key":"testmod-Hope"},{"floor":30.0,"key":"CaptainsWheel"},{"floor":40.0,"key":"Bag of Marbles"},{"floor":40.0,"key":"testmod-CyclicPeriapt"},{"floor":44.0,"key":"Ancient Tea Set"},{"floor":44.0,"key":"War Paint"},{"floor":46,"key":"HollowMod:StagPassRelic"},{"floor":54,"key":"White Beast Statue"},{"floor":54,"key":"HollowMod:MantisClawRelic"}],"event_choices":[{"damage_healed":0.0,"max_hp_gain":0.0,"max_hp_loss":0.0,"gold_gain":0.0,"event_name":"Shining Light","player_choice":"Entered Light","floor":4.0,"gold_loss":0.0,"damage_taken":15.0,"cards_upgraded":["HollowMod:FocusHealStart","HollowMod:QuickDashStart"]},{"damage_healed":0.0,"max_hp_gain":0.0,"max_hp_loss":0.0,"gold_gain":75.0,"event_name":"World of Goop","player_choice":"Gather Gold","floor":5.0,"gold_loss":0.0,"damage_taken":11.0},{"damage_healed":0.0,"max_hp_gain":0.0,"max_hp_loss":0.0,"gold_gain":0.0,"event_name":"Dead Adventurer","player_choice":"Searched \u00271\u0027 times","floor":14.0,"gold_loss":0.0,"damage_taken":0.0},{"damage_healed":0.0,"max_hp_gain":0.0,"max_hp_loss":0.0,"gold_gain":0.0,"event_name":"Upgrade Shrine","player_choice":"Upgraded","floor":19.0,"gold_loss":0.0,"damage_taken":0.0,"cards_upgraded":["HollowMod:Hiveblood"]},{"damage_healed":0,"gold_gain":0,"player_choice":"Paid","damage_taken":0,"relics_obtained":["Red Mask"],"max_hp_gain":0,"max_hp_loss":0,"event_name":"Tomb of Lord Red Mask","floor":47,"gold_loss":172}],"is_beta":false,"boss_relics":[{"not_picked":["SlaversCollar","testmod-TimeTraveler"],"picked":"testmod-HarvestTotem"},{"not_picked":["Cursed Key","HollowMod:VoidIdolRelic"],"picked":"Black Star"}],"items_purged_floors":[11,36],"is_endless":false,"potions_floor_spawned":[3,6,10,16,20,23,28,33,37,41,44,46],"ascension_level":10}}