{"host":"gbsupkmj5cka9iw4","time":1611847807,"event":{"mods":["BaseMod","Better Note","BetterRewards","Minty Spire (QoL Compilation)","Say the Spire","Shop Mod","StSLib"],"gold_per_floor":[109,126,126,10,10,10,39,56,82,124,124,148,176,217,217,297,297,316,335,335,359,259,295,295,295,295],"floor_reached":25,"language":"ENG","playtime":1877,"items_purged":["Strike_R","Strike_R"],"score":648,"play_id":"8ba4235e-0c9c-448d-8093-73a2d23a33cb","local_time":"20210129003007","is_ascension_mode":true,"campfire_choices":[{"floor":6.0,"key":"REST"},{"floor":11.0,"key":"REST"},{"data":"Inflame","floor":15.0,"key":"SMITH"},{"floor":24,"key":"REST"}],"circlet_count":0,"master_deck":["AscendersBane","Strike_R","Strike_R","Defend_R","Defend_R","Defend_R","Bash","Bandage Up+1","Bloodletting+1","Warcry+1","Flame Barrier+1","Inflame+1","Shrug It Off+1","Clothesline","Trip+1","Sword Boomerang","Sword Boomerang","Double Tap+1","Armaments+1","True Grit+1","Shockwave+1","Reaper","Ghostly Armor+1","Inflame","Reckless Charge"],"relics":["Burning Blood","Toxic Egg 2","Akabeko","CeramicFish","Kunai","Pantograph","SlaversCollar","Anchor"],"acts_visited":["Exordium","TheCity"],"potions_floor_usage":[21,23,23],"damage_taken":[{"damage":9.0,"enemies":"2 Louse","floor":1.0,"turns":3.0},{"damage":9.0,"enemies":"Jaw Worm","floor":2.0,"turns":6.0},{"damage":40.0,"enemies":"Gremlin Nob","floor":7.0,"turns":5.0},{"damage":0.0,"enemies":"Cultist","floor":8.0,"turns":3.0},{"damage":24.0,"enemies":"Lagavulin","floor":10.0,"turns":6.0},{"damage":1.0,"enemies":"Looter","floor":12.0,"turns":3.0},{"damage":1.0,"enemies":"Exordium Wildlife","floor":13.0,"turns":2.0},{"damage":19.0,"enemies":"3 Sentries","floor":14.0,"turns":7.0},{"damage":7.0,"enemies":"Slime Boss","floor":16.0,"turns":8.0},{"damage":25,"enemies":"3 Byrds","floor":18,"turns":4},{"damage":14,"enemies":"Chosen","floor":19,"turns":5},{"damage":30,"enemies":"Snake Plant","floor":21,"turns":7},{"damage":34,"enemies":"Book of Stabbing","floor":23,"turns":6},{"damage":104,"enemies":"Gremlin Leader","floor":25,"turns":9}],"seed_played":"5867281591450788010","potions_obtained":[{"floor":1.0,"key":"Energy Potion"},{"floor":2.0,"key":"Explosive Potion"},{"floor":14.0,"key":"DuplicationPotion"},{"floor":18,"key":"AttackPotion"},{"floor":19,"key":"BlessingOfTheForge"},{"floor":21,"key":"Swift Potion"},{"floor":23,"key":"SmokeBomb"}],"is_trial":false,"path_per_floor":["M","M","?","$","?","R","E","M","T","E","R","M","M","E","R","B",null,"M","M","?","M","$","E","R","E"],"character_chosen":"IRONCLAD","items_purchased":["Toxic Egg 2","Bandage Up+1","Bloodletting+1","Warcry+1","Flame Barrier+1","Inflame","Trip+1","Sword Boomerang"],"campfire_rested":3,"item_purchase_floors":[0,0,0,0,0,0,4,4],"current_hp_per_floor":[47,50,43,43,43,65,31,43,43,31,53,64,69,62,62,75,75,62,67,46,38,38,36,60,0,0],"gold":295,"neow_bonus":"","is_daily":false,"chose_seed":false,"campfire_upgraded":1,"win_rate":0.0,"timestamp":1611847807,"path_taken":["M","M","?","$","?","R","E","M","T","E","R","M","M","E","R","BOSS","M","?","?","M","$","E","R","E"],"items_purchased_type":["Relic","Card","Card","Card","Card","Card","Card","Card"],"build_version":"2020-12-22","purchased_purges":2,"victory":false,"max_hp_per_floor":[75,75,75,75,75,75,75,75,75,75,75,75,75,75,75,75,75,75,75,80,80,80,80,80,80,80],"card_choices":[{"not_picked":["Hemokinesis","Warcry+1"],"picked":"Shrug It Off+1","floor":1.0},{"not_picked":["Anger","Sword Boomerang"],"picked":"Clothesline","floor":2.0},{"not_picked":["Feel No Pain","Dark Embrace","Clash"],"picked":"SKIP","floor":7.0},{"not_picked":["Clothesline","Carnage"],"picked":"Sword Boomerang","floor":8.0},{"not_picked":["Sentinel+1","Inflame"],"picked":"Double Tap+1","floor":10.0},{"not_picked":["Clothesline","Pummel"],"picked":"Armaments+1","floor":12.0},{"not_picked":["Anger","Metallicize"],"picked":"True Grit+1","floor":13.0},{"not_picked":["Rage+1","Dropkick"],"picked":"Shockwave+1","floor":14.0},{"not_picked":["Immolate","Exhume+1"],"picked":"Reaper","floor":16.0},{"not_picked":["Hemokinesis","Wild Strike"],"picked":"Ghostly Armor+1","floor":18},{"not_picked":["Uppercut","Anger","Iron Wave"],"picked":"SKIP","floor":19},{"not_picked":["Clash","Searing Blow"],"picked":"Inflame","floor":21},{"not_picked":["Combust","Intimidate+1"],"picked":"Reckless Charge","floor":23}],"player_experience":801828,"relics_obtained":[{"floor":7.0,"key":"Akabeko"},{"floor":9.0,"key":"CeramicFish"},{"floor":10.0,"key":"Kunai"},{"floor":14.0,"key":"Pantograph"},{"floor":23,"key":"Anchor"}],"event_choices":[{"cards_removed":["Defend_R"],"damage_healed":0.0,"max_hp_gain":0.0,"max_hp_loss":0.0,"gold_gain":0.0,"event_name":"Golden Wing","player_choice":"Card Removal","floor":3.0,"gold_loss":0.0,"damage_taken":7.0},{"cards_removed":["Strike_R"],"damage_healed":0.0,"max_hp_gain":0.0,"max_hp_loss":0.0,"gold_gain":0.0,"event_name":"Bonfire Elementals","player_choice":"Offered Basic","floor":5.0,"gold_loss":0.0,"damage_taken":0.0},{"damage_healed":0,"gold_gain":0,"player_choice":"Shed Blood","damage_taken":26,"max_hp_gain":5,"max_hp_loss":0,"event_name":"Forgotten Altar","floor":20,"gold_loss":0}],"is_beta":false,"boss_relics":[{"not_picked":["SacredBark","Black Blood"],"picked":"SlaversCollar"}],"items_purged_floors":[0,22],"is_endless":false,"potions_floor_spawned":[1,2,7,12,14,18,19,21,23],"killed_by":"Gremlin Leader","ascension_level":18}}