{"host":"15f3wpiimhe5yrng","time":1611853178,"event":{"mods":["BaseMod","Better Altar","Better Match","Better Note","Better Sensory Stone","Better Skull","Better Third Choice","Colored Map","Downfall","GifTheSpireLib","Good Game Mod","Minty Spire (QoL Compilation)","Permanent Neow","StSLib"],"gold_per_floor":[99,111,123,139,139,314,339,339,353,386,401,418,318,350,365,365,365,365],"floor_reached":16,"language":"ENG","playtime":1518,"items_purged":[],"score":114,"play_id":"82e2663b-7d41-44ed-825e-5f4cad4c8eef","local_time":"20210128175938","is_ascension_mode":false,"campfire_choices":[{"data":"sneckomod:DefensiveFlair","floor":13,"key":"SMITH"}],"circlet_count":0,"master_deck":["sneckomod:Strike","sneckomod:Strike","sneckomod:Strike","sneckomod:Defend+1","sneckomod:Defend","sneckomod:Defend+1","sneckomod:TailWhip+1","sneckomod:SnekBite","sneckomod:Unknown","sneckomod:SnekBeam","Guardian:ShieldCharger","sneckomod:UnknownDraw","sneckomod:QuickBite","sneckomod:DiceCrush","Echo Form","Doubt","sneckomod:WideSting","sneckomod:DefensiveFlair+1","sneckomod:UnknownWeak","sneckomod:UnknownUncommonAttack","sneckomod:QuickBite","sneckomod:UnknownDraw"],"relics":["sneckomod:SneckoSoul","REME:ComplimentaryCards","War Paint","Tiny Chest","downfall:BrokenWingStatue","Torii","downfall:HeartBlessingGreen","Ginger"],"acts_visited":["Exordium"],"potions_floor_usage":[16],"damage_taken":[{"damage":0,"enemies":"Cultist","floor":2,"turns":3},{"damage":0,"enemies":"Jaw Worm","floor":3,"turns":4},{"damage":0,"enemies":"Small Slimes","floor":4,"turns":1},{"damage":7,"enemies":"3 Louse","floor":9,"turns":3},{"damage":19,"enemies":"Gremlin Nob","floor":10,"turns":5},{"damage":2,"enemies":"Large Slime","floor":11,"turns":5},{"damage":15,"enemies":"2 Fungi Beasts","floor":12,"turns":3},{"damage":21,"enemies":"3 Sentries","floor":14,"turns":6},{"damage":0,"enemies":"Exordium Thugs","floor":15,"turns":4},{"damage":6,"enemies":"WA_ARCHETYPE_RETAIN","floor":16,"turns":6}],"seed_played":"690960527959684191","potions_obtained":[{"floor":3,"key":"ColorlessPotion"},{"floor":11,"key":"SteroidPotion"},{"floor":14,"key":"Fire Potion"}],"is_trial":false,"path_per_floor":["R","M","M","M","?","?","T","?","M","E","M","M","R","E","M","B"],"character_chosen":"THE_SNECKO","items_purchased":[],"campfire_rested":0,"item_purchase_floors":[],"current_hp_per_floor":[90,90,90,90,70,70,70,70,63,44,42,27,27,6,6,0,0,0],"gold":365,"neow_bonus":"UPGRADE_CARD","is_daily":false,"chose_seed":false,"campfire_upgraded":1,"win_rate":0.0,"timestamp":1611853178,"path_taken":["R","M","M","?","?","?","T","?","M","E","M","M","R","E","M","BOSS"],"items_purchased_type":[],"build_version":"2020-12-22","purchased_purges":0,"victory":false,"max_hp_per_floor":[90,90,90,90,90,90,90,90,90,90,90,90,90,90,90,90,90,90],"card_choices":[{"not_picked":["sneckomod:SlitherStrike","sneckomod:UnknownStrike"],"picked":"sneckomod:UnknownDraw","floor":2},{"not_picked":["sneckomod:SoulRoll","sneckomod:UnknownCommonSkill"],"picked":"sneckomod:QuickBite","floor":3},{"not_picked":["sneckomod:CheapStock","sneckomod:MasterEye"],"picked":"sneckomod:DiceCrush","floor":4},{"not_picked":["sneckomod:QuickBite","sneckomod:Unknown1Cost"],"picked":"sneckomod:WideSting","floor":9},{"not_picked":["sneckomod:Unknown1Cost","sneckomod:Restock"],"picked":"sneckomod:DefensiveFlair","floor":10},{"not_picked":["sneckomod:WideSting","sneckomod:QuickBite"],"picked":"sneckomod:UnknownWeak","floor":11},{"not_picked":["sneckomod:IronFang","sneckomod:UnknownDraw"],"picked":"sneckomod:UnknownUncommonAttack","floor":12},{"not_picked":["sneckomod:SoulRoll","sneckomod:RainOfDice"],"picked":"sneckomod:QuickBite","floor":14},{"not_picked":["sneckomod:SnekBeam","sneckomod:DiceBlock"],"picked":"sneckomod:UnknownDraw","floor":15}],"player_experience":86715,"relics_obtained":[{"floor":7,"key":"Tiny Chest"},{"floor":10,"key":"Torii"},{"floor":14,"key":"Ginger"}],"event_choices":[],"is_beta":false,"boss_relics":[],"items_purged_floors":[],"is_endless":false,"potions_floor_spawned":[3,11,14],"killed_by":"WA_ARCHETYPE_RETAIN","ascension_level":0}}