{"host":"y0yoakaqmzznr2b2","time":1611831210,"event":{"mods":["2.2 Compatiblity","Act Like it!","Aspiration","BaseMod","Chen","Colored Powertips","Conspire","Downfall","Friendly Minions","Gensokyo","Hallownest","Hubris","Koishi","KomeijiMod","Marisa£¨ìFÓê¡¡Ä§ÀíÉ³£©","Minty Spire (QoL Compilation)","Pale of the Ancients","Quick Restart","Rare Cards Sparkle","Reimu£¨²©ÀöÁéÃÎ£©","Replay The Spire","RumiaBox-Â¶Ã×æ«µÄÉñÃØºÐ×Ó","Shop Mod","StSLib","The Jungle","Youmu£¨»êÆÇÑýÃÎ£©"],"gold_per_floor":[119,119,119,136,136,181,181,234,234,234,291,56,75,134,134,261,361,374,374,418,598,598,650,685,685,736,788,825,825,844,895,895,1021,1021,1058,1102,1102,1141,753,813,831,882,882,757,771,771,825,841,841,841,841,841,402,432,432],"floor_reached":56,"language":"ZHS","playtime":6294,"items_purged":["Looming Evil","Strike_MRS","Defend_MRS"],"score":2340,"play_id":"9bb7a6f9-91e3-4650-a70b-bad0024658a8","local_time":"20210128185330","is_ascension_mode":true,"campfire_choices":[{"data":"WitchOfGreed","floor":7.0,"key":"SMITH"},{"data":"WitchLeyline","floor":10.0,"key":"SMITH"},{"floor":15.0,"key":"DIG"},{"floor":25.0,"key":"REST"},{"data":"StarDustReverie","floor":29.0,"key":"SMITH"},{"data":"CollectingQuirk","floor":32.0,"key":"SMITH"},{"floor":46.0,"key":"RECALL"},{"data":"SuperNova","floor":49.0,"key":"SMITH"},{"data":"Orbital","floor":52.0,"key":"SMITH"}],"circlet_count":0,"master_deck":["AscendersBane","Defend_MRS","Defend_MRS","MasterSpark","UpSweep","SprinkleStarSeal","WitchOfGreed+1","SuperNova+1","WitchLeyline+1","NonDirectionalLaser","LuminesStrike","DarkMatter","StarDustReverie+1","Acceleration+1","AsteroidBelt+1","OpenUniverse+1","EarthLightRay+1","Acceleration+1","GasGiant+1","CollectingQuirk+1","UltimateShortwave","EnergyRecoil+1","DragonMeteor+1","LuminesStrike+1","WitchLeyline+1","DeepEcoloBomb+1","Orbital+1","DarkMatter+1"],"relics":["MiniHakkero","NeowsBlessing","Blue Doll","WarpedTongs","Pantograph","Bag of Marbles","Darkstone Periapt","ReplayTheSpireMod:CursedCoin","MagicBroom","RuthlessExorcism:ReiMu","Juzu Bracelet","Replay:Wanted Poster","Question Card","BreadOfAWashokuLover","Oddly Smooth Stone","Orichalcum","Astrolabe","Gensokyo:EmptyGrave","SimpleLauncher","GodSword4","Replay:Bottled Eggs","Replay:WaspNest","ReplayTheSpireMod:TigerMarble","Replay:Wax Seal","Quantum Egg","hubris:EmptyBottle","Happy Flower"],"acts_visited":["Exordium","TheCity","Gensokyo:Gensokyoest","TheEnding"],"potions_floor_usage":[55,55,55,55,55,55],"damage_taken":[{"damage":0.0,"enemies":"Small Slimes","floor":1.0,"turns":1.0},{"damage":1.0,"enemies":"Jaw Worm","floor":4.0,"turns":1.0},{"damage":0.0,"enemies":"Lagavulin","floor":6.0,"turns":2.0},{"damage":19.0,"enemies":"Replay:BlueRogue","floor":8.0,"turns":6.0},{"damage":19.0,"enemies":"3 Sentries","floor":11.0,"turns":7.0},{"damage":0.0,"enemies":"2 Louse","floor":13.0,"turns":1.0},{"damage":15.0,"enemies":"Gremlin Nob","floor":14.0,"turns":3.0},{"damage":25.0,"enemies":"Fading Forest","floor":16.0,"turns":11.0},{"damage":16.0,"enemies":"Shell Parasite","floor":18.0,"turns":3.0},{"damage":0.0,"enemies":"conspire:FuzzyDice","floor":20.0,"turns":8.0},{"damage":0.0,"enemies":"Replay:Snechameleon","floor":23.0,"turns":6.0},{"damage":3.0,"enemies":"3 Cultists","floor":24.0,"turns":3.0},{"damage":14.0,"enemies":"conspire:Head Lice","floor":27.0,"turns":8.0},{"damage":0.0,"enemies":"Centurion and Healer","floor":28.0,"turns":5.0},{"damage":5.0,"enemies":"Cultist and Chosen","floor":30.0,"turns":4.0},{"damage":7.0,"enemies":"Replay:Snechameleon","floor":31.0,"turns":8.0},{"damage":27.0,"enemies":"Pondfish","floor":33.0,"turns":9.0},{"damage":6.0,"enemies":"Gensokyo:AncientGuardian","floor":35.0,"turns":4.0},{"damage":1.0,"enemies":"Gensokyo:3_Bats","floor":36.0,"turns":3.0},{"damage":11.0,"enemies":"Gensokyo:Rafflesia","floor":38.0,"turns":6.0},{"damage":23.0,"enemies":"Gensokyo:Kasen","floor":40.0,"turns":4.0},{"damage":8.0,"enemies":"Gensokyo:SeedOfUnknown","floor":41.0,"turns":5.0},{"damage":9.0,"enemies":"Gensokyo:Doremy","floor":42.0,"turns":5.0},{"damage":7.0,"enemies":"Gensokyo:Dusk_and_Dawn","floor":45.0,"turns":2.0},{"damage":7.0,"enemies":"Gensokyo:Kasen","floor":47.0,"turns":6.0},{"damage":0.0,"enemies":"Gensokyo:AtlasGolem","floor":48.0,"turns":1.0},{"damage":0.0,"enemies":"Gensokyo:Scarlet_Devils","floor":50.0,"turns":4.0},{"damage":3,"enemies":"Shield and Spear","floor":54,"turns":5},{"damage":45,"enemies":"The Heart","floor":55,"turns":5}],"seed_played":"-8787192081419864342","potions_obtained":[{"floor":1.0,"key":"CalmPotion"},{"floor":6.0,"key":"ZuzhouPotion:ReiMu"},{"floor":6.0,"key":"BottledSpark"},{"floor":16.0,"key":"GrandPatriotsElixir:ReiMu"},{"floor":16.0,"key":"Swift Potion"},{"floor":20.0,"key":"Reflective Coating"},{"floor":23.0,"key":"SkillPotion"},{"floor":24.0,"key":"Guardian:BlockOnCardUsePotion"},{"floor":27.0,"key":"Swift Potion"},{"floor":28.0,"key":"SkillPotion"},{"floor":31.0,"key":"ColorlessPotion"},{"floor":33.0,"key":"Dexterity Potion"},{"floor":38.0,"key":"Fire Potion"},{"floor":40.0,"key":"Ancient Potion"},{"floor":40.0,"key":"JyouchiReiPotion"}],"is_trial":false,"path_per_floor":["M","?","?","M","?","E","R","E","T","R","E","$","M","E","R","B",null,"M","T","M","?","?","E","M","R","T","E","M","R","M","E","R","B",null,"M","M","?","M","$","E","M","E","T","$","M","R","E","M","R","B",null,"R","$","E","B",null],"character_chosen":"MARISA","items_purchased":["ReplayTheSpireMod:CursedCoin","MagicBroom","SimpleLauncher","Replay:Wax Seal","Quantum Egg","hubris:EmptyBottle","DarkMatter+1"],"campfire_rested":1,"item_purchase_floors":[12,12,39,53,53,53,53],"current_hp_per_floor":[68,61,61,60,60,60,60,41,41,41,22,28,28,13,13,21,66,50,50,50,31,31,31,29,53,53,46,61,61,64,67,67,75,89,89,94,87,76,76,70,68,65,65,65,58,58,57,63,63,87,87,87,87,87,48],"gold":432,"neow_bonus":"THREE_ENEMY_KILL","is_daily":false,"chose_seed":false,"campfire_upgraded":6,"win_rate":0.0,"timestamp":1611831210,"path_taken":["M","?","?","?","?","E","R","E","T","R","E","$","M","E","R","BOSS","M","?","M","?","?","E","M","R","T","E","M","R","M","E","R","BOSS","M","M","?","M","$","E","M","E","T","$","M","R","E","M","R","BOSS","R","$","E","BOSS"],"items_purchased_type":["Relic","Relic","Relic","Relic","Relic","Relic","Card"],"build_version":"2020-12-22","purchased_purges":3,"victory":true,"max_hp_per_floor":[75,75,75,75,75,75,75,75,75,75,75,81,81,81,81,81,81,81,81,81,81,81,81,81,81,81,81,81,81,81,81,81,94,94,94,94,87,87,87,87,87,87,87,87,87,87,87,87,87,87,87,87,87,87,87],"card_choices":[{"not_picked":["6A","DC"],"picked":"SprinkleStarSeal","floor":1.0},{"not_picked":["GravityBeat","DC"],"picked":"WitchOfGreed","floor":4.0},{"not_picked":["WitchOfGreed","MaximisePower"],"picked":"SuperNova","floor":6.0},{"not_picked":["MaximisePower","BlazeAway"],"picked":"WitchLeyline","floor":8.0},{"not_picked":["ShootingEcho","LuminesStrike"],"picked":"NonDirectionalLaser","floor":11.0},{"not_picked":["FairyDestructionRay","GrandCross"],"picked":"LuminesStrike","floor":13.0},{"not_picked":["IllusionStar","StarBarrage"],"picked":"DarkMatter","floor":14.0},{"not_picked":["MillisecondPulsars","CollectingQuirk"],"picked":"StarDustReverie","floor":16.0},{"not_picked":["MilkyWay","AsteroidBelt+1"],"picked":"Acceleration","floor":18.0},{"not_picked":["Singularity","GalacticHalo","DeepEcoloBomb"],"picked":"AsteroidBelt+1","floor":20.0},{"not_picked":["ShootingEcho+1","EventHorizon","Orbital"],"picked":"OpenUniverse+1","floor":23.0},{"not_picked":["FairyDestructionRay","ChargeUpSpray","MysteriousBeam"],"picked":"EarthLightRay+1","floor":24.0},{"not_picked":["IllusionStar","PowerUp","6A+1"],"picked":"Acceleration","floor":27.0},{"not_picked":["GalacticHalo","MysteriousBeam+1","UnstableBomb","IllusionStar"],"picked":"SKIP","floor":28.0},{"not_picked":["OortCloud","SporeBomb","RefractionSpark"],"picked":"GasGiant+1","floor":30.0},{"not_picked":["EventHorizon+1","StarBarrage","LuminesStrike+1"],"picked":"CollectingQuirk","floor":31.0},{"not_picked":["StarDustReverie","AbsoluteMagnitude","ManaRampage"],"picked":"UltimateShortwave","floor":33.0},{"not_picked":["SporeBomb+1","AsteroidBelt","DoubleSpark+1","DeepEcoloBomb"],"picked":"SKIP","floor":35.0},{"not_picked":["IllusionStar","SporeBomb","UltimateShortwave","PowerUp+1"],"picked":"SKIP","floor":36.0},{"not_picked":["OneTimeOff","ChargeUpSpray+1","StarBarrage","PowerUp+1"],"picked":"SKIP","floor":38.0},{"not_picked":["EventHorizon+1","MilkyWay","PowerUp","TreasureHunter"],"picked":"SKIP","floor":40.0},{"not_picked":["GravityBeat","SprinkleStarSeal","UnstableBomb"],"picked":"WitchLeyline+1","floor":41.0},{"not_picked":["ChargingUp","MysteriousBeam","MagicAbsorber+1"],"picked":"DeepEcoloBomb+1","floor":42.0},{"not_picked":["6A","PropBag+1","SprinkleStarSeal","PulseMagic+1"],"picked":"SKIP","floor":45.0},{"not_picked":["LuminesStrike+1","AsteroidBelt+1","IllusionStar+1"],"picked":"Orbital","floor":47.0},{"not_picked":["Acceleration+1","OrrerysSun","RefractionSpark","NonDirectionalLaser+1"],"picked":"SKIP","floor":48.0},{"not_picked":["RefractionSpark","6A+1","DarkSpark","ManaRampage"],"picked":"SKIP","floor":54}],"player_experience":1045332,"relics_obtained":[{"floor":6.0,"key":"Pantograph"},{"floor":9.0,"key":"Bag of Marbles"},{"floor":11.0,"key":"Darkstone Periapt"},{"floor":14.0,"key":"RuthlessExorcism:ReiMu"},{"floor":15.0,"key":"Juzu Bracelet"},{"floor":19.0,"key":"Question Card"},{"floor":23.0,"key":"BreadOfAWashokuLover"},{"floor":27.0,"key":"Oddly Smooth Stone"},{"floor":31.0,"key":"Orichalcum"},{"floor":40.0,"key":"GodSword4"},{"floor":42.0,"key":"Replay:Bottled Eggs"},{"floor":43.0,"key":"Replay:WaspNest"},{"floor":47.0,"key":"ReplayTheSpireMod:TigerMarble"},{"floor":54,"key":"Happy Flower"}],"event_choices":[{"damage_healed":0.0,"max_hp_gain":0.0,"max_hp_loss":0.0,"gold_gain":0.0,"event_name":"Scrap Ooze","player_choice":"Success","floor":2.0,"gold_loss":0.0,"damage_taken":7.0,"relics_obtained":["Blue Doll"]},{"damage_healed":0.0,"max_hp_gain":0.0,"max_hp_loss":0.0,"gold_gain":0.0,"event_name":"Accursed Blacksmith","player_choice":"Rummage","floor":3.0,"gold_loss":0.0,"damage_taken":0.0,"relics_obtained":["WarpedTongs"],"cards_obtained":["Pain"]},{"cards_removed":["Pain"],"damage_healed":0.0,"max_hp_gain":0.0,"max_hp_loss":0.0,"gold_gain":0.0,"event_name":"Fountain of Cleansing","player_choice":"Removed Curses","floor":5.0,"gold_loss":0.0,"damage_taken":0.0},{"damage_healed":0.0,"max_hp_gain":0.0,"max_hp_loss":0.0,"gold_gain":180.0,"event_name":"Knowing Skull","player_choice":"GOLD GOLD ","floor":21.0,"potions_obtained":[],"gold_loss":0.0,"damage_taken":19.0,"cards_obtained":[]}],"is_beta":false,"boss_relics":[{"not_picked":["Runic Pyramid","Philosopher\u0027s Stone"],"picked":"Replay:Wanted Poster"},{"not_picked":["Velvet Choker","EasyGame_NEW"],"picked":"Astrolabe"}],"items_purged_floors":[12,39,44],"is_endless":false,"potions_floor_spawned":[1,6,16,20,24,28,33,35,40,42,47],"ascension_level":10}}