{"host":"flash","time":1611843129,"event":{"mods":["ATMod(°¢èªMod)","Act Like it!","Aspiration","BaseMod","Jorbs\u0027s Wanderer Trilogy","Minty Spire (QoL Compilation)","Shop Mod","StSLib","Td1madao Mod","¡¾ÒÅÎï¿¨ÅÆ¡¿REMEMod"],"gold_per_floor":[116,127,52,52,66,92,92,127,152,185,196,229,229,239,239,339,339,355,355,370,129,142,176,176,209,209,209,209,225,135,153,153,282,282,295,295,121,133,133,163,213,246,246,580,592,442,442,519,519,519],"floor_reached":51,"language":"ZHS","playtime":2526,"items_purged":["Strike_B","Strike_B","Strike_B","LessonLearned"],"score":1468,"play_id":"faba487d-7e0e-4554-b8c9-bb105ea42225","local_time":"20210128221209","is_ascension_mode":true,"campfire_choices":[{"floor":7,"key":"REST"},{"data":"Zap","floor":15,"key":"SMITH"},{"data":"Scrape","floor":24,"key":"SMITH"},{"floor":32,"key":"REST"},{"data":"AT_StudyProgram","floor":49,"key":"SMITH"}],"circlet_count":0,"master_deck":["Defend_B+1","Defend_B+1","Defend_B+1","Zap+1","Dualcast+1","AT_FamilyPortrait+1","Beam Cell+1","Capacitor","White Noise+1","AT_StudyProgram","Coolheaded+1","REME_ForAll+1","Go for the Eyes","REME_Compress+1","Redo+1","Electrodynamics+1","Chill+1","Turbo+1","AT_RobotInSpace+1","AT_HeatAcrobatics+1","Scrape+1","AT_StudyProgram+1","Hologram+1","Echo Form","AT_EmpoweredMortalDraw+1","Madness+1","Mayhem","Bandage Up+1","Heatsinks","Coolheaded+1","Storm+1","AT_EMC2+1","Double Energy+1","Sunder"],"relics":["Cracked Core","AT_ATBox","REME_ComplimentaryCards","NeowsBlessing","Strawberry","AT_GreenNoBalance","Omamori","AT_DeathDance","Mummified Hand","Toxic Egg 2","aspiration:FutureDiary","Membership Card","Cables","PreservedInsect","AT_Kusabimaru","CaptainsWheel","AT_MortalBlade","AT_ChloranthyRing","AT_ArchangelStaff","FossilizedHelix","AT_BellowingDragoncrestRing","Blood Vial","Old Coin","aspiration:Nostalgia","stsjorbsmod:BookOfTrialsRelic","Eternal Feather"],"acts_visited":["Exordium","TheCity","TheBeyond"],"potions_floor_usage":[6,8,14,25,29,40,50,50],"damage_taken":[{"damage":0,"enemies":"Cultist","floor":1,"turns":1},{"damage":0,"enemies":"Small Slimes","floor":2,"turns":1},{"damage":0,"enemies":"Jaw Worm","floor":5,"turns":1},{"damage":33,"enemies":"3 Sentries","floor":6,"turns":6},{"damage":20,"enemies":"Gremlin Nob","floor":8,"turns":5},{"damage":8,"enemies":"Lagavulin","floor":10,"turns":9},{"damage":0,"enemies":"3 Louse","floor":11,"turns":2},{"damage":10,"enemies":"Gremlin Nob","floor":12,"turns":3},{"damage":4,"enemies":"Looter","floor":14,"turns":4},{"damage":0,"enemies":"Slime Boss","floor":16,"turns":8},{"damage":6,"enemies":"Shell Parasite","floor":18,"turns":5},{"damage":0,"enemies":"Chosen","floor":20,"turns":5},{"damage":9,"enemies":"Shelled Parasite and Fungi","floor":22,"turns":6},{"damage":34,"enemies":"REME_1_Revenger","floor":23,"turns":5},{"damage":16,"enemies":"Slavers","floor":25,"turns":4},{"damage":4,"enemies":"Snecko","floor":29,"turns":4},{"damage":0,"enemies":"Snake Plant","floor":31,"turns":2},{"damage":4,"enemies":"Collector","floor":33,"turns":4},{"damage":0,"enemies":"3 Darklings","floor":35,"turns":3},{"damage":18,"enemies":"3 Shapes","floor":38,"turns":3},{"damage":0,"enemies":"Nemesis","floor":40,"turns":2},{"damage":9,"enemies":"Mind Bloom Boss Battle","floor":41,"turns":2},{"damage":0,"enemies":"Reptomancer","floor":42,"turns":2},{"damage":0,"enemies":"Nemesis","floor":44,"turns":1},{"damage":0,"enemies":"Sphere and 2 Shapes","floor":45,"turns":2},{"damage":1,"enemies":"Awakened One","floor":50,"turns":10}],"seed_played":"-1092278477580459949","potions_obtained":[{"floor":1,"key":"Weak Potion"},{"floor":2,"key":"AttackPotion"},{"floor":11,"key":"Dexterity Potion"},{"floor":12,"key":"DuplicationPotion"},{"floor":14,"key":"Explosive Potion"},{"floor":29,"key":"Fruit Juice"},{"floor":33,"key":"GamblersBrew"},{"floor":40,"key":"Fruit Juice"},{"floor":41,"key":"Ancient Potion"}],"is_trial":false,"path_per_floor":["M","M","$","?","M","E","R","E","T","E","M","E","?","M","R","B",null,"M","?","M","$","M","E","R","E","T","?","?","M","?","M","R","B",null,"M","?","$","M","?","E","?","E","T","E","M","$","?","T","R","B",null],"character_chosen":"DEFECT","items_purchased":["Membership Card","AT_RobotInSpace+1","AT_ChloranthyRing","Heatsinks","aspiration:Nostalgia"],"campfire_rested":2,"item_purchase_floors":[21,21,37,37,46],"current_hp_per_floor":[68,68,68,53,53,27,51,31,31,33,41,31,31,37,37,41,72,35,35,41,41,32,7,7,25,25,25,25,26,26,26,52,48,77,77,67,67,55,55,66,63,69,69,77,85,85,85,85,88,87],"gold":519,"neow_bonus":"THREE_ENEMY_KILL","is_daily":false,"chose_seed":false,"campfire_upgraded":3,"win_rate":0.0,"timestamp":1611843129,"path_taken":["M","?","$","?","M","E","R","E","T","E","M","E","?","M","R","BOSS","M","?","?","$","M","E","R","E","T","?","?","M","?","?","R","BOSS","M","?","?","M","?","E","?","E","T","E","M","$","?","?","R","BOSS"],"items_purchased_type":["Relic","Card","Relic","Card","Relic"],"build_version":"2020-12-18","purchased_purges":4,"victory":true,"max_hp_per_floor":[75,75,75,75,75,82,82,82,82,82,82,82,82,82,82,82,82,82,82,82,82,82,82,82,82,82,82,82,87,87,87,87,87,87,87,87,87,87,83,88,88,88,88,88,88,88,88,88,88,88],"card_choices":[{"not_picked":["Steam","Go for the Eyes"],"picked":"Beam Cell","floor":1},{"not_picked":["Compile Driver","Beam Cell"],"picked":"Capacitor","floor":2},{"not_picked":["Static Discharge","Cold Snap"],"picked":"White Noise","floor":5},{"not_picked":["AT_ThreeBodyProblem","Redo","Fusion"],"picked":"AT_StudyProgram","floor":6},{"not_picked":["Conserve Battery","REME_SelfUpgrade"],"picked":"Coolheaded","floor":8},{"not_picked":["Compile Driver","Ball Lightning"],"picked":"REME_ForAll","floor":10},{"not_picked":["Stack","Go for the Eyes","Compile Driver"],"picked":"SKIP","floor":11},{"not_picked":["Stack","Compile Driver"],"picked":"Go for the Eyes","floor":11},{"not_picked":["REME_DataAnalysis","Ball Lightning"],"picked":"REME_Compress","floor":12},{"not_picked":["AT_HeatAcrobatics+1","Sweeping Beam"],"picked":"Redo+1","floor":14},{"not_picked":["Rainbow+1","Core Surge"],"picked":"Electrodynamics","floor":16},{"not_picked":["Streamline","Conserve Battery+1"],"picked":"Chill+1","floor":18},{"not_picked":["Rebound+1","Darkness+1"],"picked":"Turbo+1","floor":20},{"not_picked":["Aggregate+1","REME_Whirling+1"],"picked":"AT_HeatAcrobatics+1","floor":22},{"not_picked":["Ball Lightning","Static Discharge"],"picked":"Scrape","floor":23},{"not_picked":["Cold Snap","Turbo+1","Rebound"],"picked":"SKIP","floor":25},{"not_picked":["Beam Cell","Rebound+1","Sunder"],"picked":"AT_StudyProgram","floor":29},{"not_picked":["Cold Snap","Go for the Eyes+1"],"picked":"Hologram+1","floor":31},{"not_picked":["Buffer","REME_ForAll"],"picked":"Echo Form","floor":33},{"not_picked":["Turbo+1","Redo+1","AT_HeatAcrobatics+1"],"picked":"SKIP","floor":35},{"not_picked":["AT_PowerWithin","Impatience+1"],"picked":"Madness+1","floor":36},{"not_picked":["AT_FamilyPortrait+1","AT_LightSaberMaster"],"picked":"Mayhem","floor":36},{"not_picked":["Finesse+1","Enlightenment+1"],"picked":"Bandage Up+1","floor":36},{"not_picked":["Go for the Eyes","Self Repair"],"picked":"Coolheaded+1","floor":38},{"not_picked":["Melter","Cold Snap+1"],"picked":"Storm+1","floor":40},{"not_picked":["AT_RobotInSpace+1","Chill+1"],"picked":"AT_EMC2+1","floor":42},{"not_picked":["Coolheaded+1","AT_EMC2+1"],"picked":"Double Energy+1","floor":44},{"not_picked":["Rebound","Recycle+1"],"picked":"Sunder","floor":45}],"player_experience":676550,"relics_obtained":[{"floor":6,"key":"Strawberry"},{"floor":8,"key":"AT_SilverBalance"},{"floor":9,"key":"Omamori"},{"floor":10,"key":"AT_DeathDance"},{"floor":12,"key":"Mummified Hand"},{"floor":23,"key":"Cables"},{"floor":25,"key":"PreservedInsect"},{"floor":26,"key":"AT_Kusabimaru"},{"floor":40,"key":"AT_ArchangelStaff"},{"floor":41,"key":"FossilizedHelix"},{"floor":42,"key":"AT_BellowingDragoncrestRing"},{"floor":43,"key":"Blood Vial"},{"floor":44,"key":"Old Coin"},{"floor":48,"key":"Eternal Feather"}],"event_choices":[{"damage_healed":0,"gold_gain":0,"player_choice":"Entered Light","damage_taken":15,"max_hp_gain":0,"max_hp_loss":0,"event_name":"Shining Light","floor":4,"gold_loss":0,"cards_upgraded":["Defend_B","Beam Cell"]},{"damage_healed":0,"gold_gain":0,"player_choice":"Forge","damage_taken":0,"max_hp_gain":0,"max_hp_loss":0,"event_name":"Accursed Blacksmith","floor":19,"gold_loss":0,"cards_upgraded":["Coolheaded"]},{"damage_healed":0,"gold_gain":0,"player_choice":"Smashed Altar","damage_taken":0,"max_hp_gain":0,"max_hp_loss":0,"event_name":"Forgotten Altar","floor":27,"gold_loss":0,"cards_obtained":["Decay"]},{"damage_healed":0,"gold_gain":0,"player_choice":"Opened","damage_taken":0,"relics_obtained":["CaptainsWheel"],"max_hp_gain":0,"max_hp_loss":0,"event_name":"The Mausoleum","floor":28,"gold_loss":0},{"cards_removed":["Strike_B"],"damage_healed":0,"gold_gain":0,"player_choice":"Upgrade and Remove","damage_taken":0,"max_hp_gain":0,"max_hp_loss":0,"event_name":"Designer","floor":30,"gold_loss":90,"cards_upgraded":["White Noise"]},{"damage_healed":0,"gold_gain":0,"player_choice":"Memory 3","damage_taken":10,"max_hp_gain":0,"max_hp_loss":0,"event_name":"SensoryStone","floor":36,"gold_loss":0},{"damage_healed":0,"gold_gain":0,"player_choice":"Max HP","damage_taken":0,"max_hp_gain":0,"max_hp_loss":4,"event_name":"Winding Halls","floor":39,"gold_loss":0},{"damage_healed":0,"gold_gain":0,"player_choice":"Fight","damage_taken":0,"max_hp_gain":0,"max_hp_loss":0,"event_name":"MindBloom","floor":41,"gold_loss":0},{"cards_removed":["Defend_B"],"damage_healed":0,"gold_gain":0,"player_choice":"Removed Skill","damage_taken":0,"max_hp_gain":0,"max_hp_loss":0,"event_name":"Falling","floor":47,"gold_loss":0}],"is_beta":true,"boss_relics":[{"not_picked":["aspiration:Stellarator","Runic Pyramid"],"picked":"aspiration:FutureDiary"},{"not_picked":["Cursed Key","SacredBark"],"picked":"AT_MortalBlade"}],"items_purged_floors":[3,21,37,46],"is_endless":false,"potions_floor_spawned":[1,2,11,12,14,16,18,22,29,33,40,41],"ascension_level":7}}