{"host":"lblchrha3vh2nram","time":1611803563,"event":{"mods":["BaseMod","Bestiary","Better Altar","Better Skull","Better Third Choice","ChefMod","Downfall","Evolution","Hermit","Highlight Path","Minty Spire (QoL Compilation)","Potionbrewer","Shade Mod","Spicy Shops","StSLib","The Blue Laboratory","The Dragon Tamer","The Hierophant","The Kombatant","The Marked"],"gold_per_floor":[110,22,22,97,111,111,35,45,45,56,66,94,19,38,38,142,142,158,208,226,226,256,256,256,272,272,288,299,299,299,139,139,240,240,253,1,17,17,72,90,90,90,113,141,153,185,48,48,48,48],"floor_reached":51,"language":"ENG","playtime":3759,"items_purged":["Shade:Strike_Shade","Shade:SkeletonHug"],"score":672,"play_id":"8b1776fa-06ca-4119-8de5-dc55a552a902","local_time":"20210127221243","is_ascension_mode":false,"campfire_choices":[{"data":"Shade:GraveStillness","floor":6,"key":"SMITH"},{"data":"Shade:FreshBones","floor":15,"key":"SMITH"},{"data":"Shade:FingerOfDeath","floor":23,"key":"SMITH"},{"floor":30,"key":"REST"},{"floor":32,"key":"REST"},{"data":"Shade:GreaterAnimation","floor":41,"key":"SMITH"},{"data":"Discovery","floor":45,"key":"SMITH"},{"data":"Shade:AnimateDead","floor":49,"key":"SMITH"}],"circlet_count":0,"master_deck":["Shade:CoffinDance","Shade:CoffinDance","Shade:Strike_Shade","Shade:Defend_Shade","Shade:Defend_Shade","Shade:Defend_Shade","Shade:AnimateDead+1","Shade:CarefulCut","Shade:FingerOfDeath+1","Shade:Brains+1","Shade:GraveStillness+1","Shade:FuneraryJewels","Shade:OpenGraves","Shade:FreshBones","Shade:FreshBones+1","Shade:RitualOffering","Shade:PressTheAttack+1","Shade:AuraOfUnlife+1","Shade:SanguineRitual+1","Shade:Frenzy+1","Shade:Bite_Shade","Shade:GreaterAnimation+1","Shade:Coordination","Shade:WallOfFlesh+1","Discovery+1","Injury","Pain","Shade:Asphyxiate"],"relics":["Shade:YorickPolishedSkull","EVO:Axolotl","FossilizedHelix","Vajra","HandDrill","Bottled Flame","Ice Cream","Runic Pyramid","MutagenicStrength","Red Mask","Kunai","InkBottle","downfall:ExtraCursedKey","Ginger","MawBank","Lee\u0027s Waffle"],"acts_visited":["Exordium","TheCity","TheBeyond"],"potions_floor_usage":[10,12,14,16,20,20,25,27,28,39,39,50,50],"damage_taken":[{"damage":1,"enemies":"2 Louse","floor":1,"turns":2},{"damage":0,"enemies":"Small Slimes","floor":5,"turns":3},{"damage":0,"enemies":"Cultist","floor":8,"turns":3},{"damage":0,"enemies":"Exordium Thugs","floor":10,"turns":4},{"damage":0,"enemies":"Large Slime","floor":11,"turns":6},{"damage":0,"enemies":"Lagavulin","floor":12,"turns":5},{"damage":0,"enemies":"Red Slaver","floor":14,"turns":3},{"damage":0,"enemies":"Hexaghost","floor":16,"turns":9},{"damage":0,"enemies":"Spheric Guardian","floor":18,"turns":4},{"damage":7,"enemies":"2 Thieves","floor":20,"turns":4},{"damage":28,"enemies":"Masked Bandits","floor":22,"turns":5},{"damage":22,"enemies":"3 Cultists","floor":25,"turns":6},{"damage":0,"enemies":"Snake Plant","floor":27,"turns":2},{"damage":0,"enemies":"Snecko","floor":28,"turns":4},{"damage":20,"enemies":"Automaton","floor":33,"turns":10},{"damage":32,"enemies":"3 Darklings","floor":35,"turns":4},{"damage":0,"enemies":"3 Shapes","floor":37,"turns":2},{"damage":2,"enemies":"2 Orb Walkers","floor":39,"turns":4},{"damage":0,"enemies":"Transient","floor":40,"turns":5},{"damage":0,"enemies":"3 Darklings","floor":44,"turns":2},{"damage":0,"enemies":"Spire Growth","floor":46,"turns":3},{"damage":50,"enemies":"Donu and Deca","floor":50,"turns":6}],"seed_played":"8544613082048545236","potions_obtained":[{"floor":5,"key":"Explosive Potion"},{"floor":8,"key":"blueLaboratory:BubblePotion"},{"floor":10,"key":"SpeedPotion"},{"floor":12,"key":"potionbrewer:BarricadePotion"},{"floor":16,"key":"blueLaboratory:EnragingPotion"},{"floor":20,"key":"potionbrewer:BlacksmithPotion"},{"floor":22,"key":"blueLaboratory:PhilterOfMotion"},{"floor":25,"key":"AttackPotion"},{"floor":27,"key":"sneckomod:MuddlingPotion"},{"floor":33,"key":"blueLaboratory:PhilterOfMotion"},{"floor":39,"key":"bronze:BurnAndBuffPotion"},{"floor":40,"key":"Strength Potion"},{"floor":44,"key":"blueLaboratory:LouseDecoction"}],"is_trial":false,"path_per_floor":["M","$","?","?","M","R","$","M","T","M","M","E","$","M","R","B",null,"M","?","M","?","?","R","T","M","T","M","M","$","R","$","R","B",null,"M","$","M","?","?","M","R","?","T","M","R","M","$","?","R","B",null],"character_chosen":"SHADE","items_purchased":["FossilizedHelix","HandDrill","Shade:Bite_Shade","Shade:Coordination","CultistPotion","Lee\u0027s Waffle"],"campfire_rested":2,"item_purchase_floors":[2,7,31,36,36,47],"current_hp_per_floor":[64,64,57,51,51,51,51,51,51,51,51,51,51,51,51,51,65,65,65,58,58,30,30,30,8,8,8,8,8,27,27,46,30,65,35,35,35,35,35,39,39,39,39,39,39,41,72,72,72,24],"gold":48,"neow_bonus":"TRANSFORM_CARD","is_daily":false,"chose_seed":false,"campfire_upgraded":6,"win_rate":0.0,"timestamp":1611803563,"path_taken":["M","$","?","?","?","R","?","M","T","M","M","E","$","M","R","BOSS","M","?","?","?","?","R","?","M","T","M","M","?","R","$","R","BOSS","M","$","M","?","?","M","R","?","T","M","R","M","$","?","R","BOSS"],"items_purchased_type":["Relic","Relic","Card","Card","Potion","Relic"],"build_version":"2020-12-22","purchased_purges":2,"victory":true,"max_hp_per_floor":[65,65,65,65,65,65,65,65,65,65,65,65,65,65,65,65,65,65,65,65,65,65,65,65,65,65,65,65,65,65,65,65,65,65,65,65,65,65,65,65,65,65,65,65,65,65,72,72,72,72],"card_choices":[{"not_picked":["Shade:CommandSoldier","Shade:Frenzy"],"picked":"Shade:Brains","floor":1},{"not_picked":["Shade:SkeletonHug","Shade:FleshOffering"],"picked":"Shade:GraveStillness","floor":5},{"not_picked":["Shade:SoulToxin","Shade:RitualOffering"],"picked":"Shade:FuneraryJewels","floor":8},{"not_picked":["Shade:FleshToFlesh","Shade:FleshLikeOak"],"picked":"Shade:OpenGraves","floor":10},{"not_picked":["Shade:SoulPierce","Shade:CommandSoldier"],"picked":"Shade:FreshBones","floor":11},{"not_picked":["Shade:DarkOfNight","Shade:ClawBack"],"picked":"Shade:SkeletonHug","floor":12},{"not_picked":["Shade:FleshToFlesh","Shade:GreyBargain"],"picked":"Shade:FreshBones","floor":14},{"not_picked":["Shade:GraveStillness","Shade:FleshToFlesh"],"picked":"Shade:RitualOffering","floor":18},{"not_picked":["Shade:ClawBack","Shade:ExtraLimbs","Shade:SpectralStrikes"],"picked":"SKIP","floor":20},{"not_picked":["Shade:CloudOfShrapnel","Shade:ClawBack"],"picked":"Shade:PressTheAttack+1","floor":22},{"not_picked":["Shade:FeralStrike","Shade:PotionOfRestlessness+1"],"picked":"Shade:AuraOfUnlife+1","floor":25},{"not_picked":["Shade:Brains","Shade:FleshToFlesh"],"picked":"Shade:SanguineRitual+1","floor":27},{"not_picked":["Shade:RavenousHorde","Shade:GraveStillness"],"picked":"Shade:Frenzy+1","floor":28},{"not_picked":["Shade:LastGasp","Shade:OminousRitual"],"picked":"Shade:GreaterAnimation","floor":33},{"not_picked":["Shade:Carnophage","Shade:AncientSpear","Shade:SkeletonHug+1"],"picked":"SKIP","floor":35},{"not_picked":["Shade:AblativeArmor+1","Shade:Trample+1"],"picked":"Shade:WallOfFlesh+1","floor":37},{"not_picked":["Shade:GraveStillness","Shade:ExtraLimbs+1","Shade:FeralStrike"],"picked":"SKIP","floor":40},{"not_picked":["Purity","Sadistic Nature"],"picked":"Discovery","floor":42},{"not_picked":["Shade:Asphyxiate+1","Shade:FleshToFlesh","Shade:GoDigging"],"picked":"SKIP","floor":44},{"not_picked":["Shade:Premonition","Shade:ClawBack","Shade:DarkOfNight"],"picked":"SKIP","floor":46}],"player_experience":51924,"relics_obtained":[{"floor":9,"key":"Bottled Flame"},{"floor":12,"key":"Ice Cream"},{"floor":22,"key":"Red Mask"},{"floor":24,"key":"Kunai"},{"floor":26,"key":"InkBottle"},{"floor":39,"key":"Ginger"},{"floor":43,"key":"MawBank"}],"event_choices":[{"damage_healed":0,"gold_gain":0,"player_choice":"Relic ","damage_taken":7,"max_hp_gain":0,"max_hp_loss":0,"event_name":"betterThird:BetterScrap","floor":3,"gold_loss":0,"cards_obtained":["Skewer"]},{"damage_healed":0,"gold_gain":75,"player_choice":"Touch","damage_taken":6,"max_hp_gain":0,"max_hp_loss":0,"event_name":"FaceTrader","floor":4,"gold_loss":0},{"damage_healed":0,"gold_gain":100,"player_choice":"Bet on Murderer","damage_taken":0,"max_hp_gain":0,"max_hp_loss":0,"event_name":"The Joust","floor":19,"gold_loss":50},{"damage_healed":0,"gold_gain":0,"player_choice":"Inject Mutagens","damage_taken":0,"relics_obtained":["MutagenicStrength"],"max_hp_gain":0,"max_hp_loss":0,"event_name":"Drug Dealer","floor":21,"gold_loss":0},{"damage_healed":0,"gold_gain":0,"player_choice":"Fought Bandits","damage_taken":0,"max_hp_gain":0,"max_hp_loss":0,"event_name":"Masked Bandits","floor":22,"gold_loss":0},{"damage_healed":0,"gold_gain":0,"player_choice":"Fight","damage_taken":0,"max_hp_gain":0,"max_hp_loss":0,"event_name":"Mysterious Sphere","floor":39,"gold_loss":0},{"damage_healed":0,"gold_gain":0,"player_choice":"Memory 1","damage_taken":0,"max_hp_gain":0,"max_hp_loss":0,"event_name":"SensoryStone","floor":42,"gold_loss":0},{"damage_healed":0,"gold_gain":0,"player_choice":"1 cards matched","damage_taken":0,"max_hp_gain":0,"max_hp_loss":0,"event_name":"Match and Keep!","floor":48,"gold_loss":0,"cards_obtained":["Shade:Asphyxiate"]}],"is_beta":false,"boss_relics":[{"not_picked":["Cursed Key","Black Star"],"picked":"Runic Pyramid"},{"not_picked":["SlaversCollar","Coffee Dripper"],"picked":"Shade:YorickPolishedSkull"}],"items_purged_floors":[13,31],"is_endless":false,"potions_floor_spawned":[5,8,10,12,16,20,22,25,27,33,39,40,44],"ascension_level":0}}