{"host":"w2kjv12xyhtt0cv2","time":1611855935,"event":{"mods":["Act Like it!","BaseMod","Colored Map","Friendly Minions","Gensokyo","GifTheSpireLib","Highlight Path","Hubris","Kiyohime（清姬）","Marisa（F雨　魔理沙）","Minty Spire (QoL Compilation)","Quick Restart","Reimu（博丽灵梦）","Relic Stats","Replay The Spire","RumiaBox-露米娅的神秘盒子","Shop Mod","Spicy Shops","StSLib","The Cursed","The Servant 0.9.4","UnlockEverythingMod","Waifu the Spire","[功能]功能增强和修复MOD","vexMod","【功能Mod】Neow奖励","【遗物卡牌】REMEMod","没有小屋子和绿帽子啦"],"gold_per_floor":[364,364,364,3,16,16,43,201,224,255,255,384,402,428,428,632,632,649,529,415,415,415,444,9,34,60,95,114,114,171,181,181,281,281,296,296,341,311,331,364,160,175,200,228,228,258,274,303,303,303,303,303,17,52,32],"floor_reached":56,"language":"ZHS","playtime":2858,"items_purged":["TheCursedMod:Defend_TheCursed","TheCursedMod:Defend_TheCursed","TheCursedMod:Dregs"],"score":2101,"play_id":"4e708c3e-9d08-4d1e-b32d-c802779c306f","local_time":"20210129014535","is_ascension_mode":true,"campfire_choices":[{"data":"TheCursedMod:VoidForm","floor":6.0,"key":"SMITH"},{"data":"TheCursedMod:SoulReap","floor":11.0,"key":"SMITH"},{"data":"TheCursedMod:LuckyCharm","floor":15.0,"key":"SMITH"},{"data":"TheCursedMod:LuckyCharm","floor":32.0,"key":"SMITH"},{"floor":45,"key":"RECALL"},{"data":"TheCursedMod:VoidForm","floor":49,"key":"SMITH"},{"data":"hubris:DuctTapeCard","floor":52,"key":"SMITH"}],"circlet_count":0,"master_deck":["TheCursedMod:CursedWand","TheCursedMod:CleanUpWorkshop+1","TheCursedMod:VoidForm+1","Defend_G+1","KiyohimeMod:Strike","TheCursedMod:SoulReap+1","TheCursedMod:LuckyCharm+1","TheCursedMod:HellfireBreathing","TheCursedMod:Hemoplague","TheCursedMod:StunningStrike","TheCursedMod:LuckyCharm+1","TheCursedMod:AbyssShockwave+1","TheCursedMod:CursedStaff+1","TheCursedMod:LuckyCharm+1","TheCursedMod:CollectTribute+1","ReplayTheSpireMod:Restless Dread","Voices","hubris:Wrath","TheCursedMod:SurpriseAttack+1","TheCursedMod:CircleOfAmplification+1","TheCursedMod:LuckyCharm+1","TheCursedMod:SurpriseAttack+1","hubris:DuctTapeCard+2","TheCursedMod:VoidForm+1","TheCursedMod:Hemoplague"],"relics":["TheCursedMod:BlackMagic101","REME_ComplimentaryCards","hubris:Icosahedron","Mummified Hand","REME_HandOfSuture","CaptainsWheel","hubris:Zylophone","Ancient Tea Set","Replay:Mystery Machine","vexMod:RetaliationKit","Peace Pipe","ChewingGum","Gensokyo:LionMask","Replay:Baseball","Bottled Tornado","ClockworkSouvenir","hubris:DuctTape","hubris:TenFootPole","Mastiff:ReiMu","War Paint","Kintsugi","Simple Rune","ReplayTheSpireMod:CursedCoin","Replay:Bottled Eggs","Lantern","Potion Belt","vexMod:ScavengeHelm","hubris:ToyBattleship","hubris:TinFlute","Ccalipers"],"acts_visited":["Exordium","Gensokyo:Gensokyoer","TheBeyond","TheEnding"],"potions_floor_usage":[44,46,50],"damage_taken":[{"damage":7.0,"enemies":"Small Slimes","floor":1.0,"turns":5.0},{"damage":2.0,"enemies":"2 Louse","floor":5.0,"turns":2.0},{"damage":21.0,"enemies":"Lagavulin","floor":7.0,"turns":7.0},{"damage":24.0,"enemies":"Gremlin Nob","floor":8.0,"turns":4.0},{"damage":18.0,"enemies":"3 Sentries","floor":10.0,"turns":12.0},{"damage":0.0,"enemies":"Lagavulin","floor":12.0,"turns":4.0},{"damage":2.0,"enemies":"Jaw Worm","floor":13.0,"turns":5.0},{"damage":26.0,"enemies":"Gremlin Nob","floor":14.0,"turns":6.0},{"damage":21.0,"enemies":"Fading Forest","floor":16.0,"turns":11.0},{"damage":7.0,"enemies":"Gensokyo:AngelMirror","floor":18.0,"turns":4.0},{"damage":31.0,"enemies":"Gensokyo:Tenshi","floor":23.0,"turns":4.0},{"damage":28.0,"enemies":"Gensokyo:Koishi","floor":25.0,"turns":6.0},{"damage":7.0,"enemies":"Gensokyo:Tenshi","floor":27.0,"turns":3.0},{"damage":2.0,"enemies":"Gensokyo:3_Dogs","floor":28.0,"turns":3.0},{"damage":8.0,"enemies":"Gensokyo:Reisen","floor":30.0,"turns":2.0},{"damage":7.0,"enemies":"Gensokyo:Swordslinger","floor":31.0,"turns":3.0},{"damage":58.0,"enemies":"Gensokyo:Eternal_Rivals","floor":33.0,"turns":8.0},{"damage":0.0,"enemies":"3 Darklings","floor":35.0,"turns":3.0},{"damage":0.0,"enemies":"3 Shapes","floor":39.0,"turns":2.0},{"damage":0.0,"enemies":"R_Hoarder","floor":40.0,"turns":6.0},{"damage":0.0,"enemies":"3 Darklings","floor":42.0,"turns":2.0},{"damage":0,"enemies":"Reptomancer","floor":44,"turns":1},{"damage":4,"enemies":"R_Hoarder","floor":46,"turns":5},{"damage":36,"enemies":"Maw","floor":47,"turns":4},{"damage":14,"enemies":"Giant Head","floor":48,"turns":3},{"damage":21,"enemies":"Awakened One","floor":50,"turns":4},{"damage":0,"enemies":"Shield and Spear","floor":54,"turns":4},{"damage":75,"enemies":"The Heart","floor":55,"turns":7}],"seed_played":"-8046707239677186914","potions_obtained":[{"floor":8.0,"key":"BlessingOfTheForge"},{"floor":10.0,"key":"LifebloodPotion"},{"floor":12.0,"key":"FearPotion"},{"floor":13.0,"key":"SkillPotion"},{"floor":14.0,"key":"PowerPotion"},{"floor":23.0,"key":"FairyPotion"},{"floor":27.0,"key":"REME_GoldPotion"},{"floor":30.0,"key":"Elixir"},{"floor":35.0,"key":"Energy Potion"},{"floor":37.0,"key":"Adrenaline Potion"},{"floor":42.0,"key":"Swift Potion"},{"floor":48,"key":"Explosive Potion"}],"is_trial":false,"path_per_floor":["M","$","?","$","M","R","E","?","T","E","R","E","M","E","R","B",null,"M","?","$","?","?","E","$","E","T","E","M","?","E","M","R","B",null,"M","?","?","$","M","E","$","M","T","E","R","E","M","E","R","B",null,"R","$","E","B",null],"character_chosen":"THE_CURSED","items_purchased":["Mummified Hand","REME_HandOfSuture","TheCursedMod:LuckyCharm+1","Bottled Tornado","ClockworkSouvenir","Simple Rune","ReplayTheSpireMod:CursedCoin","TheCursedMod:LuckyCharm+1","Lantern","hubris:TinFlute","Energy Potion"],"campfire_rested":0,"item_purchase_floors":[4,4,20,24,24,38,38,41,41,53,53],"current_hp_per_floor":[61,61,61,61,69,69,65,51,51,63,63,63,61,57,57,50,69,62,62,62,62,62,52,52,47,47,68,73,73,65,58,58,28,63,75,75,75,75,75,75,75,75,75,75,75,75,39,75,75,54,70,70,70,75,72],"gold":32,"neow_bonus":"TWO_FIFTY_GOLD","is_daily":false,"chose_seed":false,"campfire_upgraded":6,"win_rate":0.0,"timestamp":1611855935,"path_taken":["M","$","?","$","M","R","E","?","T","E","R","E","M","E","R","BOSS","M","?","$","?","?","E","$","E","T","E","?","?","E","M","R","BOSS","M","?","?","$","?","E","$","M","T","E","R","E","M","E","R","BOSS","R","$","E","BOSS"],"items_purchased_type":["Relic","Relic","Card","Relic","Relic","Relic","Relic","Card","Relic","Relic","Potion"],"build_version":"2020-12-22","purchased_purges":3,"victory":true,"max_hp_per_floor":[75,75,75,75,75,75,75,75,75,75,75,75,75,75,75,75,75,75,75,75,75,75,75,75,75,75,75,75,75,75,75,75,75,75,75,75,75,75,75,75,75,75,75,75,75,75,75,75,75,75,75,75,75,75,75],"relic_stats":{"Peace Pipe":0,"counters":[28,130],"Mummified Hand":[166],"War Paint":["Defend_G","TheCursedMod:Defend_TheCursed"],"obtain_stats":[{"Lantern":41,"Replay:Mystery Machine":10,"Bottled Tornado":24,"Ancient Tea Set":9,"ClockworkSouvenir":24,"Frozen Eye":25,"hubris:Icosahedron":3,"Mummified Hand":4,"Gensokyo:LionMask":19,"Mastiff:ReiMu":27,"Ccalipers":54,"Replay:Bottled Eggs":40,"vexMod:RetaliationKit":12,"hubris:TinFlute":53,"Potion Belt":44,"TheCursedMod:BlackMagic101":0,"hubris:DuctTape":25,"ReplayTheSpireMod:CursedCoin":38,"vexMod:ScavengeHelm":46,"War Paint":30,"hubris:Zylophone":8,"Peace Pipe":14,"CaptainsWheel":7,"Replay:Baseball":23,"ChewingGum":17,"Simple Rune":38,"REME_HandOfSuture":4,"hubris:TenFootPole":26,"hubris:ToyBattleship":48,"Kintsugi":34,"REME_ComplimentaryCards":0},{"Lantern":20,"Replay:Mystery Machine":5,"Bottled Tornado":11,"Ancient Tea Set":4,"ClockworkSouvenir":11,"Frozen Eye":11,"hubris:Icosahedron":1,"Mummified Hand":1,"Gensokyo:LionMask":10,"Mastiff:ReiMu":13,"Ccalipers":27,"Replay:Bottled Eggs":20,"vexMod:RetaliationKit":6,"hubris:TinFlute":26,"Potion Belt":22,"TheCursedMod:BlackMagic101":0,"hubris:DuctTape":12,"ReplayTheSpireMod:CursedCoin":18,"vexMod:ScavengeHelm":23,"War Paint":15,"hubris:Zylophone":3,"Peace Pipe":8,"CaptainsWheel":3,"Replay:Baseball":11,"ChewingGum":9,"Simple Rune":18,"REME_HandOfSuture":1,"hubris:TenFootPole":12,"hubris:ToyBattleship":25,"Kintsugi":17,"REME_ComplimentaryCards":0},{"Lantern":100,"Replay:Mystery Machine":30,"Bottled Tornado":64,"Ancient Tea Set":18,"ClockworkSouvenir":64,"Frozen Eye":64,"hubris:Icosahedron":5,"Mummified Hand":5,"Gensokyo:LionMask":60,"Mastiff:ReiMu":73,"Ccalipers":123,"Replay:Bottled Eggs":100,"vexMod:RetaliationKit":34,"hubris:TinFlute":119,"Potion Belt":103,"TheCursedMod:BlackMagic101":0,"hubris:DuctTape":70,"ReplayTheSpireMod:CursedCoin":92,"vexMod:ScavengeHelm":108,"War Paint":78,"hubris:Zylophone":14,"Peace Pipe":45,"CaptainsWheel":14,"Replay:Baseball":64,"ChewingGum":56,"Simple Rune":92,"REME_HandOfSuture":5,"hubris:TenFootPole":70,"hubris:ToyBattleship":115,"Kintsugi":89,"REME_ComplimentaryCards":0}]},"card_choices":[{"not_picked":["TheCursedMod:ManaBullet","TheCursedMod:CursedMace"],"picked":"TheCursedMod:SoulReap","floor":1.0},{"not_picked":["TheCursedMod:VitalStrike","TheCursedMod:SurpriseAttack","TheCursedMod:Wield"],"picked":"SKIP","floor":5.0},{"not_picked":["TheCursedMod:SpreadPlague","TheCursedMod:Wield","TheCursedMod:RavingStaff"],"picked":"SKIP","floor":7.0},{"not_picked":["TheCursedMod:Mangle","TheCursedMod:ParallelWorld"],"picked":"TheCursedMod:LuckyCharm","floor":10.0},{"not_picked":["TheCursedMod:SaltUponWound","TheCursedMod:Hemoplague"],"picked":"TheCursedMod:HellfireBreathing","floor":12.0},{"not_picked":["TheCursedMod:CursedShiv","TheCursedMod:Stigma","TheCursedMod:SurpriseAttack"],"picked":"SKIP","floor":13.0},{"not_picked":["TheCursedMod:Neurasthenia","TheCursedMod:SoulReap"],"picked":"TheCursedMod:Hemoplague","floor":14.0},{"not_picked":["TheCursedMod:ManaCirculation","TheCursedMod:DarkBarrier"],"picked":"TheCursedMod:StunningStrike","floor":16.0},{"not_picked":["TheCursedMod:CursedAmulet","TheCursedMod:BloodBarrier","TheCursedMod:Mangle"],"picked":"SKIP","floor":18.0},{"not_picked":["TheCursedMod:CursedBlade","TheCursedMod:WearCloak","TheCursedMod:CircleOfCorruption"],"picked":"SKIP","floor":23.0},{"not_picked":["TheCursedMod:CircleOfCorruption","TheCursedMod:FleshFromBone"],"picked":"TheCursedMod:AbyssShockwave+1","floor":25.0},{"not_picked":["TheCursedMod:Mangle","TheCursedMod:CursedMace+1","TheCursedMod:SoulCrush"],"picked":"SKIP","floor":27.0},{"not_picked":["TheCursedMod:SurpriseAttack","TheCursedMod:Wield"],"picked":"TheCursedMod:CursedStaff+1","floor":28.0},{"not_picked":["TheCursedMod:BloodBarrier","TheCursedMod:Torture","TheCursedMod:Wield"],"picked":"SKIP","floor":30.0},{"not_picked":["TheCursedMod:RapidMovement","TheCursedMod:CursedStaff","TheCursedMod:Torture"],"picked":"SKIP","floor":31.0},{"not_picked":["TheCursedMod:CircleOfAbyss","TheCursedMod:ForbiddenAlchemy"],"picked":"TheCursedMod:CollectTribute","floor":33.0},{"not_picked":["TheCursedMod:CursedAmulet+1","TheCursedMod:CircleOfFocus+1","TheCursedMod:VitalStrike+1"],"picked":"SKIP","floor":35.0},{"not_picked":["TheCursedMod:VitalStrike+1","TheCursedMod:CursedMace"],"picked":"TheCursedMod:SurpriseAttack+1","floor":39.0},{"not_picked":["TheCursedMod:CursedBlade","TheCursedMod:TroublousMinions+1"],"picked":"TheCursedMod:CircleOfAmplification+1","floor":40.0},{"not_picked":["TheCursedMod:SmokeScreen+1","TheCursedMod:CursedShiv+1"],"picked":"TheCursedMod:SurpriseAttack+1","floor":42.0},{"not_picked":["TheCursedMod:Hemoplague","TheCursedMod:DoubleShield"],"picked":"TheCursedMod:VoidForm","floor":44},{"not_picked":["TheCursedMod:FleshFromBone+1","TheCursedMod:CursedBlade+1","TheCursedMod:Stretching"],"picked":"SKIP","floor":46},{"not_picked":["TheCursedMod:SmokeScreen+1","TheCursedMod:FleshFromBone+1","TheCursedMod:RavingStaff"],"picked":"SKIP","floor":47},{"not_picked":["TheCursedMod:SurpriseAttack","TheCursedMod:CursedShiv","TheCursedMod:RavingStaff+1"],"picked":"SKIP","floor":48},{"not_picked":["TheCursedMod:CursedAmulet","TheCursedMod:RapidMovement"],"picked":"TheCursedMod:Hemoplague","floor":54}],"player_experience":241321,"relics_obtained":[{"floor":7.0,"key":"CaptainsWheel"},{"floor":9.0,"key":"Ancient Tea Set"},{"floor":10.0,"key":"Replay:Mystery Machine"},{"floor":12.0,"key":"vexMod:RetaliationKit"},{"floor":14.0,"key":"Peace Pipe"},{"floor":23.0,"key":"Replay:Baseball"},{"floor":25.0,"key":"hubris:DuctTape"},{"floor":26.0,"key":"hubris:TenFootPole"},{"floor":27.0,"key":"Mastiff:ReiMu"},{"floor":30.0,"key":"War Paint"},{"floor":40.0,"key":"Replay:Bottled Eggs"},{"floor":44,"key":"Potion Belt"},{"floor":46,"key":"vexMod:ScavengeHelm"},{"floor":48,"key":"hubris:ToyBattleship"},{"floor":54,"key":"Ccalipers"}],"event_choices":[{"damage_healed":0.0,"max_hp_gain":0.0,"max_hp_loss":0.0,"gold_gain":30.0,"event_name":"Dead Adventurer","player_choice":"Searched \u00273\u0027 times","floor":8.0,"gold_loss":0.0,"damage_taken":0.0,"relics_obtained":["hubris:Zylophone"]}],"is_beta":false,"boss_relics":[{"not_picked":["vexMod:FluxCapacitor","Busted Crown"],"picked":"ChewingGum"},{"not_picked":["Snecko Eye","Calling Bell"],"picked":"Kintsugi"}],"items_purged_floors":[20,24,38],"is_endless":false,"potions_floor_spawned":[8,10,12,13,14,23,27,30,33,35,40,42,48],"ascension_level":9}}