{"host":"2smcgt1ki1qcud40","time":1611844802,"event":{"mods":["BaseMod","Minty Spire (QoL Compilation)"],"gold_per_floor":[109,122,133,149,224,224,256,271,319,319,353,363,96,109,109,205,205,223,223,235,235,247,276,291,322,322,322,347,347,367,61,61,156,156,168,180,196,0,15,49,49,75,75,75,0,35,85,140,140,140,140,140,14,46,46,46],"floor_reached":55,"language":"ENG","playtime":3157,"items_purged":["Strike_P"],"score":1363,"play_id":"108f0e4b-e58f-4466-a313-f595542109bd","local_time":"20210128154002","is_ascension_mode":true,"campfire_choices":[{"data":"Eruption","floor":6.0,"key":"SMITH"},{"data":"BattleHymn","floor":15.0,"key":"SMITH"},{"floor":27.0,"key":"REST"},{"floor":29.0,"key":"REST"},{"floor":32.0,"key":"REST"},{"floor":41.0,"key":"REST"},{"floor":44.0,"key":"REST"},{"floor":49.0,"key":"RECALL"},{"floor":52.0,"key":"REST"}],"circlet_count":0,"master_deck":["AscendersBane","Strike_P","Strike_P","Defend_P+1","Defend_P+1","Eruption+1","Vigilance","FlurryOfBlows","FollowUp+1","ReachHeaven","CutThroughFate","ThirdEye","ThirdEye","ClearTheMind+1","BattleHymn+1","BowlingBash","Fasting2+1","MasterReality","ConjureBlade","Protect","Crescendo+1","CutThroughFate","EmptyBody+1","LessonLearned+1","Nirvana","Apotheosis"],"relics":["PureWater","NeowsBlessing","Dead Branch","Centennial Puzzle","Mercury Hourglass","Lee\u0027s Waffle","Busted Crown","Bag of Marbles","Molten Egg 2","Juzu Bracelet","Anchor","Orrery","SlaversCollar","CeramicFish","Toy Ornithopter","Red Mask","Dream Catcher","CloakClasp","Incense Burner","Gremlin Horn"],"acts_visited":["Exordium","TheCity","TheBeyond","TheEnding"],"potions_floor_usage":[],"damage_taken":[{"damage":0.0,"enemies":"Cultist","floor":1.0,"turns":1.0},{"damage":0.0,"enemies":"2 Louse","floor":2.0,"turns":1.0},{"damage":0.0,"enemies":"Jaw Worm","floor":3.0,"turns":1.0},{"damage":0.0,"enemies":"Gremlin Gang","floor":4.0,"turns":4.0},{"damage":14.0,"enemies":"3 Sentries","floor":7.0,"turns":5.0},{"damage":6.0,"enemies":"Blue Slaver","floor":8.0,"turns":3.0},{"damage":0.0,"enemies":"Lagavulin","floor":11.0,"turns":3.0},{"damage":1.0,"enemies":"3 Louse","floor":12.0,"turns":2.0},{"damage":1.0,"enemies":"2 Fungi Beasts","floor":14.0,"turns":2.0},{"damage":0.0,"enemies":"Slime Boss","floor":16.0,"turns":3.0},{"damage":4.0,"enemies":"Spheric Guardian","floor":18.0,"turns":3.0},{"damage":5.0,"enemies":"Chosen","floor":20.0,"turns":3.0},{"damage":9.0,"enemies":"Centurion and Healer","floor":22.0,"turns":2.0},{"damage":28.0,"enemies":"Gremlin Leader","floor":23.0,"turns":4.0},{"damage":12.0,"enemies":"Snake Plant","floor":24.0,"turns":2.0},{"damage":14.0,"enemies":"Book of Stabbing","floor":25.0,"turns":3.0},{"damage":24.0,"enemies":"Slavers","floor":28.0,"turns":3.0},{"damage":0.0,"enemies":"Chosen and Byrds","floor":30.0,"turns":4.0},{"damage":51.0,"enemies":"Champ","floor":33.0,"turns":6.0},{"damage":8.0,"enemies":"Orb Walker","floor":35.0,"turns":4.0},{"damage":4.0,"enemies":"3 Darklings","floor":36.0,"turns":2.0},{"damage":1.0,"enemies":"Sphere and 2 Shapes","floor":37.0,"turns":3.0},{"damage":7.0,"enemies":"Jaw Worm Horde","floor":39.0,"turns":5.0},{"damage":15.0,"enemies":"Reptomancer","floor":40.0,"turns":5.0},{"damage":5.0,"enemies":"Nemesis","floor":42.0,"turns":3.0},{"damage":7.0,"enemies":"Reptomancer","floor":46.0,"turns":7.0},{"damage":18.0,"enemies":"Mind Bloom Boss Battle","floor":47.0,"turns":7.0},{"damage":0.0,"enemies":"2 Orb Walkers","floor":48.0,"turns":3.0},{"damage":50.0,"enemies":"Time Eater","floor":50.0,"turns":8.0},{"damage":13.0,"enemies":"Shield and Spear","floor":54.0,"turns":4.0},{"damage":73,"enemies":"The Heart","floor":55,"turns":3}],"seed_played":"-969637228252680774","potions_obtained":[{"floor":4.0,"key":"Energy Potion"},{"floor":7.0,"key":"SteroidPotion"},{"floor":8.0,"key":"PowerPotion"},{"floor":20.0,"key":"LiquidMemories"},{"floor":25.0,"key":"Ancient Potion"},{"floor":28.0,"key":"Explosive Potion"},{"floor":33.0,"key":"BlessingOfTheForge"},{"floor":39.0,"key":"BottledMiracle"},{"floor":40.0,"key":"Fire Potion"},{"floor":47.0,"key":"Swift Potion"},{"floor":48.0,"key":"Regen Potion"}],"is_trial":false,"path_per_floor":["M","M","M","M","?","R","E","M","T","?","E","M","$","M","R","B",null,"M","?","M","?","M","E","M","E","T","R","E","R","M","$","R","B",null,"M","M","M","$","M","E","R","E","T","R","?","E","?","?","R","B",null,"R","$","E","B"],"character_chosen":"WATCHER","items_purchased":["Fasting2","Lee\u0027s Waffle","Orrery","LessonLearned+1","Apotheosis","DuplicationPotion","Strength Potion"],"campfire_rested":6,"item_purchase_floors":[13,13,31,31,38,53,53],"current_hp_per_floor":[65,65,65,65,54,54,40,34,34,34,34,33,79,78,78,78,79,75,75,70,70,61,33,21,7,7,30,6,29,29,29,52,1,60,52,48,47,47,40,25,48,43,43,66,66,59,41,51,51,21,65,79,79,66,0,0],"gold":46,"neow_bonus":"THREE_ENEMY_KILL","is_daily":false,"chose_seed":false,"campfire_upgraded":2,"win_rate":0.0,"timestamp":1611844802,"path_taken":["M","M","M","M","?","R","E","M","T","?","E","M","?","?","R","BOSS","M","?","M","?","M","E","M","E","T","R","E","R","M","$","R","BOSS","M","M","M","$","M","E","R","E","T","R","?","E","?","?","R","BOSS","R","$","E","BOSS"],"items_purchased_type":["Card","Relic","Relic","Card","Card","Potion","Potion"],"build_version":"2020-12-22","purchased_purges":1,"victory":false,"max_hp_per_floor":[72,72,72,72,72,72,72,72,72,72,72,72,79,79,79,79,79,79,79,79,79,79,79,79,79,79,79,79,79,79,79,79,79,79,79,79,79,79,79,79,79,79,79,79,79,79,79,79,79,79,79,79,79,79,79,79],"card_choices":[{"not_picked":["Crescendo","Fasting2"],"picked":"FlurryOfBlows","floor":1.0},{"not_picked":["Perseverance","Evaluate"],"picked":"FollowUp","floor":2.0},{"not_picked":["ForeignInfluence","JustLucky"],"picked":"ReachHeaven","floor":3.0},{"not_picked":["FlurryOfBlows","BattleHymn"],"picked":"CutThroughFate","floor":4.0},{"not_picked":["Fasting2","SignatureMove"],"picked":"ThirdEye","floor":7.0},{"not_picked":["LikeWater","SignatureMove"],"picked":"ThirdEye","floor":8.0},{"not_picked":["WaveOfTheHand","Judgement"],"picked":"BattleHymn","floor":11.0},{"not_picked":["DeceiveReality","FlurryOfBlows"],"picked":"BowlingBash","floor":12.0},{"not_picked":["SandsOfTime","JustLucky","Study"],"picked":"SKIP","floor":14.0},{"not_picked":["Establishment","Scrawl"],"picked":"MasterReality","floor":16.0},{"not_picked":["Collect"],"picked":"SKIP","floor":18.0},{"not_picked":[],"picked":"Crescendo+1","floor":20.0},{"not_picked":["Conclude"],"picked":"SKIP","floor":22.0},{"not_picked":[],"picked":"CutThroughFate","floor":23.0},{"not_picked":[],"picked":"EmptyBody+1","floor":24.0},{"not_picked":["SashWhip+1"],"picked":"SKIP","floor":25.0},{"not_picked":["ClearTheMind"],"picked":"SKIP","floor":28.0},{"not_picked":["Crescendo"],"picked":"SKIP","floor":30.0},{"not_picked":["InnerPeace"],"picked":"SKIP","floor":35.0},{"not_picked":[],"picked":"Nirvana","floor":36.0},{"not_picked":["CutThroughFate+1"],"picked":"SKIP","floor":37.0},{"not_picked":["ClearTheMind"],"picked":"SKIP","floor":39.0},{"not_picked":["Study"],"picked":"SKIP","floor":40.0},{"not_picked":["ClearTheMind"],"picked":"SKIP","floor":42.0},{"not_picked":["Worship"],"picked":"SKIP","floor":46.0},{"not_picked":["PathToVictory"],"picked":"SKIP","floor":54.0}],"player_experience":703249,"relics_obtained":[{"floor":7.0,"key":"Dead Branch"},{"floor":9.0,"key":"Centennial Puzzle"},{"floor":11.0,"key":"Mercury Hourglass"},{"floor":23.0,"key":"Bag of Marbles"},{"floor":25.0,"key":"Molten Egg 2"},{"floor":26.0,"key":"Juzu Bracelet"},{"floor":28.0,"key":"Anchor"},{"floor":40.0,"key":"CeramicFish"},{"floor":42.0,"key":"Toy Ornithopter"},{"floor":46.0,"key":"Dream Catcher"},{"floor":47.0,"key":"CloakClasp"},{"floor":48.0,"key":"Incense Burner"},{"floor":54.0,"key":"Gremlin Horn"}],"event_choices":[{"damage_healed":0.0,"max_hp_gain":0.0,"max_hp_loss":0.0,"gold_gain":75.0,"event_name":"World of Goop","player_choice":"Gather Gold","floor":5.0,"gold_loss":0.0,"damage_taken":11.0},{"damage_healed":0.0,"max_hp_gain":0.0,"max_hp_loss":0.0,"gold_gain":0.0,"cards_transformed":["Defend_P"],"event_name":"Living Wall","player_choice":"Change","floor":10.0,"gold_loss":0.0,"damage_taken":0.0,"cards_obtained":["ClearTheMind"]},{"damage_healed":0.0,"max_hp_gain":0.0,"max_hp_loss":0.0,"gold_gain":0.0,"cards_transformed":["Strike_P","Defend_P"],"event_name":"Drug Dealer","player_choice":"Became Test Subject","floor":19.0,"gold_loss":0.0,"damage_taken":0.0,"cards_obtained":["ConjureBlade","Protect"]},{"damage_healed":0.0,"max_hp_gain":0.0,"max_hp_loss":0.0,"gold_gain":0.0,"event_name":"Ghosts","player_choice":"Ignored","floor":21.0,"gold_loss":0.0,"damage_taken":0.0},{"damage_healed":0.0,"max_hp_gain":0.0,"max_hp_loss":0.0,"gold_gain":0.0,"event_name":"Tomb of Lord Red Mask","player_choice":"Paid","floor":45.0,"gold_loss":75.0,"damage_taken":0.0,"relics_obtained":["Red Mask"]},{"damage_healed":0.0,"max_hp_gain":0.0,"max_hp_loss":0.0,"gold_gain":0.0,"event_name":"MindBloom","player_choice":"Fight","floor":47.0,"gold_loss":0.0,"damage_taken":0.0},{"damage_healed":0.0,"max_hp_gain":0.0,"max_hp_loss":0.0,"gold_gain":0.0,"event_name":"Mysterious Sphere","player_choice":"Fight","floor":48.0,"gold_loss":0.0,"damage_taken":0.0}],"is_beta":false,"boss_relics":[{"not_picked":["Tiny House","Fusion Hammer"],"picked":"Busted Crown"},{"not_picked":["Velvet Choker","Runic Dome"],"picked":"SlaversCollar"}],"items_purged_floors":[13],"is_endless":false,"potions_floor_spawned":[4,7,8,20,23,25,28,33,39,40,47,48],"killed_by":"The Heart","ascension_level":12}}