{"host":"63yhhrjweyj22b0v","time":1611819945,"event":{"mods":["BaseMod","Minty Spire (QoL Compilation)","Quick Restart"],"gold_per_floor":[111,111,30,30,49,82,102,133,133,149,174,174,174,174,174,300,300,313,27,27,46,46,79,79,95,95,95,113,113,73,73,73],"floor_reached":31,"language":"ENG","playtime":793,"items_purged":[],"score":302,"play_id":"fd6614cd-e8d8-436e-822d-5ced5c9b319b","local_time":"20210128014545","is_ascension_mode":true,"campfire_choices":[{"floor":13,"key":"REST"},{"floor":15,"key":"REST"},{"floor":24,"key":"REST"},{"floor":27,"key":"REST"}],"circlet_count":0,"master_deck":["Strike_B","Strike_B","Strike_B","Strike_B","Defend_B","Defend_B","Defend_B","Defend_B","Zap+1","Dualcast","Self Repair","Redo","Capacitor","Ball Lightning","Beam Cell","Creative AI","Conserve Battery","Force Field","Ball Lightning+1","Barrage","Beam Cell+1","Self Repair"],"relics":["Cracked Core","NeowsBlessing","Golden Idol","Bag of Preparation","Thread and Needle","Calipers","SlaversCollar","Cables","Torii","Symbiotic Virus","Mummified Hand"],"acts_visited":["Exordium","TheCity"],"potions_floor_usage":[8,16,23,23,25,31],"damage_taken":[{"damage":0,"enemies":"Jaw Worm","floor":1,"turns":1},{"damage":0,"enemies":"Small Slimes","floor":5,"turns":1},{"damage":0,"enemies":"3 Sentries","floor":6,"turns":1},{"damage":5,"enemies":"2 Louse","floor":7,"turns":2},{"damage":31,"enemies":"Lagavulin","floor":8,"turns":5},{"damage":6,"enemies":"2 Fungi Beasts","floor":10,"turns":3},{"damage":15,"enemies":"Exordium Wildlife","floor":11,"turns":5},{"damage":36,"enemies":"The Guardian","floor":16,"turns":9},{"damage":41,"enemies":"Shell Parasite","floor":18,"turns":6},{"damage":43,"enemies":"2 Thieves","floor":21,"turns":4},{"damage":1,"enemies":"Book of Stabbing","floor":23,"turns":5},{"damage":30,"enemies":"Sentry and Sphere","floor":25,"turns":6},{"damage":29,"enemies":"Centurion and Healer","floor":28,"turns":4},{"damage":23,"enemies":"Snake Plant","floor":31,"turns":2}],"seed_played":"7765631779720227808","potions_obtained":[{"floor":7,"key":"CultistPotion"},{"floor":11,"key":"BlessingOfTheForge"},{"floor":16,"key":"SpeedPotion"},{"floor":18,"key":"FocusPotion"},{"floor":23,"key":"SkillPotion"},{"floor":25,"key":"PotionOfCapacity"}],"is_trial":false,"path_per_floor":["M","?","$","?","M","E","M","E","T","M","M","?","R","T","R","B",null,"M","$","?","M","T","E","R","M","T","R","M","?","$","M"],"character_chosen":"DEFECT","items_purchased":["Self Repair","Cables","Force Field","Self Repair"],"campfire_rested":4,"item_purchase_floors":[3,19,19,30],"current_hp_per_floor":[75,75,75,57,57,57,59,35,35,36,28,33,57,57,80,51,80,46,46,46,10,10,16,40,17,17,41,19,19,19,0,0],"gold":73,"neow_bonus":"THREE_ENEMY_KILL","is_daily":false,"chose_seed":false,"campfire_upgraded":0,"win_rate":0.0,"timestamp":1611819945,"path_taken":["M","?","$","?","M","E","M","E","T","M","M","?","R","?","R","BOSS","M","$","?","M","?","E","R","M","T","R","M","?","?","?"],"items_purchased_type":["Card","Relic","Card","Card"],"build_version":"2020-12-22","purchased_purges":0,"victory":false,"max_hp_per_floor":[75,75,75,75,75,75,75,75,75,75,75,80,80,80,80,80,80,80,80,80,80,80,80,80,80,80,80,80,80,80,80,80],"card_choices":[{"not_picked":["Streamline","Genetic Algorithm","Leap"],"picked":"SKIP","floor":1},{"not_picked":["Chill","Turbo"],"picked":"Redo","floor":5},{"not_picked":["Hyperbeam","Sunder"],"picked":"Capacitor","floor":6},{"not_picked":["Blizzard","Sweeping Beam"],"picked":"Ball Lightning","floor":7},{"not_picked":["Rebound","Meteor Strike","Glacier"],"picked":"SKIP","floor":8},{"not_picked":["Stack","Cold Snap","Leap"],"picked":"SKIP","floor":10},{"not_picked":["Compile Driver","Rebound"],"picked":"Beam Cell","floor":11},{"not_picked":["Biased Cognition","Amplify"],"picked":"Creative AI","floor":16},{"not_picked":["Stack+1","Steam+1"],"picked":"Conserve Battery","floor":18},{"not_picked":["Leap","Conserve Battery","Sunder+1"],"picked":"SKIP","floor":21},{"not_picked":["Skim","Gash"],"picked":"Ball Lightning+1","floor":23},{"not_picked":["Blizzard+1","Go for the Eyes"],"picked":"Barrage","floor":25},{"not_picked":["Streamline","Multi-Cast"],"picked":"Beam Cell+1","floor":28}],"player_experience":600801,"relics_obtained":[{"floor":6,"key":"Bag of Preparation"},{"floor":8,"key":"Thread and Needle"},{"floor":14,"key":"Calipers"},{"floor":22,"key":"Torii"},{"floor":23,"key":"Symbiotic Virus"},{"floor":26,"key":"Mummified Hand"}],"event_choices":[{"damage_healed":0,"gold_gain":0,"player_choice":"Grow","damage_taken":0,"max_hp_gain":0,"max_hp_loss":0,"event_name":"Living Wall","floor":2,"gold_loss":0,"cards_upgraded":["Zap"]},{"damage_healed":0,"gold_gain":0,"player_choice":"Take Damage","damage_taken":18,"relics_obtained":["Golden Idol"],"max_hp_gain":0,"max_hp_loss":0,"event_name":"Golden Idol","floor":4,"gold_loss":0},{"damage_healed":0,"gold_gain":0,"player_choice":"Donut","damage_taken":0,"max_hp_gain":5,"max_hp_loss":0,"event_name":"Big Fish","floor":12,"gold_loss":0},{"damage_healed":0,"gold_gain":0,"player_choice":"Ignored","damage_taken":0,"max_hp_gain":0,"max_hp_loss":0,"event_name":"Cursed Tome","floor":20,"gold_loss":0},{"damage_healed":0,"gold_gain":0,"player_choice":"Ignored","damage_taken":0,"max_hp_gain":0,"max_hp_loss":0,"event_name":"Ghosts","floor":29,"gold_loss":0}],"is_beta":false,"boss_relics":[{"not_picked":["Sozu","Coffee Dripper"],"picked":"SlaversCollar"}],"items_purged_floors":[],"is_endless":false,"potions_floor_spawned":[7,11,16,18,23,25],"killed_by":"Snake Plant","ascension_level":1}}