{"host":"phy652c7lim9lcu2","time":1611830495,"event":{"mods":["BaseMod","BetterRewards","Colored Powertips","Downfall","Googly Eyes","Hubris","Minty Spire (QoL Compilation)","Relic Stats","Spicy Shops","StSLib","everything is the same but u backflip on backflip"],"gold_per_floor":[99,113,127,138,138,149,149,180,198,223,223,108,120,120,131,131,131,131],"floor_reached":16,"language":"ENG","playtime":2263,"items_purged":["hexamod:Strike"],"score":114,"play_id":"cf253e17-a45b-46ad-b941-ac31a93b2d4d","local_time":"20210128204135","is_ascension_mode":false,"campfire_choices":[{"data":"hexamod:Float","floor":1,"key":"SMITH"},{"data":"hexamod:BurningTouch","floor":11,"key":"SMITH"}],"circlet_count":0,"master_deck":["hexamod:Strike","hexamod:Strike","hexamod:Strike","hexamod:Defend","hexamod:Defend","hexamod:Defend","hexamod:Defend","hexamod:Sear","hexamod:Float+1","hexamod:ShieldOfDarkness","hexamod:ThirdSeal","hexamod:HeatShield+1","hexamod:BurningTouch+1","hexamod:ExtraCrispy","hexamod:Incineration","hexamod:HauntingEcho","hexamod:GhostflameBarrier","hexamod:FastForward","hexamod:SecondSeal"],"relics":["hexamod:SpiritBrand","Turnip","Strawberry","CaptainsWheel"],"acts_visited":["Exordium"],"potions_floor_usage":[6,8,16,16],"damage_taken":[{"damage":0,"enemies":"Small Slimes","floor":2,"turns":3},{"damage":0,"enemies":"Cultist","floor":3,"turns":5},{"damage":5,"enemies":"Jaw Worm","floor":4,"turns":6},{"damage":7,"enemies":"Large Slime","floor":6,"turns":7},{"damage":25,"enemies":"3 Sentries","floor":8,"turns":12},{"damage":1,"enemies":"Red Slaver","floor":9,"turns":3},{"damage":10,"enemies":"Lagavulin","floor":10,"turns":8},{"damage":0,"enemies":"downfall:FleeingMerchant","floor":12,"turns":4},{"damage":5,"enemies":"Exordium Thugs","floor":13,"turns":7},{"damage":6,"enemies":"Lots of Slimes","floor":15,"turns":8},{"damage":43,"enemies":"IC_STATUS_ARCHETYPE","floor":16,"turns":8}],"seed_played":"-355414240528579313","potions_obtained":[{"floor":2,"key":"SpeedPotion"},{"floor":4,"key":"Weak Potion"},{"floor":6,"key":"AttackPotion"},{"floor":13,"key":"LiquidMemories"}],"is_trial":false,"path_per_floor":["R","M","M","M","?","M","T","E","M","E","R","$","M","?","M","B"],"character_chosen":"THE_SPIRIT","items_purchased":["hexamod:FastForward"],"campfire_rested":0,"item_purchase_floors":[12],"current_hp_per_floor":[77,77,77,72,72,65,65,47,46,36,36,36,31,31,25,0,0,0],"gold":131,"neow_bonus":"TEN_PERCENT_HP_BONUS","is_daily":false,"chose_seed":false,"campfire_upgraded":2,"win_rate":0.0,"timestamp":1611830495,"path_taken":["R","M","M","M","?","M","T","E","M","E","R","$","?","?","M","BOSS"],"items_purchased_type":["Card"],"build_version":"2020-12-22","purchased_purges":1,"victory":false,"max_hp_per_floor":[77,77,77,77,77,77,77,84,84,84,84,84,84,84,84,84,84,84],"relic_stats":{"counters":[11,71],"Turnip":[0],"obtain_stats":[{"CaptainsWheel":10,"Strawberry":8,"Turnip":7,"hexamod:SpiritBrand":0},{"CaptainsWheel":7,"Strawberry":5,"Turnip":4,"hexamod:SpiritBrand":0},{"CaptainsWheel":44,"Strawberry":33,"Turnip":21,"hexamod:SpiritBrand":0}]},"card_choices":[{"not_picked":["hexamod:HeatCrush","hexamod:HeatMetal"],"picked":"hexamod:ShieldOfDarkness","floor":2},{"not_picked":["hexamod:SwordOfDarkness","hexamod:NecessarySacrifice"],"picked":"hexamod:ThirdSeal","floor":3},{"not_picked":["hexamod:SkipABeat","hexamod:GhostLash"],"picked":"hexamod:HeatShield","floor":4},{"not_picked":["hexamod:SkipABeat","hexamod:AdvancingGuard"],"picked":"hexamod:BurningTouch","floor":4},{"not_picked":["hexamod:ShieldOfDarkness","hexamod:CatchUp"],"picked":"hexamod:ExtraCrispy","floor":6},{"not_picked":["hexamod:PhantomCloak","hexamod:InspiringFlames","hexamod:HeatMetal"],"picked":"SKIP","floor":6},{"not_picked":["hexamod:NightmareGuise","hexamod:ShieldOfDarkness"],"picked":"hexamod:Incineration","floor":8},{"not_picked":["hexamod:RecurringNightmare","hexamod:BacktrackSmack","hexamod:GhostOfSpirePresent"],"picked":"SKIP","floor":9},{"not_picked":["hexamod:InspiringFlames","hexamod:RecurringNightmare"],"picked":"hexamod:HauntingEcho","floor":10},{"not_picked":["hexamod:RecurringNightmare","hexamod:NightmareGuise"],"picked":"hexamod:GhostflameBarrier","floor":12},{"not_picked":["hexamod:GhostOfSpirePast","hexamod:Hexaguard","hexamod:NightmareGuise"],"picked":"SKIP","floor":13},{"not_picked":["hexamod:NightmareGuise","hexamod:ShieldOfDarkness"],"picked":"hexamod:SecondSeal","floor":15}],"player_experience":266664,"relics_obtained":[{"floor":7,"key":"Turnip"},{"floor":8,"key":"Strawberry"},{"floor":10,"key":"CaptainsWheel"}],"event_choices":[{"damage_healed":0,"gold_gain":0,"player_choice":"Forge","damage_taken":0,"max_hp_gain":0,"max_hp_loss":0,"event_name":"Accursed Blacksmith","floor":5,"gold_loss":0,"cards_upgraded":["hexamod:HeatShield"]}],"is_beta":false,"boss_relics":[],"items_purged_floors":[12],"is_endless":false,"potions_floor_spawned":[2,4,6,13],"killed_by":"IC_STATUS_ARCHETYPE","ascension_level":0}}