{"host":"fvux6yoihym3ucic","time":1611800787,"event":{"mods":["BaseMod","Curses Come First","Downfall","Energized Spire","Hermit","Infinite Spire","Minty Spire (QoL Compilation)","Rare Cards Sparkle","Replay The Spire","Spire Arcade","StSLib","The Cursed"],"gold_per_floor":[117,131,131,56,56,83,97,97,97,97,114,114,143,154,154,256,256,266,90,100,115,126,126,145,145,145],"floor_reached":25,"language":"ENG","playtime":900,"items_purged":["Defend_R","Strike_R"],"score":240,"play_id":"7a6d174f-a346-4a0e-9de8-07bf5fd813f9","local_time":"20210127212627","is_ascension_mode":false,"campfire_choices":[{"floor":12,"key":"RECALL"},{"data":"Strike_R","floor":15,"key":"PURGE"},{"floor":23,"key":"REST"}],"circlet_count":0,"master_deck":["Strike_R","Strike_R","Strike_R","Bash","Clash","Clash","Immolate","Inflame","Limit Break","Demonic Infusion"],"relics":["Burning Blood","NeowsBlessing","InkBottle","Ring of Misfortune","Replay:Rubber Ducky","Philosopher\u0027s Stone"],"acts_visited":["Exordium","TheCity"],"potions_floor_usage":[11,13,16,21,22,25],"damage_taken":[{"damage":0,"enemies":"Small Slimes","floor":1,"turns":1},{"damage":0,"enemies":"2 Louse","floor":2,"turns":1},{"damage":0,"enemies":"Gremlin Nob","floor":6,"turns":1},{"damage":0,"enemies":"Cultist","floor":7,"turns":2},{"damage":0,"enemies":"Exordium Wildlife","floor":11,"turns":2},{"damage":33,"enemies":"3 Sentries","floor":13,"turns":10},{"damage":0,"enemies":"Large Slime","floor":14,"turns":2},{"damage":31,"enemies":"The Guardian","floor":16,"turns":5},{"damage":17,"enemies":"3 Byrds","floor":18,"turns":3},{"damage":11,"enemies":"2 Thieves","floor":20,"turns":2},{"damage":21,"enemies":"Snake Plant","floor":21,"turns":3},{"damage":20,"enemies":"Shelled Parasite and Fungi","floor":22,"turns":3},{"damage":27,"enemies":"Sentry and Sphere","floor":24,"turns":4},{"damage":45,"enemies":"Book of Stabbing","floor":25,"turns":3}],"seed_played":"6627500891571640648","potions_obtained":[{"floor":1,"key":"Fire Potion"},{"floor":6,"key":"Explosive Potion"},{"floor":14,"key":"infinitespire:BlackPotion"},{"floor":20,"key":"GamblersBrew"},{"floor":21,"key":"Block Potion"},{"floor":24,"key":"LiquidBronze"}],"is_trial":false,"path_per_floor":["M","M","?","$","?","E","M","?","T","?","M","R","E","M","R","B",null,"M","$","M","M","M","R","M","E"],"character_chosen":"IRONCLAD","items_purchased":["Demonic Infusion"],"campfire_rested":1,"item_purchase_floors":[19],"current_hp_per_floor":[80,80,73,73,73,79,80,80,80,80,80,80,53,59,59,34,80,69,69,64,49,35,59,38,0,0],"gold":145,"neow_bonus":"THREE_ENEMY_KILL","is_daily":false,"chose_seed":false,"campfire_upgraded":0,"win_rate":0.0,"timestamp":1611800787,"path_taken":["M","M","?","$","?","E","M","?","T","?","M","R","E","M","R","BOSS","M","$","M","M","?","R","M","E"],"items_purchased_type":["Card"],"build_version":"2020-12-22","purchased_purges":2,"victory":false,"max_hp_per_floor":[80,80,80,80,80,80,80,80,80,80,80,80,80,80,80,80,80,80,80,80,80,80,80,80,80,80],"card_choices":[{"not_picked":["Pommel Strike","Headbutt"],"picked":"Clash","floor":1},{"not_picked":["Warcry","Sentinel","ReplayTheSpireMod:LeadingStrike"],"picked":"SKIP","floor":2},{"not_picked":["Flex","Battle Trance"],"picked":"Clash","floor":6},{"not_picked":["Clothesline","Life Link","Iron Wave"],"picked":"SKIP","floor":7},{"not_picked":["Shockwave","Flex","Cleave"],"picked":"SKIP","floor":11},{"not_picked":["Uppercut","Ghostly Armor"],"picked":"Immolate","floor":13},{"not_picked":["ReplayTheSpireMod:Strike From Hell","Massacre"],"picked":"Inflame","floor":14},{"not_picked":["Immolate","Impervious"],"picked":"Limit Break","floor":16},{"not_picked":["Ghostly Armor+1","Wild Strike","Body Slam"],"picked":"SKIP","floor":18},{"not_picked":["Cleave","Thunderclap","Pommel Strike"],"picked":"SKIP","floor":20},{"not_picked":["Thunderclap","Run Through","Iron Wave+1"],"picked":"SKIP","floor":21},{"not_picked":["Body Slam+1","True Grit","Life Link"],"picked":"SKIP","floor":22},{"not_picked":["Wild Strike","Replay:Undeath\u0027s Touch","Headbutt"],"picked":"SKIP","floor":24}],"player_experience":29003,"relics_obtained":[{"floor":6,"key":"InkBottle"},{"floor":8,"key":"Ring of Misfortune"},{"floor":13,"key":"Replay:Rubber Ducky"}],"event_choices":[{"cards_removed":["Defend_R"],"damage_healed":0,"gold_gain":0,"player_choice":"Card Removal","damage_taken":7,"max_hp_gain":0,"max_hp_loss":0,"event_name":"Golden Wing","floor":3,"gold_loss":0},{"cards_removed":["Defend_R"],"damage_healed":0,"gold_gain":0,"player_choice":"Card Removal","damage_taken":0,"max_hp_gain":0,"max_hp_loss":0,"event_name":"Wheel of Change","floor":10,"gold_loss":0}],"is_beta":false,"boss_relics":[{"not_picked":["Abe\u0027s Treasure","Velvet Choker"],"picked":"Philosopher\u0027s Stone"}],"items_purged_floors":[4,19],"is_endless":false,"potions_floor_spawned":[1,6,14,20,21,24],"killed_by":"Book of Stabbing","ascension_level":0}}