{"host":"a49aoqbkajnlmy9c","time":1611810538,"event":{"mods":["100% Spire Juice","2.2 Compatiblity","AchievementEnabler","Act Like it!","AlwaysNeverKeys","Arknights The Spire","BaseMod","Better Match","BetterRewards","Block Reminder","Colored Map","Colored Powertips","Downfall","Emptier Cage","Friendly Minions","Gensokyo","GifTheSpireLib","Gremlin Skip","Halation","HololiveMod","Hubris","Hyrulean Relics","Infinite Spire","Ironclad Rager","Marisa????????","Minty Spire (QoL Compilation)","Prisma Mod","Quarter Circle Forward PUNCH!","Quick Restart","Random Character Button","Reimu??????","Relic Filter","Reorder Act Four","StSLib","The Alterego","The Animator","Transform Curses","Treasure Hunter","Unceasing Turn Reminder","Useless Jewels Mod","Virulent Crown","Waifu the Spire","WarShipGirlsR/????R mod","Yakumo Yukari mod","Yuyuko"],"gold_per_floor":[119,119,119,139,170,170,199,199,199,199,250,283,283,324,324,496,496,558,611,611,663,407,463,485,485,535,535,535,566,639,738,738,872,872,916,916,937,990,990],"floor_reached":38,"language":"ENG","playtime":2140,"items_purged":["Hololive_Drill"],"score":616,"play_id":"24537bab-68d0-493a-a986-f28be5b212db","local_time":"20210128000858","is_ascension_mode":false,"campfire_choices":[{"data":"Hololive_CallSakuraMiko","floor":6,"key":"SMITH"},{"data":"Hololive_CallSakuraMiko","floor":10,"key":"SMITH"},{"floor":13,"key":"REST"},{"data":"Hololive_CallSakuraMiko","floor":15,"key":"SMITH"},{"floor":25,"key":"REST"},{"data":"Hololive_CallAmaneKanata","floor":27,"key":"SMITH"},{"floor":32,"key":"REST"}],"circlet_count":0,"master_deck":["Hololive_Strike","Hololive_Defend","Hololive_Defend","Hololive_Defend","Hololive_Defend","Hololive_CallSakuraMiko+1","Hololive_CallSakuraMiko+1","Hololive_CallSakuraMiko+1","Hololive_CallSakuraMiko+1","Hololive_CallSakuraMiko","Hololive_CallAkaiHaato","Hololive_Psychosis","Hololive_OvertimeWork","Hololive_CallUsadaPekora+1","TH:DeckOfManyThings+1","TH:EnergyPotion+1","Hololive_CallAmaneKanata+1","Sadistic Nature","infinitespire:Collect","infinitespire:FinalStrike"],"relics":["Hololive_TheStar","Hololive_TopUpMoney","hubris:Icosahedron","hubris:GlazedTorus","TH:Anvil","Gambling Chip","Ancient Tea Set","Happy Flower","hubris:Backtick","halation:IllGainedPizza"],"acts_visited":["Exordium","TheCity","TheBeyond"],"potions_floor_usage":[24],"damage_taken":[{"damage":0,"enemies":"Small Slimes","floor":1,"turns":3},{"damage":1,"enemies":"Jaw Worm","floor":4,"turns":3},{"damage":0,"enemies":"Cultist","floor":5,"turns":3},{"damage":0,"enemies":"Blue Slaver","floor":7,"turns":3},{"damage":11,"enemies":"Lagavulin","floor":11,"turns":4},{"damage":12,"enemies":"Exordium Wildlife","floor":12,"turns":4},{"damage":0,"enemies":"Large Slime","floor":14,"turns":4},{"damage":0,"enemies":"Hexaghost","floor":16,"turns":4},{"damage":0,"enemies":"Chosen","floor":18,"turns":4},{"damage":0,"enemies":"Spheric Guardian","floor":19,"turns":3},{"damage":0,"enemies":"Cultist and Chosen","floor":21,"turns":5},{"damage":8,"enemies":"Gremlin Leader","floor":23,"turns":4},{"damage":20,"enemies":"Snake Plant","floor":24,"turns":4},{"damage":0,"enemies":"Centurion and Healer","floor":29,"turns":2},{"damage":0,"enemies":"Nightmare","floor":30,"turns":3},{"damage":0,"enemies":"hubris:MusketHawk","floor":33,"turns":4},{"damage":0,"enemies":"3 Darklings","floor":35,"turns":4},{"damage":0,"enemies":"Orb Walker","floor":37,"turns":1},{"damage":5,"enemies":"infinitespire:Three Voidlings","floor":38,"turns":2},{"damage":42,"enemies":"Nightmare_Alpha","floor":38,"turns":4}],"seed_played":"-8711109542354452078","potions_obtained":[{"floor":1,"key":"DistilledChaos"},{"floor":4,"key":"Ancient Potion"},{"floor":16,"key":"Explosive Potion"},{"floor":24,"key":"LiquidBronze"}],"is_trial":false,"path_per_floor":["M","?","?","M","M","R","M","?","T","R","E","M","R","M","R","B",null,"M","M","?","M","$","E","M","R","T","R","AVR","M","NM","?","R","B",null,"M","AVR","M","?"],"character_chosen":"Hololive_HololiveCharacter","items_purchased":["Hololive_CallAmaneKanata","Sadistic Nature"],"campfire_rested":3,"item_purchase_floors":[22,22],"current_hp_per_floor":[35,35,35,34,34,34,34,34,34,34,23,11,21,21,21,21,35,35,35,35,35,35,27,7,17,17,17,17,17,17,17,27,27,35,35,35,35,0,0],"gold":990,"neow_bonus":"UPGRADE_CARD","is_daily":false,"chose_seed":false,"campfire_upgraded":4,"win_rate":0.0,"timestamp":1611810538,"path_taken":["M","?","?","?","M","R","M","?","T","R","E","M","R","M","R","BOSS","M","M","?","M","$","E","M","R","T","R","AVR","M","NM","?","R","BOSS","M","AVR","M","?"],"items_purchased_type":["Card","Card"],"build_version":"2020-12-22","purchased_purges":1,"victory":false,"max_hp_per_floor":[35,35,35,35,35,35,35,35,35,35,35,35,35,35,35,35,35,35,35,35,35,35,35,35,35,35,35,35,35,35,35,35,35,35,35,35,35,35,35],"card_choices":[{"not_picked":["TH:CursedSword"],"picked":"SKIP","floor":9},{"not_picked":[],"picked":"TH:DeckOfManyThings","floor":11},{"not_picked":[],"picked":"TH:EnergyPotion","floor":16},{"not_picked":["TH:TreasureMap"],"picked":"SKIP","floor":23},{"not_picked":["TH:TreasureMap"],"picked":"SKIP","floor":26},{"not_picked":["TH:PixieDust"],"picked":"SKIP","floor":30}],"player_experience":610052,"relics_obtained":[{"floor":9,"key":"hubris:GlazedTorus"},{"floor":11,"key":"TH:Anvil"},{"floor":23,"key":"Gambling Chip"},{"floor":26,"key":"Ancient Tea Set"},{"floor":30,"key":"Happy Flower"}],"event_choices":[{"damage_healed":0,"gold_gain":0,"player_choice":"Forge","damage_taken":0,"max_hp_gain":0,"max_hp_loss":0,"event_name":"Accursed Blacksmith","floor":3,"gold_loss":0,"cards_upgraded":["Hololive_CallUsadaPekora"]},{"damage_healed":0,"gold_gain":99,"player_choice":"Stole From Cult","damage_taken":0,"max_hp_gain":0,"max_hp_loss":0,"event_name":"Nest","floor":31,"gold_loss":0}],"is_beta":false,"boss_relics":[{"not_picked":["Cursed Key","bronze:MakeshiftBattery","hubris:VirtuousBlindfold"]},{"not_picked":["Tiny House","halation:ForbiddenBikini"],"picked":"hubris:Backtick"}],"items_purged_floors":[28],"is_endless":true,"potions_floor_spawned":[1,4,5,16,19,21,24,29,38],"killed_by":"Nightmare_Alpha","ascension_level":0}}