{"host":"gbsupkmj5cka9iw4","time":1611850227,"event":{"mods":["BaseMod","Better Note","BetterRewards","Minty Spire (QoL Compilation)","Say the Spire","Shop Mod","StSLib"],"gold_per_floor":[119,131,56,73,73,73,88,88,88,101,101,129,129,162,162,236,236,236,236],"floor_reached":18,"language":"ENG","playtime":909,"items_purged":[],"score":561,"play_id":"b3835f99-0e23-4deb-8606-0dcc2b8772a5","local_time":"20210129011027","is_ascension_mode":true,"campfire_choices":[{"data":"Inflame","floor":6.0,"key":"SMITH"},{"data":"Heavy Blade","floor":11.0,"key":"SMITH"},{"data":"Bash","floor":13,"key":"SMITH"},{"data":"Barricade","floor":15,"key":"SMITH"}],"circlet_count":0,"master_deck":["AscendersBane","Bash+1","Thunderclap","Inflame+1","Shrug It Off+1","Heavy Blade+1","Fire Breathing","Dual Wield+1","Barricade+1","Feed","Rampage","Combust","Body Slam","Rupture","Clothesline","Rage+1","Dropkick"],"relics":["Burning Blood","Toxic Egg 2","Happy Flower","Lee\u0027s Waffle","Turnip","Eternal Feather","Unceasing Top","White Beast Statue","Pandora\u0027s Box"],"acts_visited":["Exordium","TheCity"],"potions_floor_usage":[12],"damage_taken":[{"damage":12.0,"enemies":"Small Slimes","floor":1.0,"turns":4.0},{"damage":1.0,"enemies":"Cultist","floor":2.0,"turns":3.0},{"damage":1.0,"enemies":"Jaw Worm","floor":4.0,"turns":5.0},{"damage":8.0,"enemies":"Lots of Slimes","floor":7.0,"turns":3.0},{"damage":8.0,"enemies":"Blue Slaver","floor":10.0,"turns":4.0},{"damage":0,"enemies":"Gremlin Nob","floor":12,"turns":3},{"damage":15,"enemies":"3 Sentries","floor":14,"turns":5},{"damage":54,"enemies":"The Guardian","floor":16,"turns":13},{"damage":17,"enemies":"Spheric Guardian","floor":18,"turns":5}],"seed_played":"494143327173844534","potions_obtained":[{"floor":1.0,"key":"SteroidPotion"},{"floor":4.0,"key":"BlessingOfTheForge"},{"floor":7.0,"key":"Dexterity Potion"},{"floor":16,"key":"Explosive Potion"}],"is_trial":false,"path_per_floor":["M","M","?","M","?","R","M","T","T","M","R","E","R","E","R","B",null,"M"],"character_chosen":"IRONCLAD","items_purchased":["Toxic Egg 2","Happy Flower","Thunderclap","Lee\u0027s Waffle"],"campfire_rested":0,"item_purchase_floors":[0,0,0,0],"current_hp_per_floor":[76,81,81,82,82,82,80,80,80,78,82,82,82,73,82,34,70,53,53],"gold":236,"neow_bonus":"","is_daily":false,"chose_seed":false,"campfire_upgraded":4,"win_rate":0.0,"timestamp":1611850227,"path_taken":["M","M","?","M","?","R","?","?","T","?","R","E","R","E","R","BOSS","M"],"items_purchased_type":["Relic","Relic","Card","Relic"],"build_version":"2020-12-22","purchased_purges":0,"victory":false,"max_hp_per_floor":[82,82,82,82,82,82,82,82,82,82,82,82,82,82,82,82,82,82,82],"card_choices":[{"not_picked":["Iron Wave","Hemokinesis"],"picked":"Inflame","floor":1.0},{"not_picked":["Anger","Warcry+1"],"picked":"Shrug It Off+1","floor":2.0},{"not_picked":["Searing Blow","Combust"],"picked":"Heavy Blade","floor":4.0},{"not_picked":["Anger","Dark Embrace","Wild Strike"],"picked":"SKIP","floor":7.0},{"not_picked":["Wild Strike","Rampage"],"picked":"Fire Breathing","floor":10.0},{"not_picked":["Sentinel+1","Body Slam"],"picked":"Dual Wield+1","floor":12},{"not_picked":["Wild Strike","Twin Strike"],"picked":"Barricade","floor":14},{"not_picked":["Bludgeon","Corruption"],"picked":"Feed","floor":16}],"player_experience":804978,"relics_obtained":[{"floor":8.0,"key":"Turnip"},{"floor":9.0,"key":"Eternal Feather"},{"floor":12,"key":"Unceasing Top"},{"floor":14,"key":"White Beast Statue"}],"event_choices":[{"cards_removed":["Strike_R"],"damage_healed":0.0,"max_hp_gain":0.0,"max_hp_loss":0.0,"gold_gain":0.0,"event_name":"The Cleric","player_choice":"Card Removal","floor":3.0,"gold_loss":75.0,"damage_taken":0.0},{"cards_removed":["Strike_R"],"damage_healed":0.0,"max_hp_gain":0.0,"max_hp_loss":0.0,"gold_gain":0.0,"event_name":"Bonfire Elementals","player_choice":"Offered Basic","floor":5.0,"gold_loss":0.0,"damage_taken":0.0}],"is_beta":false,"boss_relics":[{"not_picked":["Runic Cube","Sozu"],"picked":"Pandora\u0027s Box"}],"items_purged_floors":[],"is_endless":false,"potions_floor_spawned":[1,4,7,16],"killed_by":"Spheric Guardian","ascension_level":18}}