{"host":"vx9g5eyuglzorf3u","time":1611853476,"event":{"mods":["2.2 Compatiblity","BaseMod","DeckTracker","Keyboard Shortcuts","Minty Spire (QoL Compilation)","Relic Stats","StSLib","SuperFastMode","everything is the same but u backflip on backflip"],"gold_per_floor":[109,34,34,34,57,92,92,130,130,130,130],"floor_reached":10,"language":"KOR","playtime":149,"items_purged":["Strike_R"],"score":198,"play_id":"2dffc0a8-dbf8-423d-a61a-b4ae2dab689b","local_time":"20210129020436","is_ascension_mode":true,"campfire_choices":[{"data":"Bash","floor":7,"key":"SMITH"}],"circlet_count":0,"master_deck":["AscendersBane","Strike_R","Strike_R","Strike_R","Defend_R","Defend_R","Defend_R","Defend_R","Bash+1","Reckless Charge","Disarm"],"relics":["Burning Blood","NeowsBlessing","Golden Idol","WingedGreaves","Juzu Bracelet"],"acts_visited":["Exordium"],"potions_floor_usage":[10],"damage_taken":[{"damage":0,"enemies":"Cultist","floor":1,"turns":1},{"damage":0,"enemies":"2 Louse","floor":5,"turns":2},{"damage":0,"enemies":"3 Sentries","floor":6,"turns":2},{"damage":27,"enemies":"Gremlin Nob","floor":8,"turns":4},{"damage":35,"enemies":"3 Sentries","floor":10,"turns":8}],"seed_played":"674982323017726903","potions_obtained":[{"floor":5,"key":"ColorlessPotion"},{"floor":6,"key":"Fire Potion"}],"is_trial":false,"path_per_floor":["M","$","?","?","M","E","R","E","T","E"],"character_chosen":"IRONCLAD","items_purchased":[],"campfire_rested":0,"item_purchase_floors":[],"current_hp_per_floor":[74,74,48,41,47,53,53,32,32,0,0],"gold":130,"neow_bonus":"THREE_ENEMY_KILL","is_daily":false,"chose_seed":false,"campfire_upgraded":1,"win_rate":0.0,"timestamp":1611853476,"path_taken":["M","?","?","?","M","E","R","E","T","E"],"items_purchased_type":[],"build_version":"2020-12-22","purchased_purges":1,"victory":false,"max_hp_per_floor":[75,75,75,75,75,75,75,75,75,75,75],"relic_stats":{"counters":[5,17],"Golden Idol":20,"Juzu Bracelet":0,"obtain_stats":[{"NeowsBlessing":0,"Golden Idol":3,"WingedGreaves":6,"Juzu Bracelet":8,"Burning Blood":0},{"NeowsBlessing":0,"Golden Idol":1,"WingedGreaves":3,"Juzu Bracelet":4,"Burning Blood":0},{"NeowsBlessing":0,"Golden Idol":1,"WingedGreaves":5,"Juzu Bracelet":9,"Burning Blood":0}],"Burning Blood":24},"card_choices":[{"not_picked":["Sword Boomerang","Cleave"],"picked":"Reckless Charge","floor":1},{"not_picked":["Battle Trance","Entrench","Searing Blow"],"picked":"SKIP","floor":5},{"not_picked":["Havoc","Shrug It Off"],"picked":"Disarm","floor":6},{"not_picked":["Spot Weakness","Double Tap","Heavy Blade"],"picked":"SKIP","floor":8}],"player_experience":1496338,"relics_obtained":[{"floor":6,"key":"WingedGreaves"},{"floor":8,"key":"Juzu Bracelet"}],"event_choices":[{"damage_healed":0,"gold_gain":0,"player_choice":"Take Damage","damage_taken":26,"relics_obtained":["Golden Idol"],"max_hp_gain":0,"max_hp_loss":0,"event_name":"Golden Idol","floor":3,"gold_loss":0},{"cards_removed":["Strike_R"],"damage_healed":0,"gold_gain":0,"player_choice":"Card Removal","damage_taken":7,"max_hp_gain":0,"max_hp_loss":0,"event_name":"Golden Wing","floor":4,"gold_loss":0}],"is_beta":false,"boss_relics":[],"items_purged_floors":[2],"is_endless":false,"potions_floor_spawned":[5,6],"killed_by":"3 Sentries","ascension_level":20}}