{"host":"avjwtc49fhlk6kym","time":1611809761,"event":{"mods":["AchievementEnabler","BaseMod","Better Match","Better Note","Better Third Choice","Colored Map","Colored Powertips","Displayed Cursed Tome","Highlight Path","Minty Spire (QoL Compilation)","Permanent Neow","Quick Restart","StSLib"],"gold_per_floor":[111,129,146,156,156,156,190,190,215,46,46,76,76,52,52,147,197,217,307,326,11,25,25,41,75,99,8,8,8,22,22,22],"floor_reached":31,"language":"ENG","playtime":1114,"items_purged":[],"score":338,"play_id":"19d15ff7-eac9-4340-b59c-e96f53b08741","local_time":"20210127235601","is_ascension_mode":false,"campfire_choices":[{"data":"CrushJoints","floor":6.0,"key":"SMITH"},{"data":"Eruption","floor":11.0,"key":"SMITH"},{"data":"WheelKick","floor":13.0,"key":"SMITH"},{"data":"CutThroughFate","floor":15.0,"key":"SMITH"},{"data":"Apotheosis","floor":23.0,"key":"SMITH"}],"circlet_count":0,"master_deck":["Strike_P","Strike_P","Strike_P","Strike_P","Defend_P","Defend_P","Defend_P","Eruption+1","Vigilance","PathToVictory","CrushJoints+1","FollowUp","Protect+1","ThirdEye+1","WheelKick+1","CutThroughFate+1","Devotion","FlurryOfBlows","Establishment","ThirdEye","ClearTheMind","Swift Strike","PathToVictory+1","Apotheosis+1","BowlingBash","Brilliance","FlyingSleeves","Bandage Up"],"relics":["SlaversCollar","Oddly Smooth Stone","Damaru","MealTicket","Orichalcum","Tiny House","Medical Kit","Sundial","Yang"],"acts_visited":["Exordium","TheCity"],"potions_floor_usage":[30,31],"damage_taken":[{"damage":8.0,"enemies":"Cultist","floor":1.0,"turns":5.0},{"damage":0.0,"enemies":"2 Louse","floor":2.0,"turns":1.0},{"damage":11.0,"enemies":"Jaw Worm","floor":3.0,"turns":3.0},{"damage":0.0,"enemies":"3 Louse","floor":4.0,"turns":3.0},{"damage":18.0,"enemies":"3 Sentries","floor":7.0,"turns":16.0},{"damage":0.0,"enemies":"Gremlin Nob","floor":12.0,"turns":2.0},{"damage":0.0,"enemies":"Slime Boss","floor":16.0,"turns":4.0},{"damage":0.0,"enemies":"Chosen","floor":18.0,"turns":4.0},{"damage":7.0,"enemies":"Shell Parasite","floor":20.0,"turns":6.0},{"damage":3.0,"enemies":"Centurion and Healer","floor":22.0,"turns":6.0},{"damage":23.0,"enemies":"Snecko","floor":24.0,"turns":5.0},{"damage":40.0,"enemies":"Slavers","floor":25.0,"turns":4.0},{"damage":30,"enemies":"Snake Plant","floor":30,"turns":4},{"damage":24,"enemies":"Chosen and Byrds","floor":31,"turns":4}],"seed_played":"8284509381206683491","potions_obtained":[{"floor":1.0,"key":"Fire Potion"},{"floor":4.0,"key":"Explosive Potion"},{"floor":7.0,"key":"LiquidMemories"},{"floor":12.0,"key":"Strength Potion"},{"floor":16.0,"key":"Weak Potion"},{"floor":17.0,"key":"Regen Potion"},{"floor":18.0,"key":"StancePotion"},{"floor":25.0,"key":"Regen Potion"},{"floor":30,"key":"Weak Potion"}],"is_trial":false,"path_per_floor":["M","M","M","M","?","R","E","?","T","$","R","E","R","$","R","B",null,"M","?","M","$","M","R","M","E","T","$","?","T","M","M"],"character_chosen":"WATCHER","items_purchased":["MealTicket","CutThroughFate","FlurryOfBlows","Apotheosis","Medical Kit","Bandage Up"],"campfire_rested":0,"item_purchase_floors":[10,10,14,21,21,27],"current_hp_per_floor":[64,64,53,53,53,53,35,59,59,59,59,59,59,72,72,72,77,77,59,67,77,74,74,51,11,11,26,26,26,5,0,0],"gold":22,"neow_bonus":"BOSS_RELIC","is_daily":false,"chose_seed":false,"campfire_upgraded":5,"win_rate":0.0,"timestamp":1611809761,"path_taken":["M","M","M","?","?","R","E","?","T","$","R","E","R","$","R","BOSS","M","?","M","$","M","R","M","E","T","$","?","?","?","M"],"items_purchased_type":["Relic","Card","Card","Card","Relic","Card"],"build_version":"2020-12-22","purchased_purges":0,"victory":false,"max_hp_per_floor":[72,72,72,72,72,72,72,72,72,72,72,72,72,72,72,72,77,77,77,77,77,77,77,77,77,77,77,77,77,77,77,77],"card_choices":[{"not_picked":["Fasting2","Protect"],"picked":"PathToVictory","floor":1.0},{"not_picked":["FlurryOfBlows","CarveReality"],"picked":"CrushJoints","floor":2.0},{"not_picked":["EmptyBody","ClearTheMind"],"picked":"FollowUp","floor":3.0},{"not_picked":["BowlingBash","CarveReality"],"picked":"Protect","floor":4.0},{"not_picked":["Halt+1","Prostrate+1"],"picked":"ThirdEye+1","floor":5.0},{"not_picked":["Adaptation","Nirvana"],"picked":"WheelKick","floor":7.0},{"not_picked":["Perseverance","FlyingSleeves"],"picked":"Devotion","floor":12.0},{"not_picked":["ConjureBlade","Judgement"],"picked":"Establishment","floor":16.0},{"not_picked":["Weave","EmptyBody"],"picked":"ThirdEye","floor":17.0},{"not_picked":["Adaptation+1","Pray"],"picked":"ClearTheMind","floor":18.0},{"not_picked":["FollowUp","ClearTheMind"],"picked":"PathToVictory+1","floor":20.0},{"not_picked":["EmptyMind","Crescendo"],"picked":"BowlingBash","floor":22.0},{"not_picked":["PathToVictory","Protect"],"picked":"Brilliance","floor":24.0},{"not_picked":["EmptyBody+1","Evaluate"],"picked":"FlyingSleeves","floor":25.0},{"not_picked":["Evaluate","EmptyBody+1","EmptyFist+1"],"picked":"SKIP","floor":30}],"player_experience":415107,"relics_obtained":[{"floor":7.0,"key":"Oddly Smooth Stone"},{"floor":9.0,"key":"Damaru"},{"floor":12.0,"key":"Orichalcum"},{"floor":25.0,"key":"Sundial"},{"floor":29.0,"key":"Yang"}],"event_choices":[{"damage_healed":0.0,"max_hp_gain":0.0,"max_hp_loss":0.0,"gold_gain":0.0,"event_name":"betterMatch:BetterMatch","player_choice":"2","floor":5.0,"gold_loss":0.0,"damage_taken":0.0,"cards_obtained":["betterMatch:CommonCard"]},{"damage_healed":24.0,"max_hp_gain":0.0,"max_hp_loss":0.0,"gold_gain":0.0,"event_name":"Big Fish","player_choice":"Banana","floor":8.0,"gold_loss":0.0,"damage_taken":0.0},{"damage_healed":0.0,"max_hp_gain":0.0,"max_hp_loss":0.0,"gold_gain":90.0,"event_name":"Knowing Skull","player_choice":"CARD GOLD ","floor":19.0,"potions_obtained":[],"gold_loss":0.0,"damage_taken":18.0,"cards_obtained":["Swift Strike"]},{"cards_removed":["Defend_P"],"damage_healed":0.0,"max_hp_gain":0.0,"max_hp_loss":0.0,"gold_gain":0.0,"event_name":"Purifier","player_choice":"Purged","floor":28.0,"gold_loss":0.0,"damage_taken":0.0}],"is_beta":false,"boss_relics":[{"not_picked":["Philosopher\u0027s Stone","Runic Pyramid"],"picked":"Tiny House"}],"items_purged_floors":[],"is_endless":false,"potions_floor_spawned":[1,4,7,12,16,18,25,30],"killed_by":"Chosen and Byrds","ascension_level":0}}