{"host":"8fnghcq8tvbg6z9e","time":1611841564,"event":{"mods":["BaseMod","Downfall","Minty Spire (QoL Compilation)","Quick Restart","StSLib"],"gold_per_floor":[110,110,9,24,37,65,15,26,26,41,66,81,81,81,81,176,176,188,203,203,203,218,243,92,92,92,107,133,148,73,89,89,186,186,201,221,231,91,91,91,111,111,111,158,158,33,33,52,52,52,52,52,4,37,37,37],"floor_reached":55,"language":"ZHS","playtime":2570,"items_purged":["Pain","Parasite","Regret"],"score":769,"play_id":"692697fb-df6f-4eda-bf44-9d5fb15c5b4f","local_time":"20210128214604","is_ascension_mode":false,"campfire_choices":[{"floor":13.0,"key":"RECALL"},{"data":"After Image","floor":15.0,"key":"SMITH"},{"data":"Accuracy","floor":25.0,"key":"SMITH"},{"data":"Storm of Steel","floor":32.0,"key":"SMITH"},{"data":"Infinite Blades","floor":40.0,"key":"SMITH"},{"floor":42.0,"key":"REST"},{"floor":49.0,"key":"REST"},{"data":"After Image","floor":52,"key":"SMITH"}],"circlet_count":0,"master_deck":["Survivor","Neutralize","Heel Hook","Blade Dance","Blade Dance","Quick Slash","Cloak And Dagger","After Image+1","Storm of Steel+1","Blade Dance","Caltrops","Accuracy+1","Noxious Fumes+1","After Image","Flechettes","Finisher","Choke","Dagger Spray","After Image+1","Sucker Punch","Cloak And Dagger","Blade Dance+1","Infinite Blades+1","Leg Sweep","Prepared+1","Quick Slash","After Image"],"relics":["Ring of the Snake","NeowsBlessing","WarpedTongs","StrikeDummy","Lantern","Cursed Key","Art of War","Toy Ornithopter","Vajra","Orichalcum","Bag of Preparation","Pandora\u0027s Box","Blood Vial","FossilizedHelix","Bird Faced Urn"],"acts_visited":["Exordium","TheCity","TheBeyond","TheEnding"],"potions_floor_usage":[50],"damage_taken":[{"damage":0.0,"enemies":"Small Slimes","floor":1.0,"turns":1.0},{"damage":0.0,"enemies":"Cultist","floor":4.0,"turns":1.0},{"damage":0.0,"enemies":"2 Louse","floor":5.0,"turns":1.0},{"damage":7.0,"enemies":"Lagavulin","floor":6.0,"turns":6.0},{"damage":0.0,"enemies":"2 Fungi Beasts","floor":8.0,"turns":2.0},{"damage":0.0,"enemies":"Exordium Wildlife","floor":10.0,"turns":3.0},{"damage":12.0,"enemies":"Gremlin Nob","floor":11.0,"turns":4.0},{"damage":0.0,"enemies":"Exordium Thugs","floor":12.0,"turns":3.0},{"damage":11.0,"enemies":"The Guardian","floor":16.0,"turns":13.0},{"damage":0.0,"enemies":"Shell Parasite","floor":18.0,"turns":4.0},{"damage":0.0,"enemies":"Spheric Guardian","floor":19.0,"turns":3.0},{"damage":0.0,"enemies":"Snecko","floor":22.0,"turns":5.0},{"damage":7.0,"enemies":"Book of Stabbing","floor":23.0,"turns":5.0},{"damage":0.0,"enemies":"Centurion and Healer","floor":27.0,"turns":2.0},{"damage":12.0,"enemies":"Gremlin Leader","floor":28.0,"turns":5.0},{"damage":1.0,"enemies":"3 Cultists","floor":29.0,"turns":5.0},{"damage":0.0,"enemies":"Cultist and Chosen","floor":31.0,"turns":3.0},{"damage":28.0,"enemies":"Automaton","floor":33.0,"turns":8.0},{"damage":5.0,"enemies":"3 Shapes","floor":35.0,"turns":2.0},{"damage":7.0,"enemies":"3 Darklings","floor":36.0,"turns":4.0},{"damage":26.0,"enemies":"Writhing Mass","floor":37.0,"turns":5.0},{"damage":14.0,"enemies":"Transient","floor":41.0,"turns":5.0},{"damage":8.0,"enemies":"2 Orb Walkers","floor":44.0,"turns":4.0},{"damage":8.0,"enemies":"Sphere and 2 Shapes","floor":48.0,"turns":6.0},{"damage":0,"enemies":"Donu and Deca","floor":50,"turns":8},{"damage":37,"enemies":"Shield and Spear","floor":54,"turns":7},{"damage":53,"enemies":"The Heart","floor":55,"turns":3}],"seed_played":"-5786451184686030540","potions_obtained":[{"floor":1.0,"key":"Explosive Potion"},{"floor":6.0,"key":"BlessingOfTheForge"},{"floor":16.0,"key":"Dexterity Potion"},{"floor":18.0,"key":"PowerPotion"},{"floor":22.0,"key":"AttackPotion"},{"floor":27.0,"key":"CunningPotion"},{"floor":28.0,"key":"Weak Potion"},{"floor":35.0,"key":"Fruit Juice"},{"floor":36.0,"key":"SpeedPotion"},{"floor":41.0,"key":"Slimebound:ThreeZeroPotion"}],"is_trial":false,"path_per_floor":["M","?","$","M","M","E","?","M","T","M","E","M","R","?","R","B",null,"M","M","?","?","M","E","$","R","T","M","E","M","?","M","R","B",null,"M","M","M","$","?","R","M","R","T","?","?","$","?","M","R","B",null,"R","$","E","B"],"character_chosen":"THE_SILENT","items_purchased":["Blade Dance","Vajra","Infinite Blades","SteroidPotion"],"campfire_rested":2,"item_purchase_floors":[3,24,38,53],"current_hp_per_floor":[70,70,70,70,70,63,63,63,63,63,51,51,51,44,44,33,70,70,70,70,70,70,63,63,63,63,63,51,50,50,55,55,32,70,75,68,42,42,42,42,28,49,49,43,43,43,43,37,58,65,72,72,72,35,0,0],"gold":37,"neow_bonus":"THREE_ENEMY_KILL","is_daily":false,"chose_seed":false,"campfire_upgraded":5,"win_rate":0.0,"timestamp":1611841564,"path_taken":["M","?","$","?","M","E","?","M","T","M","E","M","R","?","R","BOSS","M","M","?","?","M","E","$","R","T","M","E","M","?","M","R","BOSS","M","M","M","$","?","R","?","R","T","?","?","$","?","M","R","BOSS","R","$","E","BOSS"],"items_purchased_type":["Card","Relic","Card","Potion"],"build_version":"2020-12-22","purchased_purges":3,"victory":false,"max_hp_per_floor":[70,70,70,70,70,70,70,70,70,70,70,70,70,70,70,70,70,70,70,70,70,70,70,70,70,70,70,70,70,70,70,70,70,70,75,75,75,72,72,72,72,72,72,72,72,72,72,72,72,72,72,72,72,72,72,72],"card_choices":[{"not_picked":["Reflex","Footwork"],"picked":"Heel Hook","floor":1.0},{"not_picked":["Prepared","Dodge and Roll","Deadly Poison"],"picked":"SKIP","floor":4.0},{"not_picked":["Caltrops","Escape Plan"],"picked":"Blade Dance","floor":5.0},{"not_picked":["Deadly Poison","Setup","Prepared"],"picked":"SKIP","floor":6.0},{"not_picked":["Escape Plan","Predator","Outmaneuver"],"picked":"SKIP","floor":8.0},{"not_picked":["Flying Knee","Endless Agony"],"picked":"Quick Slash","floor":10.0},{"not_picked":["Flechettes","Slice"],"picked":"Cloak And Dagger","floor":11.0},{"not_picked":["Catalyst","Cloak And Dagger"],"picked":"After Image","floor":12.0},{"not_picked":["Venomology","Tools of the Trade"],"picked":"Storm of Steel","floor":16.0},{"not_picked":["Outmaneuver","Endless Agony"],"picked":"Blade Dance","floor":18.0},{"not_picked":["Quick Slash","Tactician","Well Laid Plans"],"picked":"SKIP","floor":19.0},{"not_picked":["Poisoned Stab","Underhanded Strike","PiercingWail"],"picked":"SKIP","floor":22.0},{"not_picked":["Bane+1","Prepared"],"picked":"Accuracy","floor":23.0},{"not_picked":["Setup","All Out Attack+1","Leg Sweep+1"],"picked":"SKIP","floor":27.0},{"not_picked":["Slice","Well Laid Plans","Skewer"],"picked":"SKIP","floor":28.0},{"not_picked":["Dagger Spray","Deadly Poison","Dodge and Roll"],"picked":"SKIP","floor":29.0},{"not_picked":["Footwork+1","Dodge and Roll"],"picked":"Noxious Fumes+1","floor":31.0},{"not_picked":["Storm of Steel","Burst"],"picked":"After Image","floor":33.0},{"not_picked":["Dagger Spray+1","Dagger Throw+1"],"picked":"Cloak And Dagger","floor":35.0},{"not_picked":["Backstab+1","Distraction","Blur+1"],"picked":"SKIP","floor":36.0},{"not_picked":["Underhanded Strike","Night Terror"],"picked":"Blade Dance+1","floor":37.0},{"not_picked":["Flying Knee+1","Slice"],"picked":"Prepared+1","floor":41.0},{"not_picked":["Deadly Poison+1","Flechettes+1","Deflect+1"],"picked":"SKIP","floor":48.0},{"not_picked":["Heel Hook","Bouncing Flask"],"picked":"After Image","floor":54}],"player_experience":190490,"relics_obtained":[{"floor":6.0,"key":"StrikeDummy"},{"floor":11.0,"key":"Lantern"},{"floor":23.0,"key":"Toy Ornithopter"},{"floor":26.0,"key":"Orichalcum"},{"floor":28.0,"key":"Bag of Preparation"},{"floor":43.0,"key":"Blood Vial"},{"floor":44.0,"key":"FossilizedHelix"},{"floor":54,"key":"Bird Faced Urn"}],"event_choices":[{"damage_healed":0.0,"max_hp_gain":0.0,"max_hp_loss":0.0,"gold_gain":0.0,"event_name":"Accursed Blacksmith","player_choice":"Rummage","floor":2.0,"gold_loss":0.0,"damage_taken":0.0,"relics_obtained":["WarpedTongs"],"cards_obtained":["Pain"]},{"cards_removed":["Strike_G"],"damage_healed":0.0,"max_hp_gain":0.0,"max_hp_loss":0.0,"gold_gain":0.0,"event_name":"The Cleric","player_choice":"Card Removal","floor":7.0,"gold_loss":50.0,"damage_taken":0.0},{"cards_removed":["Defend_G"],"damage_healed":0.0,"max_hp_gain":0.0,"max_hp_loss":0.0,"gold_gain":0.0,"event_name":"Golden Wing","player_choice":"Card Removal","floor":14.0,"gold_loss":0.0,"damage_taken":7.0},{"damage_healed":0.0,"max_hp_gain":0.0,"max_hp_loss":0.0,"gold_gain":0.0,"event_name":"The Library","player_choice":"Read","floor":20.0,"gold_loss":0.0,"damage_taken":0.0,"cards_obtained":["Caltrops"]},{"damage_healed":0.0,"max_hp_gain":0.0,"max_hp_loss":0.0,"gold_gain":0.0,"event_name":"The Mausoleum","player_choice":"Opened","floor":21.0,"gold_loss":0.0,"damage_taken":0.0,"relics_obtained":["Art of War"]},{"cards_removed":["downfall:Malfunctioning"],"damage_healed":0.0,"max_hp_gain":0.0,"max_hp_loss":0.0,"gold_gain":0.0,"event_name":"Beggar","player_choice":"Gave Gold","floor":30.0,"gold_loss":75.0,"damage_taken":0.0},{"damage_healed":0.0,"max_hp_gain":0.0,"max_hp_loss":0.0,"gold_gain":0.0,"cards_transformed":["Doppelganger"],"event_name":"Transmorgrifier","player_choice":"Transformed","floor":39.0,"gold_loss":0.0,"damage_taken":0.0,"cards_obtained":["Leg Sweep"]},{"damage_healed":0.0,"max_hp_gain":0.0,"max_hp_loss":0.0,"gold_gain":0.0,"event_name":"Mysterious Sphere","player_choice":"Fight","floor":44.0,"gold_loss":0.0,"damage_taken":0.0},{"cards_removed":["Sucker Punch"],"damage_healed":0.0,"max_hp_gain":0.0,"max_hp_loss":0.0,"gold_gain":0.0,"event_name":"Falling","player_choice":"Removed Attack","floor":45.0,"gold_loss":0.0,"damage_taken":0.0},{"damage_healed":0.0,"max_hp_gain":0.0,"max_hp_loss":0.0,"gold_gain":0.0,"event_name":"Match and Keep!","player_choice":"1 cards matched","floor":47.0,"gold_loss":0.0,"damage_taken":0.0,"cards_obtained":["Quick Slash"]}],"is_beta":false,"boss_relics":[{"not_picked":["Sozu","Runic Dome"],"picked":"Cursed Key"},{"not_picked":["HoveringKite","Philosopher\u0027s Stone"],"picked":"Pandora\u0027s Box"}],"items_purged_floors":[3,38,46],"is_endless":false,"potions_floor_spawned":[1,6,16,18,22,27,28,35,36,41],"killed_by":"The Heart","ascension_level":0}}