{"host":"5fpb1gzflhq9886n","time":1611819291,"event":{"mods":["AchievementEnabler","BaseMod","Colored Map","Colored Powertips","Minty Spire (QoL Compilation)","Permanent Neow"],"gold_per_floor":[212,225,225,285,134,165,165,180,205,239,364,364,414,483,483,483,483],"floor_reached":16,"language":"ENG","playtime":905,"items_purged":[],"score":138,"play_id":"6d33cdae-4815-4b85-a996-f3c80d7f7629","local_time":"20210128023451","is_ascension_mode":true,"campfire_choices":[{"floor":7,"key":"REST"},{"floor":12,"key":"REST"},{"floor":15,"key":"REST"}],"circlet_count":0,"master_deck":["Strike_R","Strike_R+1","Strike_R+1","Strike_R","Strike_R","Defend_R","Defend_R","Defend_R","Defend_R","Bash","Sword Boomerang","Second Wind","Heavy Blade","Dual Wield","Metallicize","Wild Strike"],"relics":["Burning Blood","SsserpentHead","PreservedInsect","Bag of Marbles","Whetstone","Potion Belt","Orichalcum"],"acts_visited":["Exordium"],"potions_floor_usage":[6,14,16],"damage_taken":[{"damage":16,"enemies":"Small Slimes","floor":1,"turns":5},{"damage":1,"enemies":"Cultist","floor":2,"turns":3},{"damage":18,"enemies":"Jaw Worm","floor":4,"turns":4},{"damage":40,"enemies":"Lagavulin","floor":6,"turns":4},{"damage":12,"enemies":"Large Slime","floor":8,"turns":6},{"damage":37,"enemies":"3 Sentries","floor":10,"turns":6},{"damage":0,"enemies":"Gremlin Gang","floor":14,"turns":8},{"damage":59,"enemies":"Hexaghost","floor":16,"turns":11}],"seed_played":"3514080926089588712","potions_obtained":[{"floor":4,"key":"Energy Potion"},{"floor":10,"key":"Dexterity Potion"},{"floor":14,"key":"SteroidPotion"}],"is_trial":false,"path_per_floor":["M","M","?","M","$","E","R","M","T","E","?","R","?","M","R","B"],"character_chosen":"IRONCLAD","items_purchased":["PreservedInsect"],"campfire_rested":3,"item_purchase_floors":[5],"current_hp_per_floor":[70,75,75,63,63,29,53,47,47,16,5,29,29,35,59,0,0],"gold":483,"neow_bonus":"HUNDRED_GOLD","is_daily":false,"chose_seed":false,"campfire_upgraded":0,"win_rate":0.0,"timestamp":1611819291,"path_taken":["M","M","?","?","$","E","R","M","T","E","?","R","?","?","R","BOSS"],"items_purchased_type":["Relic"],"build_version":"2020-12-22","purchased_purges":0,"victory":false,"max_hp_per_floor":[80,80,80,80,80,80,80,80,80,80,80,80,80,80,80,80,80],"card_choices":[{"not_picked":["Burning Pact","Anger"],"picked":"Sword Boomerang","floor":1},{"not_picked":["Pommel Strike","Dark Embrace"],"picked":"Second Wind","floor":2},{"not_picked":["Headbutt","Reckless Charge"],"picked":"Heavy Blade","floor":4},{"not_picked":["Sword Boomerang","Twin Strike"],"picked":"Dual Wield","floor":6},{"not_picked":["Rampage","Warcry"],"picked":"Metallicize","floor":8},{"not_picked":["Warcry","Anger"],"picked":"Dropkick","floor":10},{"not_picked":["Headbutt","Corruption"],"picked":"Wild Strike","floor":14}],"player_experience":774308,"relics_obtained":[{"floor":6,"key":"Bag of Marbles"},{"floor":9,"key":"Whetstone"},{"floor":10,"key":"Potion Belt"}],"event_choices":[{"damage_healed":0,"gold_gain":0,"player_choice":"Trade","damage_taken":0,"relics_obtained":["SsserpentHead"],"max_hp_gain":0,"max_hp_loss":0,"event_name":"FaceTrader","floor":3,"gold_loss":0},{"damage_healed":0,"gold_gain":75,"player_choice":"Gather Gold","damage_taken":11,"max_hp_gain":0,"max_hp_loss":0,"event_name":"World of Goop","floor":11,"gold_loss":0},{"cards_removed":["Dropkick"],"damage_healed":0,"gold_gain":0,"player_choice":"Gave Card","damage_taken":0,"relics_obtained":["Orichalcum"],"max_hp_gain":0,"max_hp_loss":0,"event_name":"WeMeetAgain","floor":13,"gold_loss":0}],"is_beta":false,"boss_relics":[],"items_purged_floors":[],"is_endless":false,"potions_floor_spawned":[4,10,14],"killed_by":"Hexaghost","ascension_level":5}}