{"host":"ELF","time":1611836960,"event":{"mods":["BaseMod","Bestiary","Minty Spire (QoL Compilation)","Relic Stats","Slay the Relics Exporter"],"gold_per_floor":[99,99,99,99,99,99,99,99,99,99,99,99,99,64,64,64,64],"floor_reached":16,"language":"ENG","playtime":765,"items_purged":[],"score":220,"play_id":"fc556ec4-ceed-4558-a709-b67c30f73a3f","local_time":"20210128062920","is_ascension_mode":true,"campfire_choices":[{"floor":6.0,"key":"REST"},{"floor":10.0,"key":"REST"},{"floor":15,"key":"REST"}],"circlet_count":0,"master_deck":["AscendersBane","Strike_G","Strike_G","Strike_G","Strike_G","Strike_G","Defend_G","Defend_G","Defend_G","Defend_G","Defend_G","Survivor","Neutralize","Well Laid Plans","Setup","Masterful Stab","Deadly Poison","Eviscerate","Dash","Flying Knee"],"relics":["Ectoplasm","Vajra","Bronze Scales","Pen Nib"],"acts_visited":["Exordium"],"potions_floor_usage":[],"damage_taken":[{"damage":5.0,"enemies":"Small Slimes","floor":1.0,"turns":5.0},{"damage":4.0,"enemies":"Jaw Worm","floor":3.0,"turns":7.0},{"damage":3.0,"enemies":"2 Louse","floor":5.0,"turns":6.0},{"damage":29.0,"enemies":"3 Sentries","floor":7.0,"turns":13.0},{"damage":16.0,"enemies":"Large Slime","floor":8.0,"turns":6.0},{"damage":11.0,"enemies":"Gremlin Nob","floor":11.0,"turns":3.0},{"damage":17,"enemies":"Blue Slaver","floor":13,"turns":3},{"damage":37,"enemies":"Slime Boss","floor":16,"turns":7}],"seed_played":"-2028577601724827128","potions_obtained":[{"floor":3.0,"key":"ColorlessPotion"},{"floor":5.0,"key":"FearPotion"},{"floor":11.0,"key":"SpeedPotion"},{"floor":13,"key":"FearPotion"}],"is_trial":false,"path_per_floor":["M","?","M","$","M","R","E","M","T","R","E","?","M","?","R","B"],"character_chosen":"THE_SILENT","items_purchased":[],"campfire_rested":3,"item_purchase_floors":[],"current_hp_per_floor":[54,43,39,39,36,55,26,10,10,29,18,18,1,17,36,0,0],"gold":64,"neow_bonus":"BOSS_RELIC","is_daily":false,"chose_seed":false,"campfire_upgraded":0,"win_rate":0.0,"timestamp":1611836960,"path_taken":["M","?","M","$","M","R","E","M","T","R","E","?","M","?","R","BOSS"],"items_purchased_type":[],"build_version":"2020-12-18","purchased_purges":0,"victory":false,"max_hp_per_floor":[66,66,66,66,66,66,66,66,66,66,66,66,66,66,66,66,66],"relic_stats":{"counters":[8,50],"Bronze Scales":[18],"Ectoplasm":285,"Pen Nib":[1],"obtain_stats":[{"Bronze Scales":9,"Vajra":7,"Ectoplasm":0,"Pen Nib":11,"Ring of the Snake":0},{"Bronze Scales":5,"Vajra":4,"Ectoplasm":0,"Pen Nib":6,"Ring of the Snake":0},{"Bronze Scales":37,"Vajra":31,"Ectoplasm":0,"Pen Nib":40,"Ring of the Snake":0}]},"card_choices":[{"not_picked":["Bane","Dagger Spray"],"picked":"Well Laid Plans","floor":1.0},{"not_picked":["PiercingWail","Acrobatics"],"picked":"Setup","floor":3.0},{"not_picked":["Outmaneuver","Slice"],"picked":"Masterful Stab","floor":5.0},{"not_picked":["Cloak And Dagger","Catalyst"],"picked":"Deadly Poison","floor":7.0},{"not_picked":["Sucker Punch","Riddle With Holes"],"picked":"Eviscerate","floor":8.0},{"not_picked":["Prepared","Dagger Spray"],"picked":"Dash","floor":11.0},{"not_picked":["Tactician","Bane"],"picked":"Flying Knee","floor":13}],"player_experience":3338050,"relics_obtained":[{"floor":7.0,"key":"Vajra"},{"floor":9.0,"key":"Bronze Scales"},{"floor":11.0,"key":"Pen Nib"}],"event_choices":[{"damage_healed":0.0,"max_hp_gain":0.0,"max_hp_loss":0.0,"gold_gain":75.0,"event_name":"World of Goop","player_choice":"Gather Gold","floor":2.0,"gold_loss":0.0,"damage_taken":11.0},{"damage_healed":0,"gold_gain":0,"player_choice":"Searched \u00270\u0027 times","damage_taken":0,"max_hp_gain":0,"max_hp_loss":0,"event_name":"Dead Adventurer","floor":12,"gold_loss":0},{"damage_healed":16,"gold_gain":0,"player_choice":"Healed","damage_taken":0,"max_hp_gain":0,"max_hp_loss":0,"event_name":"The Cleric","floor":14,"gold_loss":35}],"is_beta":true,"boss_relics":[],"items_purged_floors":[],"is_endless":false,"potions_floor_spawned":[3,5,11,13],"killed_by":"Slime Boss","ascension_level":20}}