{"host":"07w92xc562nr1xn4","time":1611800674,"event":{"mods":["BaseMod","Colored Map","Colored Powertips","Hermit","Minty Spire (QoL Compilation)","Quick Restart","Replay The Spire","StSLib"],"gold_per_floor":[118,129,149,163,180,180,104,122,174,190,190,218,233,249,249,353,353,353,353],"floor_reached":18,"language":"ENG","playtime":1537,"items_purged":[],"score":168,"play_id":"c686cb33-060d-4b4a-8f12-9a0b99e6b152","local_time":"20210127212434","is_ascension_mode":false,"campfire_choices":[{"data":"1","floor":6.0,"key":"LIFT"},{"data":"hermit:Manifest","floor":11.0,"key":"SMITH"},{"data":"hermit:Vantage","floor":15,"key":"SMITH"}],"circlet_count":0,"master_deck":["hermit:Strike_Hermit","hermit:Strike_Hermit","hermit:Defend_Hermit","hermit:Defend_Hermit","hermit:Defend_Hermit","hermit:Defend_Hermit","hermit:Snapshot","hermit:Covet","Shame","hermit:Malice","hermit:Manifest+1","hermit:Dissolve","hermit:Vantage+1","hermit:Determination","hermit:Deadeye","hermit:Enervate","hermit:BlackWind","hermit:WideOpen","hermit:ShadowCloak","hermit:SprayPray","hermit:LoneWolf","hermit:FromBeyond"],"relics":["hermit:Momento","Girya","Replay:PocketPolymizer","Orichalcum","Ornamental Fan","Snecko Eye"],"acts_visited":["Exordium","TheCity"],"potions_floor_usage":[],"damage_taken":[{"damage":8.0,"enemies":"Jaw Worm","floor":1.0,"turns":3.0},{"damage":1.0,"enemies":"Cultist","floor":2.0,"turns":3.0},{"damage":0.0,"enemies":"Small Slimes","floor":3.0,"turns":3.0},{"damage":11.0,"enemies":"2 Fungi Beasts","floor":4.0,"turns":3.0},{"damage":13.0,"enemies":"3 Louse","floor":5.0,"turns":5.0},{"damage":4.0,"enemies":"Large Slime","floor":8.0,"turns":6.0},{"damage":0.0,"enemies":"Looter","floor":10.0,"turns":4.0},{"damage":9.0,"enemies":"Lagavulin","floor":12.0,"turns":5.0},{"damage":0.0,"enemies":"Lots of Slimes","floor":13.0,"turns":2.0},{"damage":6.0,"enemies":"3 Louse","floor":14.0,"turns":4.0},{"damage":23,"enemies":"The Guardian","floor":16,"turns":8},{"damage":49,"enemies":"3 Byrds","floor":18,"turns":8}],"seed_played":"2238798811437891991","potions_obtained":[{"floor":2.0,"key":"Toxic Potion"},{"floor":3.0,"key":"LifebloodPotion"},{"floor":4.0,"key":"Adrenaline Potion"},{"floor":5.0,"key":"Fruit Juice"},{"floor":8.0,"key":"Elixir"},{"floor":13.0,"key":"BlessingOfTheForge"}],"is_trial":false,"path_per_floor":["M","M","M","M","M","R","?","M","T","M","R","E","M","M","R","B",null,"M"],"character_chosen":"HERMIT","items_purchased":[],"campfire_rested":0,"item_purchase_floors":[],"current_hp_per_floor":[67,66,66,55,47,47,47,43,43,43,43,34,34,28,28,5,80,31,31],"gold":353,"neow_bonus":"ONE_RARE_RELIC","is_daily":false,"chose_seed":false,"campfire_upgraded":2,"win_rate":0.0,"timestamp":1611800674,"path_taken":["M","M","M","M","M","R","?","?","T","M","R","E","M","M","R","BOSS","M"],"items_purchased_type":[],"build_version":"2020-12-22","purchased_purges":0,"victory":false,"max_hp_per_floor":[75,75,75,75,80,80,80,80,80,80,80,80,80,80,80,80,80,80,80],"card_choices":[{"not_picked":["hermit:CalledShot","hermit:WideOpen"],"picked":"hermit:Malice","floor":1.0},{"not_picked":["hermit:BodyArmor","hermit:HoleUp"],"picked":"hermit:Manifest","floor":2.0},{"not_picked":["hermit:TrackingShot","hermit:ItchyTrigger"],"picked":"hermit:Dissolve","floor":3.0},{"not_picked":["hermit:Coalescence","hermit:Snipe"],"picked":"hermit:Vantage","floor":4.0},{"not_picked":["hermit:SprayPray","hermit:Ricochet"],"picked":"hermit:Determination","floor":5.0},{"not_picked":["hermit:Brawl","hermit:HighCaliber"],"picked":"hermit:Deadeye","floor":8.0},{"not_picked":["hermit:Roulette","hermit:Snipe"],"picked":"hermit:Enervate","floor":10.0},{"not_picked":["hermit:Desperado","hermit:Gestalt"],"picked":"hermit:WideOpen","floor":12.0},{"not_picked":["hermit:Snipe","hermit:TrackingShot"],"picked":"hermit:ShadowCloak","floor":13.0},{"not_picked":["hermit:Glare","hermit:Adapt"],"picked":"hermit:SprayPray","floor":14.0},{"not_picked":["hermit:Purgatory","hermit:Roughhouse"],"picked":"hermit:FromBeyond","floor":16}],"player_experience":624227,"relics_obtained":[{"floor":9.0,"key":"Orichalcum"},{"floor":12.0,"key":"Ornamental Fan"}],"event_choices":[{"damage_healed":0.0,"max_hp_gain":0.0,"max_hp_loss":0.0,"gold_gain":0.0,"event_name":"WeMeetAgain","player_choice":"Paid Gold","floor":7.0,"gold_loss":76.0,"damage_taken":0.0,"relics_obtained":["Replay:PocketPolymizer"]}],"is_beta":false,"boss_relics":[{"not_picked":["Pandora\u0027s Box","Black Star"],"picked":"Snecko Eye"}],"items_purged_floors":[],"is_endless":false,"potions_floor_spawned":[2,3,4,5,8,13],"killed_by":"3 Byrds","ascension_level":0}}