{"host":"zwezhz46a5cjkxff","time":1611820606,"event":{"mods":["AchievementEnabler","BaseMod","Colored Map","Colored Powertips","DeckTracker","Hermit","Marisa????????","Minty Spire (QoL Compilation)","Permanent Neow","Quick Restart","Rare Cards Sparkle","Relic Stats","Robot Space Explorer","StSLib","SuperFastMode","The Hierophant","The Servant 0.9.4","Weighted Paths","slay the spire mod where everything is the same but ironclad has a cowboy hat"],"gold_per_floor":[359,244,259,277,289,289,303,303,303,328,355,355,390,400,400,500,500,513,525,538,553,553,553,578,28,28,39,66,66,66,85,85,186,186,197,197,215,17,36,36,62,74,101,117,117,117,117,143,143,143],"floor_reached":51,"language":"ENG","playtime":2257,"items_purged":["Shame","Defend_B","Wraith"],"score":878,"play_id":"f4628679-58ed-4ba1-bb16-6d6f5bbbd887","local_time":"20210128015646","is_ascension_mode":true,"campfire_choices":[{"floor":6,"key":"RECALL"},{"data":"Redo","floor":8,"key":"SMITH"},{"data":"Defragment","floor":12,"key":"SMITH"},{"data":"Zap","floor":15,"key":"SMITH"},{"data":"Seek","floor":23,"key":"SMITH"},{"data":"Dualcast","floor":30,"key":"SMITH"},{"data":"Coolheaded","floor":32,"key":"SMITH"},{"data":"Loop","floor":40,"key":"SMITH"},{"floor":45,"key":"REST"},{"data":"Buffer","floor":47,"key":"SMITH"},{"data":"Coolheaded","floor":49,"key":"SMITH"}],"circlet_count":0,"master_deck":["Strike_B","Strike_B","Defend_B","Zap+1","Dualcast+1","Redo+1","Self Repair","Cold Snap","Coolheaded+1","FTL","Reinforced Body","Defragment+1","Seek+1","Beam Cell+1","Ball Lightning+1","Loop+1","Coolheaded+1","Buffer+1","Loop+1","Defragment+1","Lockon+1"],"relics":["Cracked Core","Odd Mushroom","Thread and Needle","Matryoshka","Astrolabe","Pen Nib","Bronze Scales","Strange Spoon","PreservedInsect","Toy Ornithopter","Dream Catcher","Torii","Inserter","CaptainsWheel","Anchor","Strawberry","Pocketwatch"],"acts_visited":["Exordium","TheCity","TheBeyond"],"potions_floor_usage":[10,11,16,21,24,28,33,35,41,46],"damage_taken":[{"damage":2,"enemies":"Small Slimes","floor":1,"turns":2},{"damage":6,"enemies":"Cultist","floor":3,"turns":3},{"damage":5,"enemies":"2 Louse","floor":4,"turns":3},{"damage":0,"enemies":"Large Slime","floor":5,"turns":5},{"damage":4,"enemies":"2 Fungi Beasts","floor":7,"turns":4},{"damage":7,"enemies":"The Mushroom Lair","floor":10,"turns":4},{"damage":6,"enemies":"Lagavulin","floor":11,"turns":9},{"damage":23,"enemies":"Gremlin Nob","floor":13,"turns":5},{"damage":0,"enemies":"Red Slaver","floor":14,"turns":3},{"damage":2,"enemies":"The Guardian","floor":16,"turns":13},{"damage":1,"enemies":"Chosen","floor":18,"turns":4},{"damage":0,"enemies":"Shell Parasite","floor":19,"turns":4},{"damage":10,"enemies":"Shelled Parasite and Fungi","floor":20,"turns":5},{"damage":0,"enemies":"Centurion and Healer","floor":21,"turns":8},{"damage":19,"enemies":"Slavers","floor":24,"turns":7},{"damage":0,"enemies":"Snecko","floor":27,"turns":4},{"damage":21,"enemies":"Gremlin Leader","floor":28,"turns":4},{"damage":0,"enemies":"Chosen and Byrds","floor":31,"turns":4},{"damage":27,"enemies":"Automaton","floor":33,"turns":9},{"damage":11,"enemies":"Orb Walker","floor":35,"turns":3},{"damage":11,"enemies":"3 Shapes","floor":37,"turns":5},{"damage":21,"enemies":"Sphere and 2 Shapes","floor":39,"turns":4},{"damage":58,"enemies":"Nemesis","floor":41,"turns":5},{"damage":1,"enemies":"Writhing Mass","floor":42,"turns":4},{"damage":0,"enemies":"Transient","floor":44,"turns":5},{"damage":0,"enemies":"Reptomancer","floor":46,"turns":2},{"damage":9,"enemies":"Giant Head","floor":48,"turns":5},{"damage":1,"enemies":"Time Eater","floor":50,"turns":10}],"seed_played":"3246441940593696524","potions_obtained":[{"floor":4,"key":"EssenceOfSteel"},{"floor":5,"key":"AttackPotion"},{"floor":11,"key":"BlessingOfTheForge"},{"floor":16,"key":"ColorlessPotion"},{"floor":20,"key":"Dexterity Potion"},{"floor":21,"key":"Fruit Juice"},{"floor":24,"key":"Regen Potion"},{"floor":31,"key":"SneckoOil"},{"floor":35,"key":"DistilledChaos"},{"floor":37,"key":"SmokeBomb"},{"floor":44,"key":"SteroidPotion"}],"is_trial":false,"path_per_floor":["M","$","M","M","M","R","M","R","T","?","E","R","E","M","R","B",null,"M","M","M","M","?","R","E","$","T","M","E","$","R","M","R","B",null,"M","?","M","$","M","R","E","M","T","M","R","E","R","E","R","B",null],"character_chosen":"DEFECT","items_purchased":["Self Repair","Bronze Scales","Strange Spoon","PreservedInsect","Loop"],"campfire_rested":1,"item_purchase_floors":[2,25,25,25,38],"current_hp_per_floor":[73,73,74,75,75,75,75,75,75,75,75,75,59,66,66,71,75,75,75,72,80,80,80,68,68,68,75,75,75,75,80,80,65,80,76,76,72,72,58,58,12,18,25,32,58,70,70,68,68,74],"gold":143,"neow_bonus":"TWO_FIFTY_GOLD","is_daily":false,"chose_seed":false,"campfire_upgraded":9,"win_rate":0.0,"timestamp":1611820606,"path_taken":["M","$","M","M","M","R","M","R","T","?","E","R","E","M","R","BOSS","M","M","M","M","?","R","E","$","T","M","E","?","R","M","R","BOSS","M","?","M","$","M","R","E","M","T","M","R","E","R","E","R","BOSS"],"items_purchased_type":["Card","Relic","Relic","Relic","Card"],"build_version":"2020-12-22","purchased_purges":3,"victory":true,"max_hp_per_floor":[75,75,75,75,75,75,75,75,75,75,75,75,75,75,75,75,75,75,75,75,80,80,80,80,80,80,80,80,80,80,80,80,80,80,80,80,80,80,80,80,80,80,87,87,87,87,87,87,87,87],"relic_stats":{"Strange Spoon":[8],"Dream Catcher":1,"Inserter":[21],"Torii":5,"counters":[28,141],"Astrolabe":["Beam Cell","Ball Lightning","Loop"],"Bronze Scales":[183],"Pen Nib":[11],"PreservedInsect":276,"obtain_stats":[{"Inserter":34,"Torii":28,"Astrolabe":17,"Thread and Needle":11,"Pen Nib":24,"PreservedInsect":25,"Odd Mushroom":10,"Strange Spoon":25,"Dream Catcher":26,"CaptainsWheel":41,"Anchor":43,"Matryoshka":13,"Bronze Scales":25,"Strawberry":43,"Cracked Core":0,"Toy Ornithopter":26,"Pocketwatch":48},{"Inserter":19,"Torii":17,"Astrolabe":10,"Thread and Needle":7,"Pen Nib":15,"PreservedInsect":15,"Odd Mushroom":6,"Strange Spoon":15,"Dream Catcher":15,"CaptainsWheel":23,"Anchor":24,"Matryoshka":8,"Bronze Scales":15,"Strawberry":24,"Cracked Core":0,"Toy Ornithopter":15,"Pocketwatch":27},{"Inserter":98,"Torii":85,"Astrolabe":51,"Thread and Needle":30,"Pen Nib":77,"PreservedInsect":77,"Odd Mushroom":21,"Strange Spoon":77,"Dream Catcher":77,"CaptainsWheel":115,"Anchor":119,"Matryoshka":35,"Bronze Scales":77,"Strawberry":119,"Cracked Core":0,"Toy Ornithopter":77,"Pocketwatch":131}],"Toy Ornithopter":20,"Pocketwatch":[9]},"card_choices":[{"not_picked":["Gash","Lockon"],"picked":"Redo","floor":1},{"not_picked":["Rip and Tear","Fusion"],"picked":"Cold Snap","floor":3},{"not_picked":["Redo","Turbo"],"picked":"Coolheaded","floor":4},{"not_picked":["Stack","Lockon"],"picked":"FTL","floor":5},{"not_picked":["Rip and Tear","Tempest"],"picked":"Reinforced Body","floor":7},{"not_picked":["Double Energy","Doom and Gloom"],"picked":"Defragment","floor":11},{"not_picked":["Self Repair","Beam Cell","Undo"],"picked":"SKIP","floor":13},{"not_picked":["Beam Cell","Streamline","Barrage"],"picked":"SKIP","floor":14},{"not_picked":["Biased Cognition","Thunder Strike"],"picked":"Seek","floor":16},{"not_picked":["Aggregate","Gash","Sweeping Beam+1"],"picked":"SKIP","floor":18},{"not_picked":["Go for the Eyes","Steam","Conserve Battery"],"picked":"SKIP","floor":19},{"not_picked":["Steam+1","Go for the Eyes","Darkness"],"picked":"SKIP","floor":20},{"not_picked":["Steam Power","Rebound"],"picked":"Coolheaded","floor":21},{"not_picked":["Hello World","Consume","Beam Cell"],"picked":"SKIP","floor":24},{"not_picked":["Lockon","Reinforced Body","Beam Cell"],"picked":"SKIP","floor":27},{"not_picked":["Darkness","Turbo","Steam"],"picked":"SKIP","floor":28},{"not_picked":["Self Repair","Storm+1","Turbo"],"picked":"SKIP","floor":31},{"not_picked":["All For One","Biased Cognition"],"picked":"Buffer","floor":33},{"not_picked":["Sweeping Beam","Gash","Beam Cell+1"],"picked":"SKIP","floor":35},{"not_picked":["Darkness","Gash+1","Compile Driver+1"],"picked":"SKIP","floor":37},{"not_picked":["Go for the Eyes+1","Streamline","Ball Lightning+1"],"picked":"SKIP","floor":39},{"not_picked":["Glacier","Streamline+1"],"picked":"Defragment+1","floor":41},{"not_picked":["Redo","Steam","Streamline+1"],"picked":"SKIP","floor":42},{"not_picked":["Steam","Stack+1"],"picked":"Lockon+1","floor":44},{"not_picked":["Compile Driver","Hologram","Doom and Gloom"],"picked":"SKIP","floor":48}],"player_experience":34091,"relics_obtained":[{"floor":10,"key":"Odd Mushroom"},{"floor":11,"key":"Thread and Needle"},{"floor":13,"key":"Matryoshka"},{"floor":24,"key":"Pen Nib"},{"floor":26,"key":"Toy Ornithopter"},{"floor":26,"key":"Dream Catcher"},{"floor":28,"key":"Torii"},{"floor":41,"key":"CaptainsWheel"},{"floor":43,"key":"Anchor"},{"floor":43,"key":"Strawberry"},{"floor":48,"key":"Pocketwatch"}],"event_choices":[{"damage_healed":0,"gold_gain":0,"player_choice":"Fought Mushrooms","damage_taken":0,"max_hp_gain":0,"max_hp_loss":0,"event_name":"Mushrooms","floor":10,"gold_loss":0},{"cards_removed":["Defend_B"],"damage_healed":0,"gold_gain":0,"player_choice":"Offered Basic","damage_taken":0,"max_hp_gain":0,"max_hp_loss":0,"event_name":"Bonfire Elementals","floor":22,"gold_loss":0},{"damage_healed":0,"gold_gain":0,"player_choice":"Ignored","damage_taken":0,"max_hp_gain":0,"max_hp_loss":0,"event_name":"OrinTheCat","floor":36,"gold_loss":0}],"is_beta":false,"boss_relics":[{"not_picked":["Fusion Hammer","Empty Cage"],"picked":"Astrolabe"},{"not_picked":["Philosopher\u0027s Stone","Calling Bell"],"picked":"Inserter"}],"items_purged_floors":[2,25,38],"is_endless":false,"potions_floor_spawned":[4,5,11,16,20,21,24,31,35,37,44],"ascension_level":1}}