{"host":"uvmuduost5bzvojs","time":1611809800,"event":{"mods":["Aspiration","Bard","BaseMod","Better Match","Block Reminder","Conspire","Hermit","Highlight Path","Hubris","Infinite Spire","Jorbs\u0027s Wanderer Trilogy","Mad Scientist","Marisa????????","Mimic Mod","Minty Spire (QoL Compilation)","Potionbrewer","Replay The Spire","Robot Space Explorer","StSLib","The Blackbeard","The Construct","The Cursed","The Disciple","The Hayseed","The Hierophant","The Juggle","The Jungle","The Poker Player","The Runesmith","The Servant 0.9.4","The Spell Scribe","The Valiant","TheBandit"],"gold_per_floor":[20,20,54,92,104,104,118,118,118,118,66,66,85,85,85,185,185,205,220,231,231,248,248,264,315,362,380,305,305,305,322,322,322,322],"floor_reached":33,"language":"ENG","playtime":1386,"items_purged":[],"score":237,"play_id":"20c81b91-74cb-44c2-8460-21c2c6ef1161","local_time":"20210127235640","is_ascension_mode":false,"campfire_choices":[{"data":"bard:DiscordantVoice","floor":6,"key":"SMITH"},{"floor":8,"key":"REST"},{"data":"bard:Rhapsody","floor":10,"key":"SMITH"},{"data":"bard:MantleOfInspiration","floor":15,"key":"SMITH"},{"floor":23,"key":"REST"},{"data":"Pot Of Greed","floor":29,"key":"SMITH"},{"data":"Pot Of Greed","floor":32,"key":"SMITH"}],"circlet_count":0,"master_deck":["bard:Strike","bard:Strike","bard:Strike","bard:Strike","bard:Defend","bard:Defend","bard:Defend","bard:Riposte","bard:Inspire","bard:Rhapsody+1","bard:MantleOfInspiration+1","bard:DervishDance","bard:DiscordantVoice+1","bard:Thunderwave","bard:InspiringSong","bard:Thunderwave","bard:Shout","bard:Demoralize+1","bard:Shout","bard:ReverseGravity","bard:Balestra","Pot Of Greed+1","Pot Of Greed+1","infinitespire:Collect"],"relics":["bard:PitchPipe","bard:BagPipes","hubris:Towel","Omamori","Replay:Wax Seal","hubris:Metronome","Replay:Grab Bag","Busted Crown","conspire:RoyalGoblet","conspire:SpecialSausage","Grinning Jar","Bag of Marbles","Juzu Bracelet"],"acts_visited":["Exordium","TheCity"],"potions_floor_usage":[16,16,33,33],"damage_taken":[{"damage":1,"enemies":"Cultist","floor":1,"turns":3},{"damage":31,"enemies":"Jaw Worm","floor":3,"turns":12},{"damage":6,"enemies":"Jaw Worm","floor":5,"turns":4},{"damage":10,"enemies":"Small Slimes","floor":7,"turns":2},{"damage":2,"enemies":"Gremlin Gang","floor":13,"turns":2},{"damage":38,"enemies":"Fading Forest","floor":16,"turns":11},{"damage":13,"enemies":"2 Thieves","floor":18,"turns":2},{"damage":18,"enemies":"Spheric Guardian","floor":19,"turns":4},{"damage":23,"enemies":"Chosen and Byrds","floor":20,"turns":5},{"damage":35,"enemies":"Shelled Parasite and Fungi","floor":22,"turns":4},{"damage":0,"enemies":"Snake Plant","floor":24,"turns":2},{"damage":0,"enemies":"Chosen and Byrds","floor":27,"turns":5},{"damage":6,"enemies":"3 Cultists","floor":31,"turns":3},{"damage":22,"enemies":"Collector","floor":33,"turns":2}],"seed_played":"5288689244292456689","potions_obtained":[{"floor":1,"key":"Cursed Concoction"},{"floor":5,"key":"potionbrewer:AcidPotion"},{"floor":14,"key":"Fire Potion"},{"floor":16,"key":"potionbrewer:BarricadePotion"},{"floor":20,"key":"Fire Potion"}],"is_trial":false,"path_per_floor":["M","?","MIM","$","M","R","M","R","T","R","$","?","M","?","R","B",null,"M","M","M","?","M","R","M","T","T","M","?","R","AVR","M","R","B"],"character_chosen":"BARD","items_purchased":["bard:DiscordantVoice","bard:Thunderwave","bard:InspiringSong","bard:Demoralize+1"],"campfire_rested":2,"item_purchase_floors":[4,4,4,11],"current_hp_per_floor":[69,69,38,38,32,32,22,43,43,43,43,43,41,41,41,13,70,57,39,16,39,4,25,25,25,25,25,25,25,25,19,19,0,0],"gold":322,"neow_bonus":"THREE_RARE_CARDS","is_daily":false,"chose_seed":false,"campfire_upgraded":5,"win_rate":0.0,"timestamp":1611809800,"path_taken":["M","?","?","$","M","R","M","R","T","R","$","?","?","?","R","BOSS","M","M","?","?","M","R","M","?","T","M","?","R","AVR","M","R","BOSS"],"items_purchased_type":["Card","Card","Card","Card"],"build_version":"2020-12-22","purchased_purges":0,"victory":false,"max_hp_per_floor":[70,70,70,70,70,70,70,70,70,70,70,70,70,70,70,70,70,70,70,70,70,70,70,70,70,70,70,70,70,70,70,70,70,70],"card_choices":[{"not_picked":["bard:ReverseGravity","bard:CovetousAura"],"picked":"bard:Rhapsody","floor":0},{"not_picked":["bard:Thunderwave","bard:PhantasmalForce"],"picked":"bard:MantleOfInspiration","floor":1},{"not_picked":["bard:StudiedStrike","bard:GuardPoint"],"picked":"bard:DervishDance","floor":3},{"not_picked":["bard:Rest","bard:SplendidForm"],"picked":"bard:Thunderwave","floor":5},{"not_picked":["bard:QuickSong","bard:Greatness"],"picked":"bard:Shout","floor":7},{"not_picked":["bard:SongBolt","bard:Parry"],"picked":"bard:Shout","floor":13},{"not_picked":["bard:PowerWordStun","bard:SplendidForm"],"picked":"bard:ReverseGravity","floor":16},{"not_picked":[],"picked":"bard:Balestra","floor":18},{"not_picked":["bard:Greatness"],"picked":"SKIP","floor":19},{"not_picked":["bard:FalseLife+1"],"picked":"SKIP","floor":20},{"not_picked":["bard:InspiringSong"],"picked":"SKIP","floor":22},{"not_picked":["bard:Silence+1"],"picked":"SKIP","floor":24},{"not_picked":["bard:InspiringSong"],"picked":"SKIP","floor":27},{"not_picked":["bard:HideousLaughter+1"],"picked":"SKIP","floor":31}],"player_experience":1875995,"relics_obtained":[{"floor":3,"key":"Omamori"},{"floor":3,"key":"Replay:Wax Seal"},{"floor":9,"key":"hubris:Metronome"},{"floor":25,"key":"Grinning Jar"},{"floor":26,"key":"Bag of Marbles"}],"event_choices":[{"damage_healed":0,"gold_gain":0,"player_choice":"Ignored","damage_taken":0,"max_hp_gain":0,"max_hp_loss":0,"event_name":"Liars Game","floor":12,"gold_loss":0},{"damage_healed":0,"gold_gain":0,"player_choice":"Got Potions","damage_taken":0,"max_hp_gain":0,"max_hp_loss":0,"event_name":"Lab","floor":14,"gold_loss":0},{"damage_healed":23,"gold_gain":0,"player_choice":"Heal","damage_taken":0,"max_hp_gain":0,"max_hp_loss":0,"event_name":"The Library","floor":21,"gold_loss":0},{"cards_removed":["bard:Defend"],"damage_healed":0,"gold_gain":0,"player_choice":"Gave Gold","damage_taken":0,"max_hp_gain":0,"max_hp_loss":0,"event_name":"Beggar","floor":28,"gold_loss":75}],"is_beta":false,"boss_relics":[{"not_picked":["hubris:BlackHole","aspiration:IroncladSkillbook"],"picked":"Replay:Grab Bag"},{"not_picked":["Replay:Bronze Core","Abe\u0027s Treasure"],"picked":"Busted Crown"},{"not_picked":["hubris:VirtuousBlindfold","ReplayTheSpireMod:Onyx Gauntlets"],"picked":"conspire:RoyalGoblet"},{"not_picked":["Calling Bell","construct:WeddingRing"],"picked":"conspire:SpecialSausage"}],"items_purged_floors":[],"is_endless":false,"potions_floor_spawned":[1,5,16,20,27,31],"killed_by":"Collector","ascension_level":0}}