{"host":"ziko4uwynam20dv9","time":1611867626,"event":{"mods":["Aspiration","BaseMod","BetterRewards","Downfall","Hubris","Infinite Spire","Minty Spire (QoL Compilation)","Remilia??????","Replay The Spire","Shop Mod","StSLib","The Animator","The Jungle"],"gold_per_floor":[116,132,151,164,164,164,2,2,2,37,37,37,37],"floor_reached":12,"language":"FRA","playtime":363,"items_purged":[],"score":129,"play_id":"24e8759d-742c-44a9-bedd-a1c67b6eea97","local_time":"20210128220026","is_ascension_mode":true,"campfire_choices":[{"data":"ReplayTheSpireMod:LeadingStrike","floor":6,"key":"SMITH"},{"data":"Apotheosis","floor":8,"key":"SMITH"}],"circlet_count":0,"master_deck":["AscendersBane","Strike_R","Strike_R","Strike_R","Strike_R","Strike_R","Defend_R","Defend_R","Defend_R","Defend_R","Bash+1","ReplayReversal","Massacre","ReplayTheSpireMod:LeadingStrike+1","Apotheosis+1","Searing Blow"],"relics":["Burning Blood","Unceasing Top","Sundial"],"acts_visited":["Exordium"],"potions_floor_usage":[3,10],"damage_taken":[{"damage":2,"enemies":"2 Louse","floor":1,"turns":4},{"damage":4,"enemies":"Small Slimes","floor":2,"turns":4},{"damage":0,"enemies":"Cultist","floor":3,"turns":2},{"damage":12,"enemies":"Large Slime","floor":4,"turns":7},{"damage":39,"enemies":"Lagavulin","floor":10,"turns":6},{"damage":75,"enemies":"Gremlin Nob","floor":12,"turns":5}],"seed_played":"-8715279159563337787","potions_obtained":[{"floor":2,"key":"Fire Potion"},{"floor":10,"key":"BloodPotion"}],"is_trial":false,"path_per_floor":["M","M","M","M","?","R","$","R","T","E","?","E"],"character_chosen":"IRONCLAD","items_purchased":["Apotheosis"],"campfire_rested":0,"item_purchase_floors":[7],"current_hp_per_floor":[76,78,80,74,79,79,79,79,79,63,63,0,0],"gold":37,"neow_bonus":"RANDOM_EVENT","is_daily":false,"chose_seed":false,"campfire_upgraded":2,"win_rate":0.0,"timestamp":1611867626,"path_taken":["M","M","M","M","?","R","$","R","T","E","?","E"],"items_purchased_type":["Card"],"build_version":"2020-12-22","purchased_purges":0,"victory":false,"max_hp_per_floor":[80,80,80,80,85,85,85,85,85,85,85,85,85],"card_choices":[{"not_picked":["Feel No Pain","Dual Wield"],"picked":"Armaments","floor":1},{"not_picked":["Wild Strike","Heavy Blade"],"picked":"ReplayReversal","floor":2},{"not_picked":["hubris:ReadiedAction","Sever Soul"],"picked":"Massacre","floor":3},{"not_picked":["Warcry","Headbutt"],"picked":"ReplayTheSpireMod:LeadingStrike","floor":4},{"not_picked":["Bloodletting","Clothesline"],"picked":"Searing Blow","floor":10}],"player_experience":960916,"relics_obtained":[{"floor":9,"key":"Unceasing Top"},{"floor":10,"key":"Sundial"}],"event_choices":[{"damage_healed":0,"gold_gain":0,"player_choice":"Donut","damage_taken":0,"max_hp_gain":5,"max_hp_loss":0,"event_name":"Big Fish","floor":5,"gold_loss":0},{"cards_removed":["Armaments"],"damage_healed":0,"gold_gain":0,"player_choice":"Purged","damage_taken":0,"max_hp_gain":0,"max_hp_loss":0,"event_name":"Purifier","floor":11,"gold_loss":0}],"is_beta":false,"boss_relics":[],"items_purged_floors":[],"is_endless":false,"potions_floor_spawned":[2,10],"killed_by":"Gremlin Nob","ascension_level":13}}