{"host":"nowlnq08cups5y6x","time":1611797458,"event":{"mods":["2.2 Compatiblity","AchievementEnabler","Aspiration","BaseMod","Beaked The Cultist","Better Altar","Better Match","Better Note","Better Sensory Stone","Better Silent Start","Better Skull","Better Third Choice","BetterRewards","Card Forge","Colored Map","Colored Powertips","Conspire","Curses Come First","Defuse TimeMaze Blight","Energized Spire","Gold Saver","Grow up Mod","Halation","Highlight Path","Hubris","Infinite Spire","Minty Spire (QoL Compilation)","Permanent Neow","Rare Cards Sparkle","Remove Card Discount Mod","Replay The Spire","SacredBarkPlus","Shop Mod","Spicy Shops","StS++","StSLib","The Cursed","Transform Curses","UnlockEverythingMod"],"gold_per_floor":[6490,6490,6509,6556,6831,6831,6845,6845,6845,6858,6874,6884,6207,6207,6207,6322,6322,6345,6260,6260,5556,5587,5642,5582,5619,5619,5619,5641,4161,4224,4243,4243,4370,4370,4409,4441,4441,4441,4541,4603,4634,4679,4704,4741,4741,4794,4824,4845,4845,4871,4871,4871,4795,4839,4930],"floor_reached":56,"language":"ENG","playtime":4150,"items_purged":[],"score":2243,"play_id":"907f1a99-716c-4c3e-8e14-bddd49a7be05","local_time":"20210127203058","is_ascension_mode":true,"campfire_choices":[{"floor":6,"key":"RECALL"},{"floor":8,"key":"REST"},{"floor":15,"key":"REST"},{"data":"1","floor":27,"key":"LIFT"},{"data":"2","floor":32,"key":"LIFT"},{"data":"3","floor":45,"key":"LIFT"},{"floor":49,"key":"DIG"}],"circlet_count":0,"master_deck":["beaked:AwakenedForm+1","beaked:Strike_Y","beaked:Strike_Y","beaked:Strike_Y","beaked:Strike_Y","beaked:Strike_Y","beaked:Strike_Y","beaked:Defend_Y+1","beaked:Defend_Y","beaked:Defend_Y","beaked:Defend_Y","beaked:Ceremony+1","beaked:Ceremony+1","beaked:Ceremony+1","beaked:Pecker+1","beaked:Roost+1","beaked:Brace","beaked:BloodRitual+1","beaked:RuinSticks","beaked:Foresight","beaked:DarkTribute+1","beaked:CheekyTricks","beaked:DarkPact+1","beaked:Hexing","J.A.X.+1","beaked:MimicMachine+1","beaked:Insight","beaked:Windmill+1","beaked:KnowThyFoe+1","beaked:BarbedWire+1","beaked:Evade+1","beaked:Windmill+1","Poisoned Strike+1","Pot Of Greed+1","Pot Of Greed+1","Pot Of Greed+1","beaked:MimicWarrior+1","beaked:TuckingFeathers","beaked:DarkPact","Pot Of Greed","beaked:Windmill","Amplify","beaked:Windmill+1","beaked:Foresight+1","infinitespire:FutureSight","beaked:Overpower+1","Parasite","beaked:Overpower+1","beaked:Daydream+1","beaked:TuckingFeathers+1","Pot Of Greed","beaked:BounceBack","beaked:DigDeep","beaked:Windmill","beaked:Insight+1","beaked:Evade","beaked:StunningBlow","beaked:Recite"],"relics":["beaked:MendingPlumage","Hammer of Thor","Seething Fire","Anvil of the Gods","halation:LettersToHer","Replay:Bandana","MerchantsRug","Girya","halation:IllGainedPizza","Frozen Eye","halation:BottledLove","halation:PenCase","beaked:ShinyBauble","hubris:BottledRain","Medical Kit","StSpp:WoodenPendulum","OrangePellets","Replay:Ringing Soul","Onion Ring","Grinning Jar","Prayer Wheel","hubris:Towel","hubris:DisguiseKit","Mummified Hand","infinitespire:Lucky Rock","Toy Ornithopter","War Paint","Replay:Winged Headress","ReplayTheSpireMod:Ninjato"],"acts_visited":["Exordium","TheCity","TheBeyond","TheEnding"],"potions_floor_usage":[16,16,33,35,42,46,46,46,46,46],"damage_taken":[{"damage":28,"enemies":"Jaw Worm","floor":1,"turns":4},{"damage":16,"enemies":"Cultist","floor":3,"turns":4},{"damage":11,"enemies":"2 Louse","floor":7,"turns":3},{"damage":73,"enemies":"Exordium Thugs","floor":10,"turns":6},{"damage":46,"enemies":"Blue Slaver","floor":11,"turns":5},{"damage":49,"enemies":"2 Fungi Beasts","floor":12,"turns":6},{"damage":34,"enemies":"Slime Boss","floor":16,"turns":8},{"damage":95,"enemies":"3 Byrds","floor":18,"turns":9},{"damage":46,"enemies":"Spheric Guardian","floor":22,"turns":5},{"damage":119,"enemies":"Replay:Snechameleon","floor":23,"turns":10},{"damage":93,"enemies":"Snecko","floor":25,"turns":9},{"damage":35,"enemies":"Snake Plant","floor":28,"turns":2},{"damage":56,"enemies":"Book of Stabbing","floor":30,"turns":5},{"damage":49,"enemies":"conspire:HollyBat","floor":31,"turns":8},{"damage":73,"enemies":"conspire:MysteriousRune","floor":33,"turns":8},{"damage":66,"enemies":"3 Darklings","floor":35,"turns":4},{"damage":91,"enemies":"3 Shapes","floor":36,"turns":6},{"damage":86,"enemies":"R_Hoarder","floor":40,"turns":10},{"damage":37,"enemies":"Writhing Mass","floor":41,"turns":5},{"damage":116,"enemies":"Reptomancer","floor":42,"turns":5},{"damage":34,"enemies":"Spire Growth","floor":44,"turns":6},{"damage":19,"enemies":"Giant Head","floor":46,"turns":4},{"damage":66,"enemies":"Maw","floor":47,"turns":6},{"damage":45,"enemies":"4 Shapes","floor":48,"turns":5},{"damage":58,"enemies":"conspire:OrnateMirror","floor":50,"turns":5},{"damage":63,"enemies":"Shield and Spear","floor":54,"turns":4},{"damage":155,"enemies":"The Heart","floor":55,"turns":7}],"seed_played":"-1036534071811266461","potions_obtained":[{"floor":10,"key":"Doom Potion"},{"floor":11,"key":"DistilledChaos"},{"floor":12,"key":"Elixir"},{"floor":16,"key":"Weak Potion"},{"floor":25,"key":"AttackPotion"},{"floor":31,"key":"beaked:MendingBrew"},{"floor":33,"key":"EntropicBrew"},{"floor":41,"key":"Energy Potion"},{"floor":42,"key":"SmokeBomb"},{"floor":54,"key":"Energy Potion"}],"is_trial":false,"path_per_floor":["M","?","M","T","?","R","M","R","T","M","M","M","$","?","R","B",null,"M","?","?","$","M","E","?","M","T","R","M","$","E","M","R","B",null,"M","M","?","?","?","E","M","E","T","M","R","E","M","M","R_BF","B",null,"R","$","E","B",null],"character_chosen":"BEAKED_THE_CULTIST","items_purchased":["halation:Thesaurus","Replay:Bandana","beaked:DarkTribute","MerchantsRug","beaked:CheekyTricks","halation:IllGainedPizza","Frozen Eye","halation:BottledLove","beaked:MimicMachine","beaked:Insight","beaked:Windmill","hubris:BottledRain","Medical Kit","StSpp:WoodenPendulum","OrangePellets","Poisoned Strike","Replay:Ringing Soul","Onion Ring","Replay:Winged Headress"],"campfire_rested":2,"item_purchase_floors":[13,13,13,13,13,21,21,21,21,21,21,29,29,29,29,29,29,29,53],"current_hp_per_floor":[46,63,65,75,85,95,101,140,150,99,76,51,61,71,141,210,228,233,243,253,263,249,286,296,244,254,264,250,260,343,343,353,365,401,372,317,330,340,350,328,489,418,428,441,451,537,516,524,534,548,596,606,616,584,491],"gold":4930,"neow_bonus":"NOSTALGIA","is_daily":false,"chose_seed":false,"campfire_upgraded":0,"win_rate":0.0,"timestamp":1611797458,"path_taken":["M","?","?","?","?","R","M","R","T","?","M","M","$","?","R","BOSS","M","?","?","$","M","E","?","M","T","R","M","$","E","M","R","BOSS","M","M","?","?","?","E","M","E","T","?","R","E","M","?","R_BF","BOSS","R","$","E","BOSS"],"items_purchased_type":["Relic","Relic","Card","Relic","Card","Relic","Relic","Relic","Card","Card","Card","Relic","Relic","Relic","Relic","Card","Relic","Relic","Relic"],"build_version":"2020-12-22","purchased_purges":0,"victory":true,"max_hp_per_floor":[70,80,90,100,110,120,130,140,150,160,170,180,190,200,210,220,230,240,250,260,270,280,290,300,310,320,330,340,350,363,376,386,399,409,422,435,448,458,468,481,494,507,517,530,540,553,566,579,589,599,609,619,629,642,652],"card_choices":[{"not_picked":["beaked:SurvivalInstinct","beaked:Resilience"],"picked":"beaked:Pecker","floor":1},{"not_picked":["beaked:Struggle","beaked:Tradeoff"],"picked":"beaked:Roost","floor":3},{"not_picked":["beaked:CursingBlood","beaked:Foresight"],"picked":"beaked:Brace","floor":7},{"not_picked":["beaked:WarriorEssence","beaked:Cower"],"picked":"beaked:BloodRitual","floor":10},{"not_picked":["beaked:SacrificialDive","beaked:Cower"],"picked":"beaked:RuinSticks","floor":11},{"not_picked":["beaked:SurvivalInstinct","beaked:Redirect"],"picked":"beaked:Foresight","floor":12},{"not_picked":["beaked:ShadowFade","beaked:FakeOut"],"picked":"beaked:DarkPact","floor":16},{"not_picked":["beaked:Brace","beaked:Tweet+1"],"picked":"beaked:Hexing","floor":18},{"not_picked":["beaked:FeelMyPain","beaked:Tweet"],"picked":"beaked:KnowThyFoe","floor":22},{"not_picked":["beaked:WarriorSpirit+1","ReplayTheSpireMod:Wings of Steel"],"picked":"beaked:BarbedWire","floor":23},{"not_picked":["beaked:SacrificialDive","beaked:Flinch+1"],"picked":"beaked:Evade","floor":25},{"not_picked":["ReplayTheSpireMod:RavenHex","beaked:Poke+1"],"picked":"beaked:Windmill+1","floor":28},{"not_picked":["beaked:Mantra","beaked:Brace","beaked:SurvivalInstinct","beaked:BloodForTheGods"],"picked":"beaked:MimicWarrior","floor":30},{"not_picked":["beaked:WarriorSpirit","beaked:Poke+1","beaked:Brainwash","beaked:SurvivalInstinct"],"picked":"beaked:TuckingFeathers","floor":31},{"not_picked":["beaked:FakeOut","beaked:FullHouse","beaked:Sacrifice","beaked:Brainwash"],"picked":"beaked:DarkPact","floor":33},{"not_picked":["beaked:TuckingFeathers+1","beaked:WarriorEssence","beaked:FeelMyPain+1","beaked:Resilience+1"],"picked":"beaked:Windmill","floor":35},{"not_picked":["beaked:Foresight","beaked:DigDeep+1","beaked:FeelMyPain+1","beaked:WindBringer"],"picked":"beaked:Windmill+1","floor":36},{"not_picked":["beaked:Negation","beaked:RuinSticks","beaked:Insight+1","beaked:Tweet+1"],"picked":"beaked:Foresight","floor":36},{"not_picked":["infinitespire:FinalStrike","infinitespire:TheBestDefense"],"picked":"infinitespire:FutureSight","floor":37},{"not_picked":["beaked:Caw","beaked:BraceForImpact+1","beaked:VigorBurst+1","beaked:Hexing"],"picked":"beaked:Overpower+1","floor":40},{"not_picked":["ReplayTheSpireMod:RavenHex","beaked:FullHouse","beaked:BloodRitual","beaked:SurvivalInstinct","Hologram"],"picked":"beaked:Overpower+1","floor":41},{"not_picked":["beaked:BounceBack","beaked:Resilience+1","beaked:Flinch","beaked:TuckingFeathers","Conserve Battery"],"picked":"beaked:Daydream+1","floor":41},{"not_picked":["ReplayTheSpireMod:Wings of Steel+1","beaked:SurvivalInstinct+1","ReplayTheSpireMod:Prepare the Ceremony+1","beaked:Poke+1","Coolheaded"],"picked":"beaked:TuckingFeathers+1","floor":42},{"not_picked":["beaked:Redirect","beaked:BloodForTheGods","beaked:SacrificialAttack+1","beaked:Resilience","Streamline"],"picked":"beaked:BounceBack","floor":44},{"not_picked":["beaked:Resilience+1","beaked:Hexing","beaked:SacrificialAttack+1","beaked:Brace","beaked:Insight","Aggregate"],"picked":"SKIP","floor":44},{"not_picked":["beaked:Resilience+1","ReplayTheSpireMod:RavenHex+1","beaked:DigDeeper","beaked:BraceForImpact+1","Sweeping Beam"],"picked":"beaked:DigDeep","floor":46},{"not_picked":["beaked:MachineSpirit","beaked:Foresight+1","beaked:BraceForImpact+1","beaked:WarriorEssence+1","Turbo"],"picked":"beaked:Windmill","floor":47},{"not_picked":["beaked:Resilience","beaked:SurvivalInstinct+1","beaked:Hexing","beaked:CursingBlood+1","Hologram"],"picked":"beaked:Insight+1","floor":47},{"not_picked":["beaked:Insight+1","beaked:Brace","beaked:FeelMyPain","beaked:Foresight+1","Rebound"],"picked":"beaked:Evade","floor":48},{"not_picked":["beaked:Redirect+1","beaked:BraceForImpact+1","beaked:DigDeep","beaked:Devastation+1","Loop"],"picked":"beaked:StunningBlow","floor":48},{"not_picked":["beaked:Hexing","beaked:MimicWarrior+1","beaked:RitualOfBody+1","beaked:Resilience","Gash"],"picked":"beaked:Recite","floor":54}],"player_experience":465290,"relics_obtained":[{"floor":9,"key":"halation:LettersToHer"},{"floor":23,"key":"halation:PenCase"},{"floor":26,"key":"halation:LettersToHer"},{"floor":26,"key":"beaked:ShinyBauble"},{"floor":30,"key":"Grinning Jar"},{"floor":40,"key":"hubris:DisguiseKit"},{"floor":42,"key":"Mummified Hand"},{"floor":43,"key":"halation:LettersToHer"},{"floor":43,"key":"infinitespire:Lucky Rock"},{"floor":46,"key":"Toy Ornithopter"},{"floor":49,"key":"War Paint"},{"floor":54,"key":"ReplayTheSpireMod:Ninjato"}],"event_choices":[{"damage_healed":0,"gold_gain":275,"player_choice":"Desecrate","damage_taken":0,"max_hp_gain":0,"max_hp_loss":0,"event_name":"Golden Shrine","floor":5,"gold_loss":0,"cards_obtained":["Regret"]},{"damage_healed":0,"gold_gain":0,"player_choice":"Leave","damage_taken":0,"max_hp_gain":0,"max_hp_loss":0,"event_name":"conspire:Investor","floor":14,"gold_loss":0},{"damage_healed":0,"gold_gain":0,"player_choice":"Obtained Relic","damage_taken":0,"relics_obtained":["Girya"],"max_hp_gain":0,"max_hp_loss":0,"event_name":"Addict","floor":19,"gold_loss":85},{"damage_healed":0,"gold_gain":0,"player_choice":"Obtain J.A.X.","damage_taken":0,"max_hp_gain":0,"max_hp_loss":0,"event_name":"Drug Dealer","floor":20,"gold_loss":0,"cards_obtained":["J.A.X."]},{"damage_healed":0,"gold_gain":100,"player_choice":"Pray","damage_taken":0,"max_hp_gain":0,"max_hp_loss":0,"event_name":"Golden Shrine","floor":39,"gold_loss":0}],"is_beta":false,"boss_relics":[{"not_picked":["Sozu","halation:SmartPhone","Empty Cage"]},{"not_picked":["hubris:RunicObelisk","halation:Yufonium","hubris:Stopwatch"]}],"items_purged_floors":[],"is_endless":false,"potions_floor_spawned":[10,11,12,16,25,28,31,33,35,41,42,44,54],"ascension_level":9}}