{"host":"6a9c3xws62y7efyw","time":1611801761,"event":{"mods":["BaseMod","Colored Map","Minty Spire (QoL Compilation)","Relic Stats","StSLib"],"gold_per_floor":[119,136,156,306,70,103,103,117,140,152,10,10,24,44,44,118,118,134,148,36,36,51,51,79,79,79,107,126,156,156,156,156,227,227,245,245,265,285,295,295,295],"floor_reached":40,"language":"ENG","playtime":3126,"items_purged":["Doubt","Strike_G"],"score":996,"play_id":"08476f69-fe4d-4ff2-8ecf-84de36545047","local_time":"20210127184241","is_ascension_mode":true,"campfire_choices":[{"data":"Blade Dance","floor":10.0,"key":"SMITH"},{"data":"Die Die Die","floor":12.0,"key":"SMITH"},{"data":"Blade Dance","floor":15.0,"key":"SMITH"},{"data":"Cloak And Dagger","floor":23,"key":"SMITH"},{"data":"Well Laid Plans","floor":25,"key":"SMITH"},{"data":"Neutralize","floor":30,"key":"SMITH"},{"floor":32,"key":"REST"}],"circlet_count":0,"master_deck":["AscendersBane","Strike_G+1","Strike_G+1","Strike_G+1","Strike_G+1","Defend_G+1","Defend_G+1","Defend_G+1","Defend_G+1","Defend_G+1","Survivor","Neutralize+1","Die Die Die+1","Dagger Throw","A Thousand Cuts+1","Dash","Blade Dance+1","Well Laid Plans+1","Backflip","Blade Dance+1","Dash+1","Corpse Explosion","Slice+1","PiercingWail","Cloak And Dagger+1","Blur","Acrobatics","Infinite Blades","Sucker Punch+1","Tools of the Trade","CurseOfTheBell","Deflect+1","Escape Plan","Crippling Poison"],"relics":["Ring of the Snake","Pen Nib","Bag of Marbles","MawBank","WristBlade","Bronze Scales","Whetstone","Shuriken","Ancient Tea Set","Calling Bell","Dream Catcher","Darkstone Periapt","TungstenRod"],"acts_visited":["Exordium","TheCity","TheBeyond"],"potions_floor_usage":[19,27,29,29,40],"damage_taken":[{"damage":4.0,"enemies":"Jaw Worm","floor":1.0,"turns":5.0},{"damage":1.0,"enemies":"Small Slimes","floor":2.0,"turns":4.0},{"damage":0.0,"enemies":"2 Louse","floor":3.0,"turns":1.0},{"damage":17.0,"enemies":"3 Sentries","floor":6.0,"turns":10.0},{"damage":1.0,"enemies":"Red Slaver","floor":8.0,"turns":4.0},{"damage":0.0,"enemies":"3 Louse","floor":13.0,"turns":2.0},{"damage":0.0,"enemies":"Exordium Wildlife","floor":14.0,"turns":1.0},{"damage":12.0,"enemies":"Hexaghost","floor":16.0,"turns":8.0},{"damage":0.0,"enemies":"Chosen","floor":18.0,"turns":3.0},{"damage":0,"enemies":"Shell Parasite","floor":19,"turns":1},{"damage":0,"enemies":"Centurion and Healer","floor":22,"turns":4},{"damage":0,"enemies":"Gremlin Leader","floor":24,"turns":5},{"damage":4,"enemies":"Book of Stabbing","floor":27,"turns":4},{"damage":0,"enemies":"Snake Plant","floor":28,"turns":1},{"damage":23,"enemies":"Gremlin Leader","floor":29,"turns":5},{"damage":40,"enemies":"Champ","floor":33,"turns":7},{"damage":0,"enemies":"3 Shapes","floor":35,"turns":10},{"damage":16,"enemies":"Orb Walker","floor":37,"turns":3},{"damage":17,"enemies":"Writhing Mass","floor":38,"turns":5},{"damage":10,"enemies":"Sphere and 2 Shapes","floor":39,"turns":4},{"damage":30,"enemies":"Reptomancer","floor":40,"turns":2}],"seed_played":"-6946594044657566141","potions_obtained":[{"floor":2.0,"key":"Strength Potion"},{"floor":8.0,"key":"AttackPotion"},{"floor":16.0,"key":"SteroidPotion"},{"floor":22,"key":"DuplicationPotion"},{"floor":27,"key":"ColorlessPotion"},{"floor":39,"key":"Regen Potion"}],"is_trial":false,"path_per_floor":["M","M","M","?","$","E","?","M","T","R","$","R","M","M","R","B",null,"M","M","$","?","M","R","E","R","T","E","M","E","R","?","R","B",null,"M","?","M","M","M","E"],"character_chosen":"THE_SILENT","items_purchased":["Pen Nib","Backflip","Cloak And Dagger","AttackPotion"],"campfire_rested":1,"item_purchase_floors":[5,11,20,20],"current_hp_per_floor":[40,39,39,39,39,22,22,21,21,21,21,21,21,21,21,9,52,52,52,52,52,52,52,52,52,52,48,48,25,25,25,44,4,51,51,51,35,18,8,0,0],"gold":295,"neow_bonus":"THREE_RARE_CARDS","is_daily":false,"chose_seed":false,"campfire_upgraded":6,"win_rate":0.0,"timestamp":1611801761,"path_taken":["M","M","M","?","$","E","?","M","T","R","?","R","M","M","R","BOSS","M","M","$","?","M","R","E","R","T","E","M","E","R","?","R","BOSS","M","?","M","?","M","E"],"items_purchased_type":["Relic","Card","Card","Potion"],"build_version":"2020-12-22","purchased_purges":2,"victory":false,"max_hp_per_floor":[66,66,66,66,66,66,66,66,66,66,66,66,66,66,66,66,66,66,66,66,66,66,66,66,66,66,66,66,66,66,66,66,66,66,66,66,66,66,66,66,66],"relic_stats":{"Darkstone Periapt":0,"Dream Catcher":0,"counters":[21,89],"Shuriken":[21],"Bronze Scales":[112],"Pen Nib":[20],"Whetstone":["Dash","Slice"],"MawBank":24,"obtain_stats":[{"Darkstone Periapt":34,"Pen Nib":5,"Whetstone":26,"MawBank":9,"Ancient Tea Set":29,"Calling Bell":34,"Dream Catcher":34,"WristBlade":17,"Shuriken":27,"Bronze Scales":24,"Bag of Marbles":6,"TungstenRod":34,"Ring of the Snake":0},{"Darkstone Periapt":16,"Pen Nib":3,"Whetstone":12,"MawBank":5,"Ancient Tea Set":15,"Calling Bell":16,"Dream Catcher":16,"WristBlade":8,"Shuriken":13,"Bronze Scales":12,"Bag of Marbles":4,"TungstenRod":16,"Ring of the Snake":0},{"Darkstone Periapt":65,"Pen Nib":10,"Whetstone":48,"MawBank":24,"Ancient Tea Set":58,"Calling Bell":65,"Dream Catcher":65,"WristBlade":35,"Shuriken":52,"Bronze Scales":48,"Bag of Marbles":20,"TungstenRod":65,"Ring of the Snake":0}],"TungstenRod":12,"Ring of the Snake":[42]},"card_choices":[{"not_picked":["Malaise","Grand Finale"],"picked":"Die Die Die","floor":0.0},{"not_picked":["PiercingWail","Outmaneuver"],"picked":"Dagger Throw","floor":1.0},{"not_picked":["Cloak And Dagger","Prepared"],"picked":"A Thousand Cuts","floor":2.0},{"not_picked":["Flying Knee","Quick Slash"],"picked":"Dash","floor":3.0},{"not_picked":["Underhanded Strike","Eviscerate"],"picked":"Blade Dance","floor":6.0},{"not_picked":["PiercingWail","Expertise"],"picked":"Well Laid Plans","floor":8.0},{"not_picked":["Quick Slash","Slice"],"picked":"Blade Dance","floor":13.0},{"not_picked":["Flechettes","Flying Knee"],"picked":"Dash","floor":14.0},{"not_picked":["Phantasmal Killer","Venomology"],"picked":"Corpse Explosion","floor":16.0},{"not_picked":["Flying Knee","Choke"],"picked":"Slice","floor":18.0},{"not_picked":["Underhanded Strike+1","Deadly Poison"],"picked":"PiercingWail","floor":19},{"not_picked":["Poisoned Stab","Bouncing Flask"],"picked":"Blur","floor":22},{"not_picked":["Riddle With Holes","PiercingWail"],"picked":"Acrobatics","floor":24},{"not_picked":["Grand Finale","Escape Plan"],"picked":"Infinite Blades","floor":27},{"not_picked":["Choke","Acrobatics","Poisoned Stab"],"picked":"SKIP","floor":28},{"not_picked":["Infinite Blades","Underhanded Strike"],"picked":"Sucker Punch+1","floor":29},{"not_picked":["Die Die Die","Corpse Explosion"],"picked":"Tools of the Trade","floor":33},{"not_picked":["Acrobatics","Quick Slash"],"picked":"Deflect+1","floor":35},{"not_picked":["Poisoned Stab","Blade Dance"],"picked":"Escape Plan","floor":37},{"not_picked":["Blade Dance","All Out Attack"],"picked":"Crippling Poison","floor":38},{"not_picked":["Heel Hook","Choke+1","Underhanded Strike"],"picked":"SKIP","floor":39}],"player_experience":1427082,"relics_obtained":[{"floor":6.0,"key":"Bag of Marbles"},{"floor":9.0,"key":"MawBank"},{"floor":24,"key":"Bronze Scales"},{"floor":26,"key":"Whetstone"},{"floor":27,"key":"Shuriken"},{"floor":29,"key":"Ancient Tea Set"},{"floor":34,"key":"Dream Catcher"},{"floor":34,"key":"Darkstone Periapt"},{"floor":34,"key":"TungstenRod"}],"event_choices":[{"damage_healed":0.0,"max_hp_gain":0.0,"max_hp_loss":0.0,"gold_gain":150.0,"event_name":"Liars Game","player_choice":"AGREE","floor":4.0,"gold_loss":0.0,"damage_taken":0.0,"cards_obtained":["Doubt"]},{"damage_healed":0.0,"max_hp_gain":0.0,"max_hp_loss":0.0,"gold_gain":0.0,"event_name":"Living Wall","player_choice":"Grow","floor":7.0,"gold_loss":0.0,"damage_taken":0.0,"cards_upgraded":["A Thousand Cuts"]},{"damage_healed":0,"gold_gain":0,"player_choice":"Simplicity","damage_taken":0,"max_hp_gain":0,"max_hp_loss":0,"event_name":"Back to Basics","floor":21,"gold_loss":0,"cards_upgraded":["Strike_G","Strike_G","Strike_G","Strike_G","Defend_G","Defend_G","Defend_G","Defend_G","Defend_G"]},{"damage_healed":0,"gold_gain":0,"player_choice":"Ignored","damage_taken":0,"max_hp_gain":0,"max_hp_loss":0,"event_name":"The Mausoleum","floor":31,"gold_loss":0},{"damage_healed":0,"gold_gain":0,"player_choice":"Ignored","damage_taken":0,"max_hp_gain":0,"max_hp_loss":0,"event_name":"SecretPortal","floor":36,"gold_loss":0}],"is_beta":false,"boss_relics":[{"not_picked":["Ectoplasm","Black Star"],"picked":"WristBlade"},{"not_picked":["Velvet Choker","Tiny House"],"picked":"Calling Bell"}],"items_purged_floors":[5,11],"is_endless":false,"potions_floor_spawned":[2,8,16,22,24,27,39],"killed_by":"Reptomancer","ascension_level":20}}