{"host":"aqym1xxr3lb31d9m","time":1611836277,"event":{"mods":["BaseMod","Block Reminder","Colored Map","Colored Powertips","DeckTracker","Highlight Path","Minty Spire (QoL Compilation)","Quick Restart","Random Character Button","StSLib","SuperFastMode","UnlockEverythingMod"],"gold_per_floor":[367,386,386,461,480,480,630,630,657,223,237,162,206,231,231,322,322,342,56,56,56,79,118,118,118,118],"floor_reached":25,"language":"JPN","playtime":935,"items_purged":["Regret"],"score":438,"play_id":"6a6d9d3b-575e-4649-9d04-2e1455f6c935","local_time":"20210128211757","is_ascension_mode":true,"campfire_choices":[{"data":"Beam Cell","floor":6,"key":"SMITH"},{"data":"Zap","floor":8,"key":"SMITH"},{"floor":15,"key":"REST"},{"data":"Defragment","floor":24,"key":"SMITH"}],"circlet_count":0,"master_deck":["AscendersBane","Strike_B","Strike_B","Strike_B+1","Strike_B","Defend_B","Defend_B","Defend_B","Defend_B","Zap+1","Dualcast","Compile Driver","Cold Snap+1","Beam Cell+1","Hologram","Go for the Eyes","Streamline","Creative AI","Scrape","Electrodynamics","Hologram","Defragment+1","Sunder+1","Cold Snap","Fusion"],"relics":["Cracked Core","Golden Idol","Boot","Ornamental Fan","Whetstone","Nuclear Battery","OrangePellets","StrikeDummy"],"acts_visited":["Exordium","TheCity"],"potions_floor_usage":[11,13,22,23],"damage_taken":[{"damage":3,"enemies":"Cultist","floor":1,"turns":3},{"damage":12,"enemies":"Small Slimes","floor":2,"turns":3},{"damage":7,"enemies":"Jaw Worm","floor":5,"turns":3},{"damage":1,"enemies":"Looter","floor":11,"turns":2},{"damage":16,"enemies":"3 Sentries","floor":13,"turns":6},{"damage":2,"enemies":"2 Fungi Beasts","floor":14,"turns":3},{"damage":6,"enemies":"Slime Boss","floor":16,"turns":7},{"damage":0,"enemies":"Spheric Guardian","floor":18,"turns":3},{"damage":12,"enemies":"2 Thieves","floor":22,"turns":3},{"damage":38,"enemies":"Gremlin Leader","floor":23,"turns":6},{"damage":7,"enemies":"Snake Plant","floor":25,"turns":2}],"seed_played":"-7033529677156576570","potions_obtained":[{"floor":2,"key":"AttackPotion"},{"floor":5,"key":"AttackPotion"},{"floor":14,"key":"DistilledChaos"},{"floor":18,"key":"Energy Potion"},{"floor":23,"key":"FearPotion"}],"is_trial":false,"path_per_floor":["M","M","?","?","M","R","?","R","T","$","M","?","E","M","R","B",null,"M","$","?","?","M","E","R","M"],"character_chosen":"DEFECT","items_purchased":["Ornamental Fan","Hologram","Go for the Eyes","OrangePellets","Defragment","Sunder"],"campfire_rested":1,"item_purchase_floors":[10,10,10,19,19,19],"current_hp_per_floor":[61,49,49,38,31,31,31,31,31,31,30,30,14,12,31,25,54,54,54,54,54,42,4,4,0,0],"gold":118,"neow_bonus":"TWO_FIFTY_GOLD","is_daily":false,"chose_seed":false,"campfire_upgraded":3,"win_rate":0.0,"timestamp":1611836277,"path_taken":["M","M","?","?","M","R","?","R","T","$","?","?","E","M","R","BOSS","M","$","?","?","M","E","R","?"],"items_purchased_type":["Relic","Card","Card","Relic","Card","Card"],"build_version":"2020-12-22","purchased_purges":1,"victory":false,"max_hp_per_floor":[71,71,64,64,64,64,64,64,64,64,64,64,64,64,64,64,64,64,64,64,64,64,64,64,64,64],"card_choices":[{"not_picked":["Steam Power","Coolheaded"],"picked":"Compile Driver","floor":1},{"not_picked":["Consume","Compile Driver"],"picked":"Cold Snap","floor":2},{"not_picked":["BootSequence","Skim"],"picked":"Beam Cell","floor":5},{"not_picked":["Turbo","Skim"],"picked":"Streamline","floor":11},{"not_picked":["Meteor Strike","Stack"],"picked":"Creative AI","floor":13},{"not_picked":["Hello World","Hologram"],"picked":"Scrape","floor":14},{"not_picked":["Amplify","Seek"],"picked":"Electrodynamics","floor":16},{"not_picked":["Barrage","Blizzard"],"picked":"Hologram","floor":18},{"not_picked":["Reinforced Body","Coolheaded"],"picked":"Cold Snap","floor":22},{"not_picked":["Heatsinks","Rebound"],"picked":"Fusion","floor":23}],"player_experience":4120412,"relics_obtained":[{"floor":9,"key":"Boot"},{"floor":13,"key":"Whetstone"},{"floor":23,"key":"StrikeDummy"}],"event_choices":[{"damage_healed":0,"gold_gain":0,"player_choice":"Lose Max HP","damage_taken":0,"relics_obtained":["Golden Idol"],"max_hp_gain":0,"max_hp_loss":7,"event_name":"Golden Idol","floor":3,"gold_loss":0},{"damage_healed":0,"gold_gain":75,"player_choice":"Gather Gold","damage_taken":11,"max_hp_gain":0,"max_hp_loss":0,"event_name":"World of Goop","floor":4,"gold_loss":0},{"damage_healed":0,"gold_gain":150,"player_choice":"AGREE","damage_taken":0,"max_hp_gain":0,"max_hp_loss":0,"event_name":"Liars Game","floor":7,"gold_loss":0,"cards_obtained":["Doubt"]},{"cards_removed":["Doubt"],"damage_healed":0,"gold_gain":0,"player_choice":"Card Removal","damage_taken":0,"max_hp_gain":0,"max_hp_loss":0,"event_name":"The Cleric","floor":12,"gold_loss":75},{"damage_healed":0,"gold_gain":0,"player_choice":"Ignored","damage_taken":0,"max_hp_gain":0,"max_hp_loss":0,"event_name":"Vampires","floor":20,"gold_loss":0},{"damage_healed":0,"gold_gain":0,"player_choice":"Upgraded","damage_taken":0,"max_hp_gain":0,"max_hp_loss":0,"event_name":"Upgrade Shrine","floor":21,"gold_loss":0,"cards_upgraded":["Sunder"]}],"is_beta":false,"boss_relics":[{"not_picked":["Calling Bell","Astrolabe"],"picked":"Nuclear Battery"}],"items_purged_floors":[10],"is_endless":false,"potions_floor_spawned":[2,5,14,18,23],"killed_by":"Snake Plant","ascension_level":20}}