{"host":"y4sghvfd0ewtcchd","time":1611848001,"event":{"mods":["A Penny For Your Troubles","Aspiration","BaseMod","Better Altar","Better Debug","Better Note","Better Third Choice","BetterRewards","Block Reminder","Colored Map","Colored Powertips","Highlight Path","Hubris","Infinite Spire","Minty Spire (QoL Compilation)","Relic Sorter","Relic Stats","Replay The Spire","Robot Space Explorer","Shop Mod","Spicy Shops","StSLib","The Jungle","The Saiyan","Wide Potions"],"gold_per_floor":[122,151,151,174,199,199,199,199,199,224,224,247,291,314,314,416,416,450,480,512,540,565,565,615,615,615,644,688,732,732,763,763,945,945,1038,1147,1171,973,1069,1197,1312,1437,1437,1013,1013,1013,852,951,951,1050,1050,1050,1374,1521,1555],"floor_reached":56,"language":"ENG","playtime":3558,"items_purged":["Clumsy"],"score":4025,"play_id":"fe85b18c-76b2-4dac-9d2f-ec65c34d9a57","local_time":"20210128183321","is_ascension_mode":true,"campfire_choices":[{"data":"Infinite Blades","floor":6,"key":"SMITH"},{"floor":8,"key":"REST"},{"data":"hubris:Insight","floor":11,"key":"SMITH"},{"data":"Blur","floor":15,"key":"SMITH"},{"floor":23,"key":"REST"},{"floor":25,"key":"RECALL"},{"data":"Backstab","floor":30,"key":"SMITH"},{"data":"Acrobatics","floor":32,"key":"SMITH"},{"data":"Burst","floor":46,"key":"SMITH"},{"data":"Envenom","floor":49,"key":"SMITH"},{"data":"Blade Dance","floor":52,"key":"SMITH"}],"circlet_count":0,"master_deck":["AscendersBane","Survivor","Neutralize+1","Blade Dance+1","Thinking Ahead+1","Replay:Bootleg Shield Generator+1","ReplayTheSpireMod:Scrap Shanks","ReplayTheSpireMod:Speed Training","hubris:Insight+1","Infinite Blades+1","Prepared","Fluid Movement","Prepared","hubris:EnhanceAbility+1","Accuracy","Backstab+1","ReplayTheSpireMod:Shiv Toss","Underhanded Strike","Acrobatics+1","ReplayTheSpireMod:Scrap Shanks","Blur+1","Blade Dance+1","Bullet Time","Tactician","PiercingWail","Masterful Stab","Caltrops+1","Accuracy","Dagger Spray","Footwork","ReplayTheSpireMod:Scrap Shanks","Burst+1","hubris:Sniper","Bane","Underhanded Strike+1","Noxious Fumes","Caltrops","ReplayTheSpireMod:Speed Training","Replay:Bag of Tricks","ReplayTheSpireMod:Scrap Shanks","Catalyst","Escape Plan+1","Blade Dance+1","Tactician+1","Dagger Throw","Envenom+1","Poisoned Stab","ReplayTheSpireMod:Scrap Shanks","hubris:EnhanceAbility+1","Choke","Quick Slash","Bouncing Flask","Backflip","Well Laid Plans","Replay:Parry","HandOfGreed","Poison Darts"],"relics":["Ring of the Snake","Membership Card","Quantum Egg","Shuriken","Replay:Bandana","Guide Book","infinitespire:Lucky Rock","HornCleat","infinitespire:Satchel","Ice Cream","Pen Nib","Mummified Hand","Mercury Hourglass","Happy Flower","Sling","Onion Ring","Durian","aspiration:FetidBarrel","Question Card","hubris:TerracottaHorce","Sundial","hubris:MysteriousPyramids","Strawberry","infinitespire:EvilPickle","Pandora\u0027s Box","Pet Ghost","Whetstone","infinitespire:CheckeredPen","aspiration:VileToxins","aspiration:FrozenJewel","Bag of Preparation","Thread and Needle","aspiration:HatOfInfinitePower","infinitespire:Golems Mask","hubris:NiceRug","Replay:Kaleidoscope","hubris:ToyBattleship","DollysMirror","War Paint","infinitespire:FocusingShard","aspiration:Nostalgia","Sizzling Blood","hubris:Spice"],"acts_visited":["Exordium","TheCity","TheBeyond","TheEnding"],"potions_floor_usage":[4,18,24,28,33,39,50,55,55],"damage_taken":[{"damage":0,"enemies":"2 Louse","floor":1,"turns":2},{"damage":0,"enemies":"Small Slimes","floor":2,"turns":2},{"damage":0,"enemies":"Cultist","floor":4,"turns":1},{"damage":0,"enemies":"Looter","floor":5,"turns":1},{"damage":0,"enemies":"Blue Slaver","floor":10,"turns":1},{"damage":0,"enemies":"Exordium Wildlife","floor":12,"turns":2},{"damage":0,"enemies":"3 Sentries","floor":13,"turns":3},{"damage":0,"enemies":"2 Fungi Beasts","floor":14,"turns":1},{"damage":4,"enemies":"Hexaghost","floor":16,"turns":4},{"damage":10,"enemies":"Shell Parasite","floor":18,"turns":2},{"damage":7,"enemies":"Chosen","floor":19,"turns":4},{"damage":0,"enemies":"Shelled Parasite and Fungi","floor":20,"turns":1},{"damage":6,"enemies":"Cultist and Chosen","floor":21,"turns":6},{"damage":16,"enemies":"Snake Plant","floor":22,"turns":2},{"damage":0,"enemies":"Slavers","floor":24,"turns":3},{"damage":0,"enemies":"Centurion and Healer","floor":27,"turns":3},{"damage":0,"enemies":"Book of Stabbing","floor":28,"turns":2},{"damage":0,"enemies":"3 Cultists","floor":29,"turns":2},{"damage":0,"enemies":"Snake Plant","floor":31,"turns":1},{"damage":0,"enemies":"Pondfish","floor":33,"turns":6},{"damage":0,"enemies":"Orb Walker","floor":35,"turns":1},{"damage":0,"enemies":"3 Darklings","floor":36,"turns":3},{"damage":0,"enemies":"infinitespire:Three Voidlings","floor":37,"turns":2},{"damage":0,"enemies":"Sphere and 2 Shapes","floor":39,"turns":3},{"damage":0,"enemies":"R_Hoarder","floor":40,"turns":4},{"damage":0,"enemies":"4 Shapes","floor":41,"turns":1},{"damage":0,"enemies":"3 Darklings","floor":42,"turns":4},{"damage":0,"enemies":"Nemesis","floor":48,"turns":1},{"damage":0,"enemies":"infinitespire:MassOfShapes","floor":50,"turns":4},{"damage":0,"enemies":"hubris:Merchant","floor":53,"turns":2},{"damage":0,"enemies":"Shield and Spear","floor":54,"turns":2},{"damage":0,"enemies":"The Heart","floor":55,"turns":5}],"seed_played":"6337291901922567258","potions_obtained":[{"floor":2,"key":"Block Potion"},{"floor":4,"key":"Fruit Juice"},{"floor":13,"key":"GamblersBrew"},{"floor":14,"key":"Regen Potion"},{"floor":20,"key":"SteroidPotion"},{"floor":24,"key":"FearPotion"},{"floor":29,"key":"AttackPotion"},{"floor":33,"key":"Reflective Coating"},{"floor":36,"key":"Ancient Potion"},{"floor":39,"key":"LifebloodPotion"},{"floor":53,"key":"Block Potion"}],"is_trial":false,"path_per_floor":["M","M","?","M","M","R","?","R","T","M","R","M","E","M","R","B",null,"M","M","M","M","M","R","E","R","T","M","E","M","R","M","R","B",null,"M","M","?","$","M","E","M","M","T","$","?","R","$","E","R","B",null,"R","$","E","B",null],"character_chosen":"THE_SILENT","items_purchased":["Membership Card","Blade Dance+1","Quantum Egg","Thinking Ahead","Replay:Bootleg Shield Generator","ReplayTheSpireMod:Scrap Shanks","Shuriken","Replay:Bandana","Guide Book","ReplayTheSpireMod:Speed Training","infinitespire:Lucky Rock","HornCleat","hubris:Insight","infinitespire:Satchel","Ice Cream","Infinite Blades","Prepared","Pen Nib","Mummified Hand","Fluid Movement","Mercury Hourglass","Happy Flower","Sling","Prepared","hubris:EnhanceAbility","Onion Ring","Accuracy","Pet Ghost","Whetstone","Tactician+1","aspiration:VileToxins","aspiration:FrozenJewel","Bag of Preparation","Thread and Needle","aspiration:HatOfInfinitePower"],"campfire_rested":2,"item_purchase_floors":[0,0,0,0,0,0,0,0,0,0,0,0,0,0,0,0,0,0,0,0,0,0,0,0,0,0,0,38,38,38,44,44,44,44,47],"current_hp_per_floor":[26,26,26,38,38,38,38,64,64,64,64,64,64,64,64,60,80,75,68,68,62,46,72,72,72,72,72,79,79,79,79,79,79,90,90,90,90,90,90,90,90,90,90,90,90,90,90,90,90,90,93,93,97,106,106],"gold":1555,"neow_bonus":"","is_daily":false,"chose_seed":false,"campfire_upgraded":8,"win_rate":0.0,"timestamp":1611848001,"path_taken":["M","M","?","M","M","R","?","R","T","M","R","M","E","M","R","BOSS","M","?","M","M","M","R","E","R","T","M","E","M","R","M","R","BOSS","M","M","?","$","M","E","M","M","T","$","?","R","?","E","R","BOSS","R","$","E","BOSS"],"items_purchased_type":["Relic","Card","Relic","Card","Card","Card","Relic","Relic","Relic","Card","Relic","Relic","Card","Relic","Relic","Card","Card","Relic","Relic","Card","Relic","Relic","Relic","Card","Card","Relic","Card","Relic","Relic","Card","Relic","Relic","Relic","Relic","Relic"],"build_version":"2020-12-22","purchased_purges":1,"victory":true,"max_hp_per_floor":[75,75,75,87,87,87,87,87,87,87,87,87,87,87,87,87,87,87,87,87,87,87,87,87,87,87,87,94,94,94,94,94,94,94,94,94,94,94,94,94,94,94,94,94,94,94,94,94,94,94,94,94,98,106,106],"relic_stats":{"Happy Flower":[42],"counters":[519,2125],"Pen Nib":[30],"Bag of Preparation":[9],"Whetstone":["Underhanded Strike","Neutralize"],"War Paint":["Defend_G","hubris:Sniper","Blade Dance","Escape Plan"],"Question Card":44,"Mercury Hourglass":[343],"Shuriken":[68],"Mummified Hand":[135],"Sundial":[0],"Pandora\u0027s Box":["hubris:Sniper","Bane","Underhanded Strike","Noxious Fumes","Caltrops","ReplayTheSpireMod:Speed Training","Replay:Bag of Tricks","ReplayTheSpireMod:Scrap Shanks","Catalyst","Escape Plan"],"obtain_stats":[{"aspiration:SneckoTail":38,"Vampiric Spirits":46,"downfall:HeartBlessingGreen":10,"aspiration:PoetsPen_weak":17,"hubris:MysteriousPyramids":9,"Sling":55,"Ring of Searing":38,"Blood Vial":43,"Replay:Wanted Poster":34,"infinitespire:ShieldingShard":13,"hubris:HerbalPaste":0,"hubris:AstralHammer":40,"Replay:Bronze Core":34,"Fusion Hammer":34,"Replay:Bottled Flurry":46,"Replay:Bottled Steam":53,"hubris:MobiusCoin":6,"MerchantsRug":53,"Eternal Feather":53,"Pen Nib":25,"ReplayTheSpireMod:SealedPack":17,"infinitespire:Magic Flask":9,"infinitespire:EvilPickle":33,"infinitespire:Broken Mirror":54,"infinitespire:Lychee Nut":27,"Bird Faced Urn":39,"Unceasing Top":14,"hubris:Reverence":23,"Regal Pillow":29,"Torii":7,"Singing Bowl":25,"hubris:EmptyBottle":29,"Ancient Tea Set":5,"Pet Ghost":41,"Ring of Fangs":46,"hubris:Backtick":34,"infinitespire:Bottled Soul":43,"aspiration:AnachronicSnailShell":41,"Toolbox":53,"hubris:CuriousFeather":38,"Replay:Bottled Eggs":53,"infinitespire:Eraser":23,"InkBottle":25,"aspiration:ChemicalBlood":24,"Ring of the Snake":0,"Potion Belt":44,"Lee\u0027s Waffle":53,"Replay:M_StaffOfTheSnake":0,"Replay:Fungal Core":29,"NeowsBlessing":0,"hubris:64BitClover":0,"Golden Idol":10,"PreservedInsect":26,"infinitespire:Lucky Rock":26,"hubris:Towel":30,"Replay:Arrowhead":0,"Ornamental Fan":6,"hubris:Spice":42,"Art of War":37,"Garlic":11,"Durian":0,"infinitespire:Midas Blood":0,"hubris:BottledRain":17,"Ice Cream":44,"Calipers":23,"Gremlin Horn":38,"aspiration:Stabinomicon":22,"hubris:TerracottaHorce":48,"Sozu":17,"Centennial Puzzle":48,"Prayer Wheel":11,"Iron Hammer":54,"hubris:DuctTape":34,"ReplayTheSpireMod:CursedCoin":53,"Replay:Grab Bag":34,"Ring of Chaos":34,"SaiyanHeart":0,"aspiration:HiddenCompartment":29,"hubris:Zylophone":53,"hubris:PeanutButter":9,"Onion Ring":0,"infinitespire:EmpoweringShard":0,"aspiration:HatOfInfinitePower":37,"Mirror":9,"Pocketwatch":36,"aspiration:TomeofQuesting":38,"Snake Skull":7,"Juzu Bracelet":44,"Sizzling Blood":53,"hubris:RunicObelisk":17,"aspiration:StickyExplosives_weak":24,"Tough Bandages":9,"Dream Catcher":23,"Nunchaku":25,"hubris:Icosahedron":47,"TheAbacus":53,"Chameleon Ring":25,"aspiration:DefectSkillbook":34,"downfall:HeartBlessingBlue":18,"Red Mask":31,"Runic Pyramid":21,"hubris:KleinBottle":37,"Guide Book":0,"Replay:WaspNest":53,"infinitespire:FocusingShard":53,"Odd Mushroom":13,"Mercury Hourglass":6,"Calling Bell":47,"Strange Spoon":53,"Cauldron":53,"Pondfish Scales":29,"infinitespire:Satchel":31,"SaiyanSoul":0,"Bag of Marbles":6,"Membership Card":20,"hubris:AncientText":36,"FossilizedHelix":36,"hubris:OldNail":0,"TwistedFunnel":0,"infinitespire:BottledMercury":46,"Golden Egg":53,"Ginger":25,"Whetstone":29,"Bottled Tornado":0,"Boot":52,"aspiration:RitualStick":25,"Replay:Ringing Soul":43,"Sundial":24,"MealTicket":48,"hubris:DeckOfHolding":28,"infinitespire:Golems Mask":48,"Kunai":47,"Replay:Wax Seal":18,"hubris:TinFlute":53,"Pear":20,"Counterbalance":38,"ReplayTheSpireMod:Ring of Addiction":46,"hubris:SphereOfDissonance":0,"Replay:Ancient Bell":34,"aspiration:IroncladSkillbook":17,"aspiration:FrozenJewel":9,"SlaversCollar":17,"Pandora\u0027s Box":34,"hubris:TenFootPole":2,"infinitespire:PuzzleCube":24,"Abe\u0027s Treasure":17,"aspiration:Lifesprig":0,"Lantern":40,"hubris:Metronome":41,"Blue Doll":52,"Bag of Preparation":42,"Replay:Multitool":20,"Cursed Key":34,"Replay:Rubber Ducky":36,"Shovel":3,"Ring of Peace":38,"WingedGreaves":36,"Ring of Panic":10,"hubris:GlazedTorus":46,"aspiration:VileToxins":42,"downfall:HeartBlessingRed":10,"Basket Of Snakes":31,"Damaru":6,"Thread and Needle":53,"The Courier":41,"infinitespire:Joker Card":0,"Omamori":45,"infinitespire:CheckeredPen":43,"MawBank":41,"Busted Crown":17,"Orrery":0,"Turnip":19,"Bottled Lightning":52,"ReplayTheSpireMod:Onyx Gauntlets":34,"ReplayTheSpireMod:Lightbulb":0,"Toy Ornithopter":46,"hubris:CrystalStatue":41,"Vajra":12,"Lizard Tail":13,"HornCleat":0,"DollysMirror":20,"Strawberry":49,"aspiration:ArtOfWarUpgrade":49,"Toxic Egg 2":0,"Byrd Skull":41,"Happy Flower":43,"aspiration:Nostalgia":53,"Astrolabe":17,"Oddly Smooth Stone":10,"infinitespire:Beetle Shell":53,"aspiration:SeaSaltIceCream":41,"Letter Opener":31,"Replay:Kaleidoscope":53,"War Paint":9,"Question Card":25,"Replay:Baseball":29,"Bottled Flame":8,"ReplayTheSpireMod:Shallot":36,"Shuriken":0,"Bronze Scales":54,"Molten Egg 2":23,"ReplayTheSpireMod:TigerMarble":43,"Black Star":17,"hubris:ToyBattleship":53,"Grinning Jar":17,"Meat on the Bone":4,"ReplayFunnel":36,"Darkstone Periapt":24,"ReplayTheSpireMod:Ring of Exchange":3,"Replay:PocketPolymizer":31,"SacredBark":46,"Mango":20,"hubris:SlimyHat":36,"ClockworkSouvenir":53,"Replay:Bandana":0,"Mummified Hand":19,"Gambling Chip":0,"Pantograph":0,"infinitespire:Chaos":0,"Gremlin Food":21,"BargainBundle":0,"ReplayTheSpireMod:Ninjato":41,"infinitespire:CursedDice":8,"aspiration:FetidBarrel":9,"Quantum Egg":43,"ReplayTheSpireMod:Ring of Sloth":10,"infinitespire:EmptyRelic":0,"aspiration:HummingbirdHeart":0,"Orichalcum":47,"Anchor":37,"CaptainsWheel":17,"infinitespire:WardingShard":12,"ChewingGum":17,"Ring of Fury":19,"Snack Pack":0,"PureWater":0,"TungstenRod":29,"hubris:Potato":0,"hubris:NiceRug":53},{"aspiration:SneckoTail":478,"Vampiric Spirits":144,"downfall:HeartBlessingGreen":6,"aspiration:PoetsPen_weak":187,"hubris:MysteriousPyramids":97,"Sling":207,"Ring of Searing":83,"Blood Vial":85,"Replay:Wanted Poster":168,"infinitespire:ShieldingShard":70,"hubris:HerbalPaste":92,"hubris:AstralHammer":24,"Replay:Bronze Core":51,"Fusion Hammer":196,"Replay:Bottled Flurry":116,"Replay:Bottled Steam":321,"hubris:MobiusCoin":4,"MerchantsRug":32,"Eternal Feather":262,"Pen Nib":16,"ReplayTheSpireMod:SealedPack":244,"infinitespire:Magic Flask":37,"infinitespire:EvilPickle":51,"infinitespire:Broken Mirror":120,"infinitespire:Lychee Nut":473,"Bird Faced Urn":113,"Unceasing Top":186,"hubris:Reverence":223,"Regal Pillow":18,"Torii":4,"Singing Bowl":386,"hubris:EmptyBottle":18,"Ancient Tea Set":4,"Pet Ghost":24,"Ring of Fangs":27,"hubris:Backtick":196,"infinitespire:Bottled Soul":26,"aspiration:AnachronicSnailShell":114,"Toolbox":353,"hubris:CuriousFeather":54,"Replay:Bottled Eggs":32,"infinitespire:Eraser":249,"InkBottle":107,"aspiration:ChemicalBlood":15,"Ring of the Snake":0,"Potion Belt":86,"Lee\u0027s Waffle":177,"Replay:M_StaffOfTheSnake":371,"Replay:Fungal Core":165,"NeowsBlessing":371,"hubris:64BitClover":323,"Golden Idol":463,"PreservedInsect":223,"infinitespire:Lucky Rock":276,"hubris:Towel":136,"Replay:Arrowhead":371,"Ornamental Fan":151,"hubris:Spice":480,"Art of War":23,"Garlic":98,"Durian":487,"infinitespire:Midas Blood":92,"hubris:BottledRain":158,"Ice Cream":144,"Calipers":105,"Gremlin Horn":392,"aspiration:Stabinomicon":470,"hubris:TerracottaHorce":232,"Sozu":244,"Centennial Puzzle":29,"Prayer Wheel":329,"Iron Hammer":146,"hubris:DuctTape":196,"ReplayTheSpireMod:CursedCoin":60,"Replay:Grab Bag":196,"Ring of Chaos":22,"SaiyanHeart":0,"aspiration:HiddenCompartment":78,"hubris:Zylophone":401,"hubris:PeanutButter":153,"Onion Ring":487,"infinitespire:EmpoweringShard":323,"aspiration:HatOfInfinitePower":23,"Mirror":127,"Pocketwatch":112,"aspiration:TomeofQuesting":24,"Snake Skull":184,"Juzu Bracelet":481,"Sizzling Blood":517,"hubris:RunicObelisk":362,"aspiration:StickyExplosives_weak":191,"Tough Bandages":359,"Dream Catcher":384,"Nunchaku":472,"hubris:Icosahedron":144,"TheAbacus":401,"Chameleon Ring":445,"aspiration:DefectSkillbook":225,"downfall:HeartBlessingBlue":11,"Red Mask":279,"Runic Pyramid":74,"hubris:KleinBottle":23,"Guide Book":147,"Replay:WaspNest":60,"infinitespire:FocusingShard":517,"Odd Mushroom":156,"Mercury Hourglass":295,"Calling Bell":88,"Strange Spoon":262,"Cauldron":321,"Pondfish Scales":18,"infinitespire:Satchel":80,"SaiyanSoul":0,"Bag of Marbles":36,"Membership Card":13,"hubris:AncientText":112,"FossilizedHelix":169,"hubris:OldNail":264,"TwistedFunnel":121,"infinitespire:BottledMercury":58,"Golden Egg":401,"Ginger":250,"Whetstone":369,"Bottled Tornado":236,"Boot":32,"aspiration:RitualStick":367,"Replay:Ringing Soul":257,"Sundial":502,"MealTicket":59,"hubris:DeckOfHolding":77,"infinitespire:Golems Mask":144,"Kunai":88,"Replay:Wax Seal":11,"hubris:TinFlute":353,"Pear":189,"Counterbalance":24,"ReplayTheSpireMod:Ring of Addiction":27,"hubris:SphereOfDissonance":121,"Replay:Ancient Bell":253,"aspiration:IroncladSkillbook":42,"aspiration:FrozenJewel":67,"SlaversCollar":11,"Pandora\u0027s Box":137,"hubris:TenFootPole":180,"infinitespire:PuzzleCube":45,"Abe\u0027s Treasure":272,"aspiration:Lifesprig":62,"Lantern":171,"hubris:Metronome":200,"Blue Doll":32,"Bag of Preparation":85,"Replay:Multitool":335,"Cursed Key":111,"Replay:Rubber Ducky":23,"Shovel":2,"Ring of Peace":83,"WingedGreaves":140,"Ring of Panic":97,"hubris:GlazedTorus":88,"aspiration:VileToxins":257,"downfall:HeartBlessingRed":6,"Basket Of Snakes":224,"Damaru":67,"Thread and Needle":321,"The Courier":229,"infinitespire:Joker Card":323,"Omamori":27,"infinitespire:CheckeredPen":284,"MawBank":427,"Busted Crown":131,"Orrery":236,"Turnip":381,"Bottled Lightning":400,"ReplayTheSpireMod:Onyx Gauntlets":196,"ReplayTheSpireMod:Lightbulb":264,"Toy Ornithopter":27,"hubris:CrystalStatue":114,"Vajra":155,"Lizard Tail":216,"HornCleat":487,"DollysMirror":13,"Strawberry":30,"aspiration:ArtOfWarUpgrade":175,"Toxic Egg 2":291,"Byrd Skull":257,"Happy Flower":114,"aspiration:Nostalgia":517,"Astrolabe":380,"Oddly Smooth Stone":6,"infinitespire:Beetle Shell":32,"aspiration:SeaSaltIceCream":24,"Letter Opener":447,"Replay:Kaleidoscope":517,"War Paint":6,"Question Card":107,"Replay:Baseball":18,"Bottled Flame":127,"ReplayTheSpireMod:Shallot":112,"Shuriken":264,"Bronze Scales":120,"Molten Egg 2":105,"ReplayTheSpireMod:TigerMarble":26,"Black Star":100,"hubris:ToyBattleship":517,"Grinning Jar":158,"Meat on the Bone":94,"ReplayFunnel":169,"Darkstone Periapt":305,"ReplayTheSpireMod:Ring of Exchange":266,"Replay:PocketPolymizer":422,"SacredBark":27,"Mango":13,"hubris:SlimyHat":23,"ClockworkSouvenir":32,"Replay:Bandana":147,"Mummified Hand":43,"Gambling Chip":33,"Pantograph":403,"infinitespire:Chaos":371,"Gremlin Food":74,"BargainBundle":62,"ReplayTheSpireMod:Ninjato":143,"infinitespire:CursedDice":269,"aspiration:FetidBarrel":491,"Quantum Egg":56,"ReplayTheSpireMod:Ring of Sloth":97,"infinitespire:EmptyRelic":371,"aspiration:HummingbirdHeart":236,"Orichalcum":88,"Anchor":83,"CaptainsWheel":158,"infinitespire:WardingShard":243,"ChewingGum":333,"Ring of Fury":468,"Snack Pack":62,"PureWater":0,"TungstenRod":109,"hubris:Potato":179,"hubris:NiceRug":177},{"aspiration:SneckoTail":2014,"Vampiric Spirits":705,"downfall:HeartBlessingGreen":31,"aspiration:PoetsPen_weak":930,"hubris:MysteriousPyramids":480,"Sling":992,"Ring of Searing":418,"Blood Vial":426,"Replay:Wanted Poster":818,"infinitespire:ShieldingShard":356,"hubris:HerbalPaste":462,"hubris:AstralHammer":137,"Replay:Bronze Core":277,"Fusion Hammer":971,"Replay:Bottled Flurry":563,"Replay:Bottled Steam":1446,"hubris:MobiusCoin":22,"MerchantsRug":214,"Eternal Feather":1236,"Pen Nib":78,"ReplayTheSpireMod:SealedPack":1150,"infinitespire:Magic Flask":235,"infinitespire:EvilPickle":277,"infinitespire:Broken Mirror":585,"infinitespire:Lychee Nut":2002,"Bird Faced Urn":547,"Unceasing Top":919,"hubris:Reverence":1056,"Regal Pillow":94,"Torii":22,"Singing Bowl":1669,"hubris:EmptyBottle":94,"Ancient Tea Set":22,"Pet Ghost":137,"Ring of Fangs":167,"hubris:Backtick":971,"infinitespire:Bottled Soul":154,"aspiration:AnachronicSnailShell":555,"Toolbox":1548,"hubris:CuriousFeather":289,"Replay:Bottled Eggs":214,"infinitespire:Eraser":1173,"InkBottle":523,"aspiration:ChemicalBlood":72,"Ring of the Snake":0,"Potion Belt":431,"Lee\u0027s Waffle":867,"Replay:M_StaffOfTheSnake":1620,"Replay:Fungal Core":804,"NeowsBlessing":1620,"hubris:64BitClover":1452,"Golden Idol":1960,"PreservedInsect":1056,"infinitespire:Lucky Rock":1305,"hubris:Towel":656,"Replay:Arrowhead":1620,"Ornamental Fan":742,"hubris:Spice":2020,"Art of War":126,"Garlic":487,"Durian":2044,"infinitespire:Midas Blood":462,"hubris:BottledRain":773,"Ice Cream":705,"Calipers":517,"Gremlin Horn":1693,"aspiration:Stabinomicon":1993,"hubris:TerracottaHorce":1095,"Sozu":1150,"Centennial Puzzle":181,"Prayer Wheel":1463,"Iron Hammer":718,"hubris:DuctTape":971,"ReplayTheSpireMod:CursedCoin":314,"Replay:Grab Bag":971,"Ring of Chaos":116,"SaiyanHeart":0,"aspiration:HiddenCompartment":394,"hubris:Zylophone":1742,"hubris:PeanutButter":749,"Onion Ring":2044,"infinitespire:EmpoweringShard":1452,"aspiration:HatOfInfinitePower":126,"Mirror":610,"Pocketwatch":545,"aspiration:TomeofQuesting":137,"Snake Skull":909,"Juzu Bracelet":2023,"Sizzling Blood":2118,"hubris:RunicObelisk":1580,"aspiration:StickyExplosives_weak":948,"Tough Bandages":1565,"Dream Catcher":1660,"Nunchaku":1999,"hubris:Icosahedron":705,"TheAbacus":1742,"Chameleon Ring":1903,"aspiration:DefectSkillbook":1067,"downfall:HeartBlessingBlue":49,"Red Mask":1318,"Runic Pyramid":381,"hubris:KleinBottle":126,"Guide Book":725,"Replay:WaspNest":314,"infinitespire:FocusingShard":2118,"Odd Mushroom":763,"Mercury Hourglass":1373,"Calling Bell":441,"Strange Spoon":1236,"Cauldron":1446,"Pondfish Scales":94,"infinitespire:Satchel":402,"SaiyanSoul":0,"Bag of Marbles":233,"Membership Card":56,"hubris:AncientText":545,"FossilizedHelix":823,"hubris:OldNail":1248,"TwistedFunnel":591,"infinitespire:BottledMercury":304,"Golden Egg":1742,"Ginger":1178,"Whetstone":1608,"Bottled Tornado":1121,"Boot":214,"aspiration:RitualStick":1599,"Replay:Ringing Soul":1209,"Sundial":2079,"MealTicket":307,"hubris:DeckOfHolding":389,"infinitespire:Golems Mask":705,"Kunai":441,"Replay:Wax Seal":49,"hubris:TinFlute":1548,"Pear":941,"Counterbalance":137,"ReplayTheSpireMod:Ring of Addiction":167,"hubris:SphereOfDissonance":591,"Replay:Ancient Bell":1192,"aspiration:IroncladSkillbook":246,"aspiration:FrozenJewel":343,"SlaversCollar":49,"Pandora\u0027s Box":666,"hubris:TenFootPole":883,"infinitespire:PuzzleCube":255,"Abe\u0027s Treasure":1290,"aspiration:Lifesprig":323,"Lantern":832,"hubris:Metronome":978,"Blue Doll":214,"Bag of Preparation":426,"Replay:Multitool":1485,"Cursed Key":542,"Replay:Rubber Ducky":126,"Shovel":12,"Ring of Peace":418,"WingedGreaves":683,"Ring of Panic":480,"hubris:GlazedTorus":441,"aspiration:VileToxins":1209,"downfall:HeartBlessingRed":31,"Basket Of Snakes":1060,"Damaru":343,"Thread and Needle":1446,"The Courier":1082,"infinitespire:Joker Card":1452,"Omamori":167,"infinitespire:CheckeredPen":1337,"MawBank":1833,"Busted Crown":632,"Orrery":1121,"Turnip":1651,"Bottled Lightning":1735,"ReplayTheSpireMod:Onyx Gauntlets":971,"ReplayTheSpireMod:Lightbulb":1248,"Toy Ornithopter":167,"hubris:CrystalStatue":555,"Vajra":761,"Lizard Tail":1021,"HornCleat":2044,"DollysMirror":56,"Strawberry":193,"aspiration:ArtOfWarUpgrade":853,"Toxic Egg 2":1362,"Byrd Skull":1209,"Happy Flower":555,"aspiration:Nostalgia":2118,"Astrolabe":1649,"Oddly Smooth Stone":31,"infinitespire:Beetle Shell":214,"aspiration:SeaSaltIceCream":137,"Letter Opener":1909,"Replay:Kaleidoscope":2118,"War Paint":31,"Question Card":523,"Replay:Baseball":94,"Bottled Flame":610,"ReplayTheSpireMod:Shallot":545,"Shuriken":1248,"Bronze Scales":585,"Molten Egg 2":517,"ReplayTheSpireMod:TigerMarble":154,"Black Star":500,"hubris:ToyBattleship":2118,"Grinning Jar":773,"Meat on the Bone":467,"ReplayFunnel":823,"Darkstone Periapt":1403,"ReplayTheSpireMod:Ring of Exchange":1257,"Replay:PocketPolymizer":1813,"SacredBark":167,"Mango":56,"hubris:SlimyHat":126,"ClockworkSouvenir":214,"Replay:Bandana":725,"Mummified Hand":249,"Gambling Chip":226,"Pantograph":1757,"infinitespire:Chaos":1620,"Gremlin Food":381,"BargainBundle":323,"ReplayTheSpireMod:Ninjato":699,"infinitespire:CursedDice":1272,"aspiration:FetidBarrel":2050,"Quantum Egg":297,"ReplayTheSpireMod:Ring of Sloth":480,"infinitespire:EmptyRelic":1620,"aspiration:HummingbirdHeart":1121,"Orichalcum":441,"Anchor":418,"CaptainsWheel":773,"infinitespire:WardingShard":1143,"ChewingGum":1480,"Ring of Fury":1986,"Snack Pack":323,"PureWater":0,"TungstenRod":530,"hubris:Potato":879,"hubris:NiceRug":867}],"Ring of the Snake":[296]},"card_choices":[{"not_picked":["Hidden Blade","Sucker Punch"],"picked":"Backstab","floor":1},{"not_picked":["Slice","PiercingWail"],"picked":"ReplayTheSpireMod:Shiv Toss","floor":2},{"not_picked":["Setup","Deadly Poison"],"picked":"Underhanded Strike","floor":4},{"not_picked":["Fluid Movement","Underhanded Strike"],"picked":"Acrobatics","floor":5},{"not_picked":["Flying Knee","Dagger Spray","Cloak And Dagger"],"picked":"SKIP","floor":10},{"not_picked":["Deflect","hubris:SlightOfHand"],"picked":"ReplayTheSpireMod:Scrap Shanks","floor":12},{"not_picked":["Bouncing Flask","hubris:SlightOfHand"],"picked":"Blur","floor":13},{"not_picked":["Malaise","Flechettes","Flying Knee"],"picked":"Blade Dance","floor":14},{"not_picked":["Venomology","Corpse Explosion","Doppelganger"],"picked":"Bullet Time","floor":16},{"not_picked":["Outmaneuver","Bouncing Flask","Toxin Wave"],"picked":"Tactician","floor":18},{"not_picked":["ReplayTheSpireMod:Shiv Toss+1","Deadly Poison","Slice"],"picked":"PiercingWail","floor":19},{"not_picked":["Dagger Throw","Footwork","Backstab"],"picked":"Masterful Stab","floor":20},{"not_picked":["Outmaneuver","Underhanded Strike","ReplayTheSpireMod:Shiv Toss"],"picked":"Caltrops+1","floor":21},{"not_picked":["hubris:SlightOfHand","Deadly Poison","Quick Slash","Masterful Stab"],"picked":"SKIP","floor":22},{"not_picked":["Poisoned Stab","Quick Slash","hubris:Sniper"],"picked":"Accuracy","floor":24},{"not_picked":["Cloak And Dagger","Finisher","Flying Knee","Draining Mist"],"picked":"SKIP","floor":27},{"not_picked":["Quick Slash+1","Slice","Cloak And Dagger"],"picked":"Dagger Spray","floor":28},{"not_picked":["Noxious Fumes","Dagger Spray","Sucker Punch"],"picked":"Footwork","floor":29},{"not_picked":["Deadly Poison","Dodge and Roll","Hidden Blade"],"picked":"ReplayTheSpireMod:Scrap Shanks","floor":31},{"not_picked":["Glass Knife","Wraith Form v2","aspiration:Lunge"],"picked":"Burst","floor":33},{"not_picked":["Replay:Poison Smokescreen+1","Dagger Throw","Toxin Wave","ReplayTheSpireMod:Shiv Toss"],"picked":"SKIP","floor":35},{"not_picked":["Deflect","All Out Attack+1","Underhanded Strike"],"picked":"Blade Dance","floor":36},{"not_picked":["Hidden Blade","Sucker Punch","Atom Bomb"],"picked":"Dagger Throw","floor":39},{"not_picked":["All Out Attack","Blade Dance","Riddle With Holes+1"],"picked":"Envenom","floor":40},{"not_picked":["Blade Dance","PiercingWail","hubris:SlightOfHand+1"],"picked":"Poisoned Stab","floor":41},{"not_picked":["Outmaneuver","Escape Plan","Dodge and Roll"],"picked":"ReplayTheSpireMod:Scrap Shanks","floor":42},{"not_picked":["Deadly Poison","aspiration:Lunge","Dodge and Roll","ReplayTheSpireMod:Shiv Toss"],"picked":"SKIP","floor":48},{"not_picked":[],"picked":"Choke","floor":53},{"not_picked":[],"picked":"Quick Slash","floor":53},{"not_picked":[],"picked":"Bouncing Flask","floor":53},{"not_picked":[],"picked":"Backflip","floor":53},{"not_picked":[],"picked":"Well Laid Plans","floor":53},{"not_picked":[],"picked":"Replay:Parry","floor":53},{"not_picked":[],"picked":"HandOfGreed","floor":53},{"not_picked":["Catalyst","Escape Plan","Bane"],"picked":"Poison Darts","floor":54}],"player_experience":692144,"relics_obtained":[{"floor":9,"key":"aspiration:FetidBarrel"},{"floor":13,"key":"Question Card"},{"floor":24,"key":"Sundial"},{"floor":26,"key":"hubris:MysteriousPyramids"},{"floor":28,"key":"Strawberry"},{"floor":40,"key":"infinitespire:CheckeredPen"},{"floor":48,"key":"infinitespire:Golems Mask"},{"floor":53,"key":"Replay:Kaleidoscope"},{"floor":53,"key":"hubris:ToyBattleship"},{"floor":53,"key":"DollysMirror"},{"floor":53,"key":"War Paint"},{"floor":53,"key":"infinitespire:FocusingShard"},{"floor":53,"key":"aspiration:Nostalgia"},{"floor":54,"key":"hubris:Spice"}],"event_choices":[{"damage_healed":26,"gold_gain":0,"player_choice":"Leave","damage_taken":0,"max_hp_gain":0,"max_hp_loss":75,"event_name":"betterThird:BetterShining","floor":3,"gold_loss":0},{"damage_healed":0,"gold_gain":0,"player_choice":"Forge","damage_taken":0,"max_hp_gain":0,"max_hp_loss":0,"event_name":"Accursed Blacksmith","floor":7,"gold_loss":0,"cards_upgraded":["hubris:EnhanceAbility"]}],"is_beta":false,"boss_relics":[{"not_picked":["Coffee Dripper","Ectoplasm"],"picked":"hubris:TerracottaHorce"},{"not_picked":["aspiration:PoetsPen_weak","Honey Jar"],"picked":"Pandora\u0027s Box"}],"items_purged_floors":[44],"is_endless":false,"potions_floor_spawned":[2,4,13,14,20,21,24,29,31,33,36,39,40,54],"ascension_level":18}}