{"host":"auv68s8i97pkmhwr","time":1611807601,"event":{"mods":["A Penny For Your Troubles","AchievementEnabler","BaseMod","Best Route Mod","Bestiary","Better Altar","Better Match","Better Note","Better Sensory Stone","Better Skull","Better Third Choice","Better Vampires","BetterRewards","Block Reminder","Colored Map","Colored Powertips","Dark Map","Displayed Cursed Tome","Minty Spire (QoL Compilation)","StSLib","SuperFastMode","Uncapped","Unceasing Turn Reminder"],"gold_per_floor":[120,77,77,106,58,100,124,167,194,194,194,237,237,280,280,418,418,441,450,483,758,781,781,828,851,877,915,931,931,970,986,986,1117,1144,1157,1157,1179,1242,1272,1316,1341,1382,1382,1414,1467,1467,1057,1088,1088,1089,1089,1089,398,441,441],"floor_reached":56,"language":"ENG","playtime":2081,"items_purged":["Strike_R","Strike_R","Defend_R"],"score":2592,"play_id":"7d5b3049-2b1c-4a70-93dc-4696260c07d1","local_time":"20210128122001","is_ascension_mode":true,"campfire_choices":[{"data":"Inflame","floor":10.0,"key":"SMITH"},{"floor":15.0,"key":"RECALL"},{"data":"Combust","floor":23.0,"key":"SMITH"},{"data":"Metallicize","floor":29.0,"key":"SMITH"},{"data":"Iron Wave","floor":32.0,"key":"SMITH"},{"floor":46.0,"key":"REST"},{"data":"Metallicize","floor":49.0,"key":"SMITH"},{"data":"Defend_R","floor":52.0,"key":"SMITH"}],"circlet_count":0,"master_deck":["AscendersBane","Defend_R+1","Defend_R","Bash","Inflame+1","Shrug It Off+1","Disarm+1","Cleave","True Grit+1","Feel No Pain+1","Inflame+1","Barricade+1","Shrug It Off+1","Shockwave+1","Double Tap+1","Iron Wave+1","Combust+1","Dropkick+1","Metallicize+1","Dark Embrace+1","Heavy Blade+1","Twin Strike+1","Whirlwind+1","Inflame+1","Disarm+1","Power Through+1","True Grit+1","Metallicize+1"],"relics":["Burning Blood","StrikeDummy","Ice Cream","CeramicFish","Thread and Needle","Ginger","Toxic Egg 2","TungstenRod","Omamori","Golden Idol","Juzu Bracelet","Blood Vial","Vajra","Blue Candle","Shuriken","Philosopher\u0027s Stone","Oddly Smooth Stone","Akabeko","Ancient Tea Set","Astrolabe","Torii","Orichalcum","Self Forming Clay","Dream Catcher","Gambling Chip","OrangePellets","Potion Belt","Pen Nib","Bottled Lightning","TheAbacus","Red Skull"],"acts_visited":["Exordium","TheCity","TheBeyond","TheEnding"],"potions_floor_usage":[55,55,55],"damage_taken":[{"damage":0.0,"enemies":"Jaw Worm","floor":1.0,"turns":4.0},{"damage":0.0,"enemies":"Small Slimes","floor":4.0,"turns":3.0},{"damage":0.0,"enemies":"3 Sentries","floor":6.0,"turns":10.0},{"damage":0.0,"enemies":"Cultist","floor":7.0,"turns":3.0},{"damage":9.0,"enemies":"Gremlin Nob","floor":8.0,"turns":5.0},{"damage":0.0,"enemies":"Lagavulin","floor":12.0,"turns":6.0},{"damage":2.0,"enemies":"Gremlin Nob","floor":14.0,"turns":5.0},{"damage":1.0,"enemies":"Slime Boss","floor":16.0,"turns":10.0},{"damage":25.0,"enemies":"Spheric Guardian","floor":18.0,"turns":6.0},{"damage":0.0,"enemies":"Chosen","floor":20.0,"turns":4.0},{"damage":13.0,"enemies":"3 Cultists","floor":22.0,"turns":5.0},{"damage":1.0,"enemies":"Book of Stabbing","floor":24.0,"turns":6.0},{"damage":0.0,"enemies":"Centurion and Healer","floor":25.0,"turns":6.0},{"damage":17.0,"enemies":"Slavers","floor":27.0,"turns":5.0},{"damage":0.0,"enemies":"Chosen and Byrds","floor":28.0,"turns":6.0},{"damage":22.0,"enemies":"Gremlin Leader","floor":30.0,"turns":5.0},{"damage":0.0,"enemies":"Snake Plant","floor":31.0,"turns":4.0},{"damage":0.0,"enemies":"Collector","floor":33.0,"turns":7.0},{"damage":3.0,"enemies":"3 Shapes","floor":35.0,"turns":5.0},{"damage":3.0,"enemies":"3 Darklings","floor":37.0,"turns":6.0},{"damage":20.0,"enemies":"Mind Bloom Boss Battle","floor":38.0,"turns":6.0},{"damage":10.0,"enemies":"Maw","floor":39.0,"turns":6.0},{"damage":0.0,"enemies":"Giant Head","floor":40.0,"turns":7.0},{"damage":0.0,"enemies":"4 Shapes","floor":41.0,"turns":6.0},{"damage":44.0,"enemies":"Nemesis","floor":42.0,"turns":7.0},{"damage":13.0,"enemies":"3 Darklings","floor":44.0,"turns":6.0},{"damage":0.0,"enemies":"Giant Head","floor":45.0,"turns":7.0},{"damage":0.0,"enemies":"Nemesis","floor":48.0,"turns":11.0},{"damage":15.0,"enemies":"Time Eater","floor":50.0,"turns":8.0},{"damage":56.0,"enemies":"Shield and Spear","floor":54.0,"turns":7.0},{"damage":13,"enemies":"The Heart","floor":55,"turns":11}],"seed_played":"2756249102939637647","potions_obtained":[{"floor":1.0,"key":"FearPotion"},{"floor":4.0,"key":"SpeedPotion"},{"floor":6.0,"key":"SkillPotion"},{"floor":11.0,"key":"HeartOfIron"},{"floor":11.0,"key":"AttackPotion"},{"floor":16.0,"key":"PowerPotion"},{"floor":18.0,"key":"HeartOfIron"},{"floor":27.0,"key":"AttackPotion"},{"floor":30.0,"key":"AttackPotion"},{"floor":35.0,"key":"FairyPotion"},{"floor":54.0,"key":"Fire Potion"}],"is_trial":false,"path_per_floor":["M","$","?","M","?","E","M","E","T","R","?","E","?","E","R","B",null,"M","?","M","?","M","R","E","M","T","E","M","R","E","M","R","B",null,"M","?","M","?","M","E","M","E","T","M","E","R","$","E","R","B",null,"R","$","E","B",null],"character_chosen":"IRONCLAD","items_purchased":["StrikeDummy","CeramicFish","Thread and Needle","Toxic Egg 2","Inflame","Shrug It Off+1","Omamori","Cleave","OrangePellets","True Grit+1","Metallicize","Potion Belt","Bottled Lightning","Dexterity Potion","Strength Potion","EssenceOfSteel","TheAbacus"],"campfire_rested":1,"item_purchase_floors":[0,0,0,0,0,0,0,2,47,47,47,47,53,53,53,53,53],"current_hp_per_floor":[78,78,59,65,65,71,77,74,74,74,74,80,80,80,80,80,80,61,61,69,69,64,64,71,79,79,69,77,77,63,71,71,79,80,80,80,80,66,64,72,80,42,42,37,45,69,69,77,77,70,78,78,78,30,25],"gold":441,"neow_bonus":"","is_daily":false,"chose_seed":false,"campfire_upgraded":6,"win_rate":0.0,"timestamp":1611807601,"path_taken":["M","$","?","M","?","E","M","E","T","R","?","E","?","E","R","BOSS","M","?","M","?","M","R","E","M","T","E","M","R","E","M","R","BOSS","M","?","M","?","M","E","M","E","T","M","E","R","$","E","R","BOSS","R","$","E","BOSS"],"items_purchased_type":["Relic","Relic","Relic","Relic","Card","Card","Relic","Card","Relic","Card","Card","Relic","Relic","Potion","Potion","Potion","Relic"],"build_version":"2020-12-22","purchased_purges":3,"victory":true,"max_hp_per_floor":[80,80,80,80,80,80,80,80,80,80,80,80,80,80,80,80,80,80,80,80,80,80,80,80,80,80,80,80,80,80,80,80,80,80,80,80,80,80,80,80,80,80,80,80,80,80,80,80,80,80,80,80,80,80,80],"card_choices":[{"not_picked":["Headbutt","Rampage"],"picked":"Disarm+1","floor":1.0},{"not_picked":["Rupture","Blood for Blood"],"picked":"True Grit+1","floor":4.0},{"not_picked":["Uppercut+1","Pummel+1"],"picked":"Feel No Pain+1","floor":5.0},{"not_picked":["Whirlwind+1","Metallicize+1"],"picked":"Inflame+1","floor":5.0},{"not_picked":["Feed+1","Corruption+1"],"picked":"Barricade+1","floor":5.0},{"not_picked":["Clothesline","Infernal Blade+1"],"picked":"Shrug It Off+1","floor":6.0},{"not_picked":["Shrug It Off+1","Inflame"],"picked":"Shockwave+1","floor":7.0},{"not_picked":["Pommel Strike","Warcry+1","Shrug It Off+1"],"picked":"SKIP","floor":8.0},{"not_picked":["Clash","Perfected Strike","Infernal Blade+1"],"picked":"SKIP","floor":12.0},{"not_picked":["Perfected Strike","Havoc+1","Warcry+1"],"picked":"SKIP","floor":14.0},{"not_picked":["Offering+1","Barricade"],"picked":"Double Tap+1","floor":16.0},{"not_picked":["Havoc+1","Twin Strike","True Grit+1"],"picked":"SKIP","floor":18.0},{"not_picked":["Rage+1","Thunderclap","Combust"],"picked":"SKIP","floor":20.0},{"not_picked":["Rage+1","Thunderclap"],"picked":"Combust","floor":20.0},{"not_picked":["True Grit+1","Shrug It Off+1","Pommel Strike"],"picked":"SKIP","floor":22.0},{"not_picked":["Havoc+1","Exhume+1"],"picked":"Dropkick+1","floor":24.0},{"not_picked":["Sword Boomerang","Cleave"],"picked":"Metallicize","floor":25.0},{"not_picked":["Bludgeon","True Grit+1","Sever Soul+1"],"picked":"SKIP","floor":27.0},{"not_picked":["Heavy Blade","Perfected Strike","Infernal Blade+1"],"picked":"SKIP","floor":28.0},{"not_picked":["Sentinel+1","Wild Strike","Dropkick"],"picked":"SKIP","floor":30.0},{"not_picked":["Heavy Blade","Fiend Fire","Searing Blow"],"picked":"SKIP","floor":31.0},{"not_picked":["Armaments+1","Combust+1","Warcry+1"],"picked":"SKIP","floor":35.0},{"not_picked":["Twin Strike+1","Wild Strike"],"picked":"Whirlwind+1","floor":37.0},{"not_picked":["Armaments+1","Flame Barrier+1"],"picked":"Inflame+1","floor":39.0},{"not_picked":["Wild Strike+1","Rampage+1","Reckless Charge"],"picked":"SKIP","floor":40.0},{"not_picked":["Armaments+1","Headbutt","Havoc+1"],"picked":"SKIP","floor":41.0},{"not_picked":["Flex+1","Sentinel+1","Shockwave+1"],"picked":"SKIP","floor":42.0},{"not_picked":["Heavy Blade","Headbutt"],"picked":"Disarm+1","floor":44.0},{"not_picked":["Sword Boomerang","Combust"],"picked":"Power Through+1","floor":45.0},{"not_picked":["Sword Boomerang","Hemokinesis+1","Exhume+1"],"picked":"SKIP","floor":48.0},{"not_picked":["Infernal Blade+1","Combust","Warcry+1"],"picked":"SKIP","floor":54.0}],"player_experience":1262815,"relics_obtained":[{"floor":6.0,"key":"Juzu Bracelet"},{"floor":8.0,"key":"Blood Vial"},{"floor":9.0,"key":"Vajra"},{"floor":12.0,"key":"Blue Candle"},{"floor":14.0,"key":"Shuriken"},{"floor":24.0,"key":"Oddly Smooth Stone"},{"floor":27.0,"key":"Akabeko"},{"floor":30.0,"key":"Ancient Tea Set"},{"floor":38.0,"key":"Torii"},{"floor":40.0,"key":"Orichalcum"},{"floor":42.0,"key":"Self Forming Clay"},{"floor":43.0,"key":"Dream Catcher"},{"floor":45.0,"key":"Gambling Chip"},{"floor":48.0,"key":"Pen Nib"},{"floor":54.0,"key":"Red Skull"}],"event_choices":[{"damage_healed":0.0,"max_hp_gain":0.0,"max_hp_loss":0.0,"gold_gain":0.0,"event_name":"Golden Idol","player_choice":"Take Damage","floor":3.0,"gold_loss":0.0,"damage_taken":20.0,"relics_obtained":["Golden Idol"]},{"damage_healed":0.0,"max_hp_gain":0.0,"max_hp_loss":0.0,"gold_gain":0.0,"event_name":"betterMatch:BetterMatch","player_choice":"2","floor":5.0,"gold_loss":0.0,"damage_taken":0.0,"cards_obtained":["betterMatch:RareCard","betterMatch:UncommonCard","betterMatch:UncommonCard"]},{"damage_healed":0.0,"max_hp_gain":0.0,"max_hp_loss":0.0,"gold_gain":0.0,"event_name":"Lab","player_choice":"Got Potions","floor":11.0,"gold_loss":0.0,"damage_taken":0.0},{"damage_healed":0.0,"max_hp_gain":0.0,"max_hp_loss":0.0,"gold_gain":1.0,"event_name":"betterStone:BetterStone","player_choice":"1","floor":13.0,"gold_loss":0.0,"damage_taken":0.0},{"damage_healed":0.0,"max_hp_gain":0.0,"max_hp_loss":0.0,"gold_gain":0.0,"cards_transformed":["Defend_R"],"event_name":"Transmorgrifier","player_choice":"Transformed","floor":19.0,"gold_loss":0.0,"damage_taken":0.0,"cards_obtained":["Iron Wave"]},{"damage_healed":0.0,"max_hp_gain":0.0,"max_hp_loss":0.0,"gold_gain":275.0,"event_name":"Golden Shrine","player_choice":"Desecrate","floor":21.0,"gold_loss":0.0,"damage_taken":0.0,"cards_obtained":["Regret"]},{"damage_healed":0.0,"max_hp_gain":0.0,"max_hp_loss":0.0,"gold_gain":0.0,"event_name":"Tomb of Lord Red Mask","player_choice":"Ignored","floor":36.0,"gold_loss":0.0,"damage_taken":0.0},{"damage_healed":0.0,"max_hp_gain":0.0,"max_hp_loss":0.0,"gold_gain":0.0,"event_name":"MindBloom","player_choice":"Fight","floor":38.0,"gold_loss":0.0,"damage_taken":0.0}],"is_beta":false,"boss_relics":[{"not_picked":["Calling Bell","Runic Pyramid"],"picked":"Philosopher\u0027s Stone"},{"not_picked":["Tiny House","Black Star"],"picked":"Astrolabe"}],"items_purged_floors":[0,0,53],"is_endless":false,"potions_floor_spawned":[1,4,6,16,18,27,30,35,37,41,42,54],"ascension_level":10}}