{"host":"bq4pt811tk9yrmjl","time":1611832049,"event":{"mods":["AchievementEnabler","BaseMod","Colored Map","Colored Powertips","Defuse TimeMaze Blight","Hermit","Minty Spire (QoL Compilation)","StSLib","SuperFastMode"],"gold_per_floor":[111,111,131,131,131,165,185,185,235,255,255,306,319,339,339,439,439,459,459,493,145,105,105,131,131,431,443,443,358,358,378,378,378,378],"floor_reached":33,"language":"ENG","playtime":484,"items_purged":[],"score":327,"play_id":"0eb313dd-c02c-4db5-9da0-8908661e346d","local_time":"20210128090729","is_ascension_mode":true,"campfire_choices":[{"data":"Conserve Battery","floor":8.0,"key":"SMITH"},{"data":"Dualcast","floor":11.0,"key":"SMITH"},{"data":"Streamline","floor":15.0,"key":"SMITH"},{"floor":23,"key":"RECALL"},{"data":"Ball Lightning","floor":25,"key":"SMITH"},{"floor":28,"key":"REST"},{"data":"Beam Cell","floor":32,"key":"SMITH"}],"circlet_count":0,"master_deck":["Strike_B","Strike_B+1","Strike_B+1","Strike_B+1","Defend_B+1","Defend_B","Defend_B+1","Defend_B+1","Zap+1","Dualcast+1","Ball Lightning+1","Beam Cell+1","Conserve Battery+1","Streamline+1","Conserve Battery+1","Beam Cell+1"],"relics":["Cracked Core","NeowsBlessing","Whetstone","MealTicket","Busted Crown","Red Mask","Membership Card","Blood Vial","Pear","Tiny Chest","Old Coin","War Paint"],"acts_visited":["Exordium","TheCity"],"potions_floor_usage":[18,20,24],"damage_taken":[{"damage":0.0,"enemies":"2 Louse","floor":1.0,"turns":1.0},{"damage":0.0,"enemies":"Cultist","floor":3.0,"turns":1.0},{"damage":0.0,"enemies":"3 Sentries","floor":6.0,"turns":1.0},{"damage":1.0,"enemies":"Jaw Worm","floor":7.0,"turns":3.0},{"damage":5.0,"enemies":"Looter","floor":10.0,"turns":2.0},{"damage":1.0,"enemies":"Lots of Slimes","floor":13.0,"turns":4.0},{"damage":0.0,"enemies":"Exordium Thugs","floor":14.0,"turns":4.0},{"damage":33,"enemies":"Slime Boss","floor":16,"turns":7},{"damage":5,"enemies":"2 Thieves","floor":18,"turns":2},{"damage":20,"enemies":"Masked Bandits","floor":20,"turns":3},{"damage":29,"enemies":"Gremlin Leader","floor":24,"turns":6},{"damage":0,"enemies":"Spheric Guardian","floor":27,"turns":3},{"damage":2,"enemies":"Centurion and Healer","floor":31,"turns":6},{"damage":110,"enemies":"Champ","floor":33,"turns":10}],"seed_played":"3306034795317865652","potions_obtained":[{"floor":10.0,"key":"BlessingOfTheForge"},{"floor":13.0,"key":"LiquidBronze"},{"floor":14.0,"key":"LiquidMemories"},{"floor":24,"key":"SpeedPotion"}],"is_trial":false,"path_per_floor":["M","?","M","?","?","E","M","R","T","M","R","T","M","M","R","B",null,"M","$","?","$","?","R","E","R","T","M","R","?","?","M","R","B"],"character_chosen":"DEFECT","items_purchased":["Membership Card","Blood Vial","Pear"],"campfire_rested":1,"item_purchase_floors":[21,21,21],"current_hp_per_floor":[75,75,75,75,80,80,79,79,79,74,74,74,73,73,73,40,80,75,80,60,85,85,85,58,58,58,60,87,87,87,87,87,0,0],"gold":378,"neow_bonus":"THREE_ENEMY_KILL","is_daily":false,"chose_seed":false,"campfire_upgraded":5,"win_rate":0.0,"timestamp":1611832049,"path_taken":["M","?","?","?","?","E","M","R","T","M","R","?","?","M","R","BOSS","M","$","?","$","?","R","E","R","T","?","R","?","?","M","R","BOSS"],"items_purchased_type":["Relic","Relic","Relic"],"build_version":"2020-12-22","purchased_purges":0,"victory":false,"max_hp_per_floor":[75,75,75,75,80,80,80,80,80,80,80,80,80,80,80,80,80,80,80,80,90,90,90,90,90,90,90,90,90,90,90,90,90,90],"card_choices":[{"not_picked":["Gash","Beam Cell"],"picked":"Ball Lightning","floor":1.0},{"not_picked":["Undo","Doom and Gloom"],"picked":"Beam Cell","floor":3.0},{"not_picked":["Steam","Reprogram","Multi-Cast"],"picked":"SKIP","floor":6.0},{"not_picked":["FTL","Storm"],"picked":"Conserve Battery","floor":7.0},{"not_picked":["Sweeping Beam","Compile Driver","Beam Cell"],"picked":"SKIP","floor":10.0},{"not_picked":["Fusion","Turbo"],"picked":"Streamline","floor":13.0},{"not_picked":["Gash","Streamline","Redo"],"picked":"SKIP","floor":14.0},{"not_picked":["Compile Driver"],"picked":"SKIP","floor":18},{"not_picked":["Capacitor"],"picked":"SKIP","floor":24},{"not_picked":["Genetic Algorithm+1"],"picked":"SKIP","floor":27},{"not_picked":[],"picked":"Beam Cell+1","floor":31}],"player_experience":277066,"relics_obtained":[{"floor":6.0,"key":"Whetstone"},{"floor":12.0,"key":"MealTicket"},{"floor":20,"key":"Red Mask"},{"floor":24,"key":"Tiny Chest"},{"floor":26,"key":"Old Coin"}],"event_choices":[{"damage_healed":0.0,"max_hp_gain":0.0,"max_hp_loss":0.0,"gold_gain":0.0,"event_name":"The Woman in Blue","player_choice":"Bought 0 Potions","floor":2.0,"gold_loss":0.0,"damage_taken":0.0},{"damage_healed":0.0,"max_hp_gain":0.0,"max_hp_loss":0.0,"gold_gain":0.0,"event_name":"Living Wall","player_choice":"Grow","floor":4.0,"gold_loss":0.0,"damage_taken":0.0,"cards_upgraded":["Zap"]},{"damage_healed":0.0,"max_hp_gain":5.0,"max_hp_loss":0.0,"gold_gain":0.0,"event_name":"Big Fish","player_choice":"Donut","floor":5.0,"gold_loss":0.0,"damage_taken":0.0},{"damage_healed":0,"gold_gain":0,"player_choice":"Fought Bandits","damage_taken":0,"max_hp_gain":0,"max_hp_loss":0,"event_name":"Masked Bandits","floor":20,"gold_loss":0},{"damage_healed":0,"gold_gain":0,"player_choice":"Upgraded Two","damage_taken":0,"max_hp_gain":0,"max_hp_loss":0,"event_name":"Designer","floor":22,"gold_loss":40,"cards_upgraded":["Strike_B","Defend_B"]},{"damage_healed":0,"gold_gain":0,"player_choice":"Obtained Relic","damage_taken":0,"relics_obtained":["War Paint"],"max_hp_gain":0,"max_hp_loss":0,"event_name":"Addict","floor":29,"gold_loss":85},{"damage_healed":0,"gold_gain":0,"player_choice":"Copied","damage_taken":0,"max_hp_gain":0,"max_hp_loss":0,"event_name":"Duplicator","floor":30,"gold_loss":0,"cards_obtained":["Conserve Battery"]}],"is_beta":false,"boss_relics":[{"not_picked":["Runic Pyramid","Coffee Dripper"],"picked":"Busted Crown"}],"items_purged_floors":[],"is_endless":false,"potions_floor_spawned":[10,13,14,16,24],"killed_by":"Champ","ascension_level":1}}