{"host":"z16h96csw6gsetxl","time":1611820159,"event":{"mods":["BaseMod","Minty Spire (QoL Compilation)"],"gold_per_floor":[115,128,140,140,158,185,205,215,215,215,228,228,248,9,9,112,112,131,141,158,209,12,37,57,87,155,255,280,280,280,280,280,379,379,391,401,451,166,166,200,71,101,127,140,171,171,182,22,22,22],"floor_reached":51,"language":"ZHS","playtime":2336,"items_purged":["Strike_G","Strike_G","Strike_G","Defend_G"],"score":947,"play_id":"d576acac-3462-40fa-adcb-b64028279fdb","local_time":"20210128154919","is_ascension_mode":false,"campfire_choices":[{"data":"Blade Dance","floor":10.0,"key":"SMITH"},{"data":"Adrenaline","floor":12.0,"key":"SMITH"},{"data":"Acrobatics","floor":15.0,"key":"SMITH"},{"data":"Strike_G","floor":30.0,"key":"PURGE"},{"data":"Defend_G","floor":32.0,"key":"PURGE"},{"data":"Defend_G","floor":49,"key":"PURGE"}],"circlet_count":0,"master_deck":["Defend_G","Survivor","Neutralize","Masterful Stab","Acrobatics+1","Blade Dance+1","Adrenaline+1","Venomology","Escape Plan","Phantasmal Killer","CurseOfTheBell","Cloak And Dagger+1","Blade Dance","Cloak And Dagger","Accuracy","Backstab","Slice","Prepared+1","Backflip","After Image","Cloak And Dagger","Infinite Blades+1","Infinite Blades","Secret Technique","Expertise+1","Infinite Blades","Terror+1","Cloak And Dagger+1","Adrenaline"],"relics":["WristBlade","Ninja Scroll","Mercury Hourglass","Question Card","Calling Bell","Snake Skull","Kunai","Du-Vu Doll","Bag of Preparation","Smiling Mask","Vajra","Pantograph","Peace Pipe","InkBottle","Bird Faced Urn","MutagenicStrength","Fusion Hammer","Calipers","Pen Nib","The Courier","Regal Pillow","Bottled Tornado"],"acts_visited":["Exordium","TheCity","TheBeyond"],"potions_floor_usage":[47,50,50],"damage_taken":[{"damage":1.0,"enemies":"Cultist","floor":1.0,"turns":5.0},{"damage":0.0,"enemies":"2 Louse","floor":2.0,"turns":3.0},{"damage":0.0,"enemies":"Small Slimes","floor":3.0,"turns":3.0},{"damage":4.0,"enemies":"3 Louse","floor":5.0,"turns":3.0},{"damage":5.0,"enemies":"Gremlin Nob","floor":6.0,"turns":3.0},{"damage":0.0,"enemies":"Large Slime","floor":7.0,"turns":2.0},{"damage":0.0,"enemies":"Looter","floor":8.0,"turns":1.0},{"damage":0.0,"enemies":"2 Fungi Beasts","floor":11.0,"turns":2.0},{"damage":0.0,"enemies":"Red Slaver","floor":13.0,"turns":1.0},{"damage":38.0,"enemies":"The Guardian","floor":16.0,"turns":5.0},{"damage":0.0,"enemies":"Spheric Guardian","floor":18.0,"turns":1.0},{"damage":0.0,"enemies":"Shell Parasite","floor":19.0,"turns":1.0},{"damage":0.0,"enemies":"Shelled Parasite and Fungi","floor":20.0,"turns":1.0},{"damage":3.0,"enemies":"Gremlin Leader","floor":23.0,"turns":2.0},{"damage":0.0,"enemies":"3 Cultists","floor":24.0,"turns":2.0},{"damage":0.0,"enemies":"Book of Stabbing","floor":25.0,"turns":2.0},{"damage":0.0,"enemies":"Colosseum Slavers","floor":27.0,"turns":1.0},{"damage":0.0,"enemies":"Colosseum Nobs","floor":27.0,"turns":2.0},{"damage":11.0,"enemies":"Slavers","floor":28.0,"turns":3.0},{"damage":1.0,"enemies":"Collector","floor":33.0,"turns":3.0},{"damage":3.0,"enemies":"3 Shapes","floor":35.0,"turns":1.0},{"damage":2.0,"enemies":"3 Darklings","floor":36.0,"turns":2.0},{"damage":0.0,"enemies":"Mind Bloom Boss Battle","floor":37.0,"turns":1.0},{"damage":0.0,"enemies":"Giant Head","floor":40.0,"turns":3.0},{"damage":0.0,"enemies":"Nemesis","floor":42.0,"turns":1.0},{"damage":0.0,"enemies":"Sphere and 2 Shapes","floor":44.0,"turns":2.0},{"damage":0.0,"enemies":"Reptomancer","floor":45.0,"turns":1.0},{"damage":0,"enemies":"Maw","floor":47,"turns":2},{"damage":14,"enemies":"Awakened One","floor":50,"turns":5}],"seed_played":"1332172077676878866","potions_obtained":[{"floor":1.0,"key":"SmokeBomb"},{"floor":3.0,"key":"LiquidBronze"},{"floor":5.0,"key":"CultistPotion"},{"floor":6.0,"key":"Explosive Potion"},{"floor":13.0,"key":"DuplicationPotion"},{"floor":18.0,"key":"SneckoOil"},{"floor":19.0,"key":"Swift Potion"},{"floor":25.0,"key":"Fruit Juice"},{"floor":33.0,"key":"PowerPotion"},{"floor":37.0,"key":"Dexterity Potion"},{"floor":44.0,"key":"SteroidPotion"},{"floor":46,"key":"SteroidPotion"},{"floor":47,"key":"Strength Potion"}],"is_trial":false,"path_per_floor":["M","M","M","?","M","E","M","M","T","R","M","R","M","$","R","B",null,"M","M","M","T","$","E","M","E","T","?","E","?","R","?","R","B",null,"M","M","?","$","?","E","$","E","T","M","E","?","M","$","R","B",null],"character_chosen":"THE_SILENT","items_purchased":["Question Card","Cloak And Dagger","Accuracy","Infinite Blades","Secret Technique","Infinite Blades","Adrenaline"],"campfire_rested":0,"item_purchase_floors":[14,22,22,38,38,41,48],"current_hp_per_floor":[69,69,69,69,65,60,60,60,60,60,60,60,60,60,60,22,70,70,70,70,70,70,67,67,67,67,72,61,61,61,61,61,74,75,72,73,75,75,75,75,75,75,75,75,75,75,75,75,75,65],"gold":22,"neow_bonus":"BOSS_RELIC","is_daily":false,"chose_seed":false,"campfire_upgraded":3,"win_rate":0.0,"timestamp":1611820159,"path_taken":["M","M","M","?","M","E","M","M","T","R","?","R","M","$","R","BOSS","M","M","M","?","$","E","M","E","T","?","E","?","R","?","R","BOSS","M","M","?","$","?","E","$","E","T","M","E","?","?","$","R","BOSS"],"items_purchased_type":["Relic","Card","Card","Card","Card","Card","Card"],"build_version":"2020-12-22","purchased_purges":4,"victory":true,"max_hp_per_floor":[70,70,70,70,70,70,70,70,70,70,70,70,70,70,70,70,70,70,70,70,70,70,70,70,70,70,75,75,75,75,75,75,75,75,75,75,75,75,75,75,75,75,75,75,75,75,75,75,75,75],"card_choices":[{"not_picked":["Sucker Punch","Choke"],"picked":"Masterful Stab","floor":1.0},{"not_picked":["Flechettes","PiercingWail","Footwork"],"picked":"SKIP","floor":2.0},{"not_picked":["Deflect","Poisoned Stab"],"picked":"Acrobatics","floor":3.0},{"not_picked":["Cloak And Dagger","Terror"],"picked":"Blade Dance","floor":5.0},{"not_picked":["Acrobatics","Cloak And Dagger"],"picked":"Adrenaline","floor":6.0},{"not_picked":["Flechettes","Dagger Spray","Underhanded Strike"],"picked":"SKIP","floor":7.0},{"not_picked":["Reflex","Bouncing Flask"],"picked":"Venomology","floor":8.0},{"not_picked":["Prepared","PiercingWail"],"picked":"Escape Plan","floor":11.0},{"not_picked":["Bouncing Flask","Sucker Punch","Crippling Poison"],"picked":"SKIP","floor":13.0},{"not_picked":["Glass Knife","Doppelganger","Night Terror"],"picked":"Phantasmal Killer","floor":16.0},{"not_picked":["Acrobatics+1","Underhanded Strike+1","Crippling Poison"],"picked":"Cloak And Dagger+1","floor":18.0},{"not_picked":["Deflect","Outmaneuver","Tactician+1","Underhanded Strike+1"],"picked":"SKIP","floor":19.0},{"not_picked":["Underhanded Strike","Burst","Deflect"],"picked":"Blade Dance","floor":20.0},{"not_picked":["Endless Agony","Sucker Punch","Dagger Spray+1"],"picked":"Backstab","floor":23.0},{"not_picked":["Leg Sweep","Dagger Spray+1","Backflip"],"picked":"Slice","floor":24.0},{"not_picked":["Underhanded Strike","Bane","Finisher"],"picked":"Prepared+1","floor":25.0},{"not_picked":["Acrobatics+1","PiercingWail+1","Eviscerate"],"picked":"Backflip","floor":27.0},{"not_picked":["PiercingWail","Acrobatics","Bane","Tactician"],"picked":"SKIP","floor":28.0},{"not_picked":["Tools of the Trade","Envenom","A Thousand Cuts"],"picked":"After Image","floor":33.0},{"not_picked":["Footwork+1","Underhanded Strike+1","Flying Knee+1"],"picked":"Cloak And Dagger","floor":35.0},{"not_picked":["Well Laid Plans+1","Flying Knee+1","Quick Slash+1"],"picked":"Infinite Blades+1","floor":36.0},{"not_picked":["Dodge and Roll+1","Backflip","Flying Knee+1"],"picked":"Prepared","floor":37.0},{"not_picked":["Leg Sweep","Caltrops","Deadly Poison"],"picked":"Expertise+1","floor":40.0},{"not_picked":["Quick Slash","Deflect+1","Prepared+1","Flechettes+1"],"picked":"SKIP","floor":42.0},{"not_picked":["Underhanded Strike+1","Backflip+1","Dodge and Roll"],"picked":"Terror+1","floor":44.0},{"not_picked":["Dagger Throw","Underhanded Strike","Slice+1"],"picked":"Cloak And Dagger+1","floor":45},{"not_picked":["Reflex","Dodge and Roll","Dagger Throw","Heel Hook"],"picked":"SKIP","floor":47},{"not_picked":["Reflex","Dodge and Roll","Dagger Throw","Heel Hook"],"picked":"SKIP","floor":47}],"player_experience":60136,"relics_obtained":[{"floor":6.0,"key":"Ninja Scroll"},{"floor":9.0,"key":"Mercury Hourglass"},{"floor":17.0,"key":"Snake Skull"},{"floor":17.0,"key":"Kunai"},{"floor":17.0,"key":"Du-Vu Doll"},{"floor":21.0,"key":"Bag of Preparation"},{"floor":23.0,"key":"Smiling Mask"},{"floor":25.0,"key":"Vajra"},{"floor":26.0,"key":"Pantograph"},{"floor":27.0,"key":"Peace Pipe"},{"floor":27.0,"key":"InkBottle"},{"floor":28.0,"key":"Bird Faced Urn"},{"floor":37.0,"key":"Calipers"},{"floor":40.0,"key":"Pen Nib"},{"floor":42.0,"key":"The Courier"},{"floor":43.0,"key":"Regal Pillow"},{"floor":45,"key":"Bottled Tornado"}],"event_choices":[{"cards_removed":["Defend_G"],"damage_healed":0.0,"max_hp_gain":0.0,"max_hp_loss":0.0,"gold_gain":0.0,"event_name":"Purifier","player_choice":"Purged","floor":4.0,"gold_loss":0.0,"damage_taken":0.0},{"damage_healed":0.0,"max_hp_gain":0.0,"max_hp_loss":0.0,"gold_gain":0.0,"event_name":"Colosseum","player_choice":"Fight","floor":27.0,"gold_loss":0.0,"damage_taken":0.0},{"damage_healed":0.0,"max_hp_gain":0.0,"max_hp_loss":0.0,"gold_gain":0.0,"event_name":"Colosseum","player_choice":"Fought Nobs","floor":27.0,"gold_loss":0.0,"damage_taken":0.0},{"damage_healed":0.0,"max_hp_gain":0.0,"max_hp_loss":0.0,"gold_gain":0.0,"event_name":"Drug Dealer","player_choice":"Inject Mutagens","floor":29.0,"gold_loss":0.0,"damage_taken":0.0,"relics_obtained":["MutagenicStrength"]},{"cards_removed":["Strike_G"],"damage_healed":0.0,"max_hp_gain":0.0,"max_hp_loss":0.0,"gold_gain":0.0,"event_name":"Back to Basics","player_choice":"Elegance","floor":31.0,"gold_loss":0.0,"damage_taken":0.0},{"damage_healed":0.0,"max_hp_gain":0.0,"max_hp_loss":0.0,"gold_gain":0.0,"event_name":"MindBloom","player_choice":"Fight","floor":37.0,"gold_loss":0.0,"damage_taken":0.0},{"cards_removed":["Prepared"],"damage_healed":0.0,"max_hp_gain":0.0,"max_hp_loss":0.0,"gold_gain":0.0,"event_name":"Falling","player_choice":"Removed Skill","floor":39.0,"gold_loss":0.0,"damage_taken":0.0},{"damage_healed":0,"gold_gain":0,"player_choice":"Got Potions","damage_taken":0,"max_hp_gain":0,"max_hp_loss":0,"event_name":"Lab","floor":46,"gold_loss":0}],"is_beta":false,"boss_relics":[{"not_picked":["SlaversCollar","Tiny House"],"picked":"Calling Bell"},{"not_picked":["Empty Cage","SacredBark"],"picked":"Fusion Hammer"}],"items_purged_floors":[22,38,41,48],"is_endless":false,"potions_floor_spawned":[1,3,5,6,11,13,18,19,25,33,35,37,44,47],"ascension_level":0}}