{"host":"g2kelmgng7xf1xjg","time":1611816346,"event":{"mods":["BaseMod","Bestiary","Highlight Path","Minty Spire (QoL Compilation)","Relic Stats","StSLib"],"gold_per_floor":[113,127,144,163,14,14,48,48,95,109,109,34,66,82,82,184,184,197,272,285,302,328,328,328,356,380,380,407,419,419,68,68,170,220,238,460,82,82,96,96,127,139,163,188,188,188],"floor_reached":45,"language":"ENG","playtime":4319,"items_purged":["Strike_B","Strike_B","Rebound"],"score":964,"play_id":"71b84b9a-9c8d-487b-96cf-9344638e0c96","local_time":"20210128004546","is_ascension_mode":true,"campfire_choices":[{"data":"Sunder","floor":6,"key":"SMITH"},{"data":"Fission","floor":8,"key":"SMITH"},{"data":"Sweeping Beam","floor":15,"key":"SMITH"},{"floor":23,"key":"REST"},{"floor":27,"key":"REST"},{"floor":30,"key":"REST"},{"floor":32,"key":"REST"},{"floor":40,"key":"REST"}],"circlet_count":0,"master_deck":["AscendersBane","Strike_B+1","Defend_B","Defend_B","Defend_B","Defend_B","Zap","Dualcast","Sweeping Beam+1","Sunder+1","Fission+1","Coolheaded","Auto Shields","Go for the Eyes","Echo Form","Leap","Ball Lightning","Conserve Battery","Compile Driver+1","Compile Driver+1","Multi-Cast","Glacier","Consume","Cold Snap+1","Biased Cognition","Sweeping Beam+1","Echo Form","Panache","Conserve Battery","Streamline+1","Conserve Battery+1"],"relics":["Cracked Core","Orichalcum","StrikeDummy","Bag of Marbles","Smiling Mask","Fusion Hammer","Red Mask","Meat on the Bone","Bronze Scales","Molten Egg 2","Orrery","Pen Nib","Tiny House","DollysMirror","Pantograph","Happy Flower","Oddly Smooth Stone"],"acts_visited":["Exordium","TheCity","TheBeyond"],"potions_floor_usage":[7,13,21,41,44,44,44,45],"damage_taken":[{"damage":7,"enemies":"Small Slimes","floor":1,"turns":3},{"damage":0,"enemies":"Cultist","floor":2,"turns":3},{"damage":4,"enemies":"2 Louse","floor":3,"turns":2},{"damage":11,"enemies":"Blue Slaver","floor":4,"turns":4},{"damage":0,"enemies":"Gremlin Nob","floor":7,"turns":2},{"damage":0,"enemies":"Red Slaver","floor":10,"turns":1},{"damage":28,"enemies":"Lagavulin","floor":13,"turns":6},{"damage":0,"enemies":"Looter","floor":14,"turns":2},{"damage":7,"enemies":"Slime Boss","floor":16,"turns":8},{"damage":6,"enemies":"3 Byrds","floor":18,"turns":4},{"damage":0,"enemies":"Spheric Guardian","floor":20,"turns":3},{"damage":3,"enemies":"Shelled Parasite and Fungi","floor":21,"turns":5},{"damage":0,"enemies":"Masked Bandits","floor":22,"turns":4},{"damage":12,"enemies":"Book of Stabbing","floor":25,"turns":5},{"damage":28,"enemies":"Gremlin Leader","floor":28,"turns":7},{"damage":5,"enemies":"Snake Plant","floor":29,"turns":3},{"damage":50,"enemies":"Automaton","floor":33,"turns":14},{"damage":0,"enemies":"3 Shapes","floor":35,"turns":10},{"damage":0,"enemies":"Orb Walker","floor":39,"turns":2},{"damage":0,"enemies":"Giant Head","floor":41,"turns":8},{"damage":0,"enemies":"4 Shapes","floor":42,"turns":5},{"damage":74,"enemies":"Reptomancer","floor":44,"turns":6},{"damage":37,"enemies":"Transient","floor":45,"turns":3}],"seed_played":"-864164694937781858","potions_obtained":[{"floor":2,"key":"Swift Potion"},{"floor":4,"key":"DuplicationPotion"},{"floor":10,"key":"PowerPotion"},{"floor":16,"key":"Block Potion"},{"floor":28,"key":"SteroidPotion"},{"floor":33,"key":"Swift Potion"},{"floor":34,"key":"DuplicationPotion"},{"floor":35,"key":"Strength Potion"},{"floor":38,"key":"EntropicBrew"},{"floor":42,"key":"Strength Potion"}],"is_trial":false,"path_per_floor":["M","M","M","M","$","R","E","R","T","M","?","$","E","M","R","B",null,"M","?","M","M","?","R","?","E","T","R","E","M","R","$","R","B",null,"M","?","$","?","M","R","E","M","T","E","M"],"character_chosen":"DEFECT","items_purchased":["Orichalcum","Orrery","Pen Nib","DollysMirror","Panache"],"campfire_rested":5,"item_purchase_floors":[5,31,31,37,37],"current_hp_per_floor":[68,68,64,53,53,53,53,53,53,53,53,53,25,25,25,18,66,60,52,52,49,49,73,57,45,45,71,55,50,76,76,87,49,83,83,83,83,83,83,92,92,92,92,30,0,0],"gold":188,"neow_bonus":"TEN_PERCENT_HP_BONUS","is_daily":false,"chose_seed":false,"campfire_upgraded":3,"win_rate":0.0,"timestamp":1611816346,"path_taken":["M","M","M","M","$","R","E","R","T","M","?","$","E","M","R","BOSS","M","?","M","?","?","R","?","E","T","R","E","M","R","$","R","BOSS","M","?","$","?","?","R","E","M","T","E","M"],"items_purchased_type":["Relic","Relic","Relic","Relic","Card"],"build_version":"2020-12-22","purchased_purges":3,"victory":false,"max_hp_per_floor":[82,82,82,82,82,82,82,82,82,82,82,82,82,82,82,82,82,82,82,82,82,82,82,87,87,87,87,87,87,87,87,87,87,92,92,92,92,92,92,92,92,92,92,92,92,92],"relic_stats":{"Happy Flower":[3],"counters":[23,110],"Bronze Scales":[119],"Pantograph":0,"Pen Nib":[8],"Orichalcum":[264],"Smiling Mask":125,"obtain_stats":[{"Tiny House":34,"Happy Flower":43,"Oddly Smooth Stone":44,"Pen Nib":31,"Orichalcum":5,"Smiling Mask":13,"DollysMirror":37,"Bronze Scales":26,"Pantograph":41,"Orrery":31,"Molten Egg 2":28,"Fusion Hammer":17,"Bag of Marbles":9,"Red Mask":22,"Cracked Core":0,"StrikeDummy":7,"Meat on the Bone":25},{"Tiny House":17,"Happy Flower":21,"Oddly Smooth Stone":22,"Pen Nib":16,"Orichalcum":4,"Smiling Mask":7,"DollysMirror":18,"Bronze Scales":14,"Pantograph":20,"Orrery":16,"Molten Egg 2":15,"Fusion Hammer":9,"Bag of Marbles":5,"Red Mask":13,"Cracked Core":0,"StrikeDummy":5,"Meat on the Bone":14},{"Tiny House":76,"Happy Flower":101,"Oddly Smooth Stone":107,"Pen Nib":62,"Orichalcum":12,"Smiling Mask":21,"DollysMirror":86,"Bronze Scales":52,"Pantograph":96,"Orrery":62,"Molten Egg 2":59,"Fusion Hammer":31,"Bag of Marbles":14,"Red Mask":47,"Cracked Core":0,"StrikeDummy":14,"Meat on the Bone":52}],"Meat on the Bone":36},"card_choices":[{"not_picked":["Barrage","Undo"],"picked":"Sweeping Beam","floor":1},{"not_picked":["Hologram","Redo","Steam Power"],"picked":"SKIP","floor":2},{"not_picked":["Conserve Battery","Barrage"],"picked":"Sunder","floor":3},{"not_picked":["Reinforced Body","Tempest"],"picked":"Rebound","floor":4},{"not_picked":["Gash","Double Energy"],"picked":"Fission","floor":7},{"not_picked":["Redo","Lockon"],"picked":"Coolheaded","floor":10},{"not_picked":["Thunder Strike","Scrape"],"picked":"Auto Shields","floor":13},{"not_picked":["Stack","Compile Driver"],"picked":"Go for the Eyes","floor":14},{"not_picked":["Creative AI","Amplify"],"picked":"Echo Form","floor":16},{"not_picked":["Steam","Steam Power","Turbo"],"picked":"SKIP","floor":18},{"not_picked":["Melter","Reprogram"],"picked":"Leap","floor":20},{"not_picked":["Force Field","Sunder"],"picked":"Ball Lightning","floor":21},{"not_picked":["Reinforced Body","Barrage"],"picked":"Conserve Battery","floor":25},{"not_picked":["Go for the Eyes+1","Sunder+1"],"picked":"Compile Driver+1","floor":28},{"not_picked":["Streamline+1","Turbo+1"],"picked":"Compile Driver+1","floor":29},{"not_picked":["Compile Driver+1","Steam+1"],"picked":"Multi-Cast","floor":31},{"not_picked":["Go for the Eyes+1","Coolheaded"],"picked":"Glacier","floor":31},{"not_picked":["Beam Cell+1","Storm"],"picked":"Consume","floor":31},{"not_picked":["Self Repair","Rebound+1"],"picked":"Cold Snap+1","floor":31},{"not_picked":["All For One+1","Amplify"],"picked":"Biased Cognition","floor":33},{"not_picked":["Beam Cell+1","Rebound+1"],"picked":"Sweeping Beam+1","floor":34},{"not_picked":["Cold Snap+1","Conserve Battery","Static Discharge"],"picked":"SKIP","floor":35},{"not_picked":["Barrage+1","Cold Snap+1"],"picked":"Conserve Battery","floor":39},{"not_picked":["BootSequence","Leap","Lockon+1"],"picked":"SKIP","floor":41},{"not_picked":["Turbo","Coolheaded"],"picked":"Streamline+1","floor":42},{"not_picked":["Streamline+1","Hyperbeam+1"],"picked":"Conserve Battery+1","floor":44}],"player_experience":1029589,"relics_obtained":[{"floor":7,"key":"StrikeDummy"},{"floor":9,"key":"Bag of Marbles"},{"floor":13,"key":"Smiling Mask"},{"floor":22,"key":"Red Mask"},{"floor":25,"key":"Meat on the Bone"},{"floor":26,"key":"Bronze Scales"},{"floor":28,"key":"Molten Egg 2"},{"floor":41,"key":"Pantograph"},{"floor":43,"key":"Happy Flower"},{"floor":44,"key":"Oddly Smooth Stone"}],"event_choices":[{"cards_removed":["Strike_B"],"damage_healed":0,"gold_gain":0,"player_choice":"Forget","damage_taken":0,"max_hp_gain":0,"max_hp_loss":0,"event_name":"Living Wall","floor":11,"gold_loss":0},{"damage_healed":0,"gold_gain":75,"player_choice":"Touch","damage_taken":8,"max_hp_gain":0,"max_hp_loss":0,"event_name":"FaceTrader","floor":19,"gold_loss":0},{"damage_healed":0,"gold_gain":0,"player_choice":"Fought Bandits","damage_taken":0,"max_hp_gain":0,"max_hp_loss":0,"event_name":"Masked Bandits","floor":22,"gold_loss":0},{"damage_healed":0,"gold_gain":0,"player_choice":"Shed Blood","damage_taken":21,"max_hp_gain":5,"max_hp_loss":0,"event_name":"Forgotten Altar","floor":24,"gold_loss":0},{"damage_healed":0,"gold_gain":222,"player_choice":"Wore Mask","damage_taken":0,"max_hp_gain":0,"max_hp_loss":0,"event_name":"Tomb of Lord Red Mask","floor":36,"gold_loss":0},{"damage_healed":0,"gold_gain":0,"player_choice":"Got Potions","damage_taken":0,"max_hp_gain":0,"max_hp_loss":0,"event_name":"Lab","floor":38,"gold_loss":0}],"is_beta":false,"boss_relics":[{"not_picked":["Nuclear Battery","SlaversCollar"],"picked":"Fusion Hammer"},{"not_picked":["SacredBark","Empty Cage"],"picked":"Tiny House"}],"items_purged_floors":[12,31,37],"is_endless":false,"potions_floor_spawned":[2,4,10,16,18,20,28,33,35,42],"killed_by":"Transient","ascension_level":12}}