{"host":"sz8c8ni79nvzjmmg","time":1611824257,"event":{"mods":["AchievementEnabler","BaseMod","DeckTracker","Keyboard Shortcuts","Minty Spire (QoL Compilation)","SuperFastMode"],"gold_per_floor":[13,13,13,13,36,36,111,111,111,129,143,176,194,219,219,312,312,335,355,180,203,203,203,223,223,250,273,6,20,20,61,61,155,155,170,45,59,8,8,41,41,74,154,188,188,202,202,245,245,245,245],"floor_reached":52,"language":"KOR","playtime":3012,"items_purged":["Strike_B","Strike_B","Defend_B"],"score":2055,"play_id":"586b85ec-83ee-4e9b-b236-0bfe94861dac","local_time":"20210128175737","is_ascension_mode":true,"campfire_choices":[{"data":"Biased Cognition","floor":6.0,"key":"SMITH"},{"data":"Dualcast","floor":8.0,"key":"SMITH"},{"data":"Loop","floor":15.0,"key":"SMITH"},{"data":"Enlightenment","floor":23.0,"key":"SMITH"},{"data":"Coolheaded","floor":25.0,"key":"SMITH"},{"data":"White Noise","floor":32.0,"key":"SMITH"},{"data":"Coolheaded","floor":41.0,"key":"SMITH"},{"data":"Seek","floor":45.0,"key":"SMITH"},{"data":"Turbo","floor":47.0,"key":"SMITH"},{"data":"Amplify","floor":49.0,"key":"SMITH"}],"circlet_count":0,"master_deck":["AscendersBane","Defend_B","Defend_B","Zap+1","Dualcast+1","Biased Cognition+1","Conserve Battery","Undo+1","Meteor Strike","Turbo+1","Tempest","Compile Driver","Loop+1","Electrodynamics","Coolheaded+1","Redo+1","Enlightenment+1","Self Repair","Meteor Strike","Reinforced Body","White Noise+1","Seek+1","Coolheaded+1","Multi-Cast","Hologram","Coolheaded+1","Amplify+1"],"relics":["Cracked Core","Golden Idol","Pantograph","MealTicket","Runic Pyramid","Centennial Puzzle","OrangePellets","Happy Flower","SacredBark","Boot","The Courier","Eternal Feather","Strawberry"],"acts_visited":["Exordium","TheCity","TheBeyond"],"potions_floor_usage":[],"damage_taken":[{"damage":7.0,"enemies":"Jaw Worm","floor":1.0,"turns":2.0},{"damage":0.0,"enemies":"2 Louse","floor":5.0,"turns":3.0},{"damage":3.0,"enemies":"Small Slimes","floor":10.0,"turns":3.0},{"damage":11.0,"enemies":"Looter","floor":11.0,"turns":3.0},{"damage":0.0,"enemies":"Lagavulin","floor":12.0,"turns":5.0},{"damage":5.0,"enemies":"Lots of Slimes","floor":13.0,"turns":4.0},{"damage":7.0,"enemies":"Exordium Wildlife","floor":14.0,"turns":4.0},{"damage":18.0,"enemies":"The Guardian","floor":16.0,"turns":12.0},{"damage":6.0,"enemies":"Spheric Guardian","floor":18.0,"turns":3.0},{"damage":1.0,"enemies":"3 Byrds","floor":19.0,"turns":3.0},{"damage":18.0,"enemies":"Centurion and Healer","floor":21.0,"turns":3.0},{"damage":0.0,"enemies":"Sentry and Sphere","floor":24.0,"turns":4.0},{"damage":16.0,"enemies":"Shelled Parasite and Fungi","floor":27.0,"turns":2.0},{"damage":0.0,"enemies":"Snecko","floor":29.0,"turns":4.0},{"damage":26.0,"enemies":"Gremlin Leader","floor":31.0,"turns":3.0},{"damage":18.0,"enemies":"Champ","floor":33.0,"turns":10.0},{"damage":3.0,"enemies":"Orb Walker","floor":35.0,"turns":3.0},{"damage":8.0,"enemies":"3 Darklings","floor":37.0,"turns":2.0},{"damage":0.0,"enemies":"Reptomancer","floor":40.0,"turns":3.0},{"damage":27.0,"enemies":"Giant Head","floor":42.0,"turns":6.0},{"damage":0.0,"enemies":"Nemesis","floor":44.0,"turns":3.0},{"damage":5.0,"enemies":"Writhing Mass","floor":46.0,"turns":3.0},{"damage":11.0,"enemies":"Reptomancer","floor":48.0,"turns":2.0},{"damage":35,"enemies":"Awakened One","floor":50,"turns":9},{"damage":15,"enemies":"Time Eater","floor":51,"turns":8}],"seed_played":"-3744749655326705274","potions_obtained":[{"floor":5.0,"key":"Explosive Potion"},{"floor":11.0,"key":"Dexterity Potion"},{"floor":14.0,"key":"SpeedPotion"},{"floor":16.0,"key":"FocusPotion"},{"floor":42.0,"key":"Weak Potion"},{"floor":44.0,"key":"PowerPotion"}],"is_trial":false,"path_per_floor":["M","?","?","?","M","R","?","R","T","M","M","E","M","M","R","B",null,"M","M","$","M","?","R","M","R","T","M","$","M","?","E","R","B",null,"M","$","M","$","?","E","R","E","T","E","R","M","R","E","R","B","B",null],"character_chosen":"DEFECT","items_purchased":["Enlightenment","OrangePellets","Coolheaded"],"campfire_rested":0,"item_purchase_floors":[20,28,38],"current_hp_per_floor":[57,57,57,38,38,38,27,27,27,24,13,13,8,1,1,8,50,44,43,58,40,40,40,47,47,47,31,46,53,53,34,34,48,60,64,64,56,64,61,61,61,41,41,48,61,61,61,64,68,47,60],"gold":245,"neow_bonus":"THREE_RARE_CARDS","is_daily":false,"chose_seed":false,"campfire_upgraded":10,"win_rate":0.0,"timestamp":1611824257,"path_taken":["M","?","?","?","M","R","?","R","T","M","M","E","M","M","R","BOSS","M","M","$","M","?","R","M","R","T","M","$","M","?","E","R","BOSS","M","$","M","?","?","E","R","E","T","E","R","M","R","E","R","BOSS","BOSS"],"items_purchased_type":["Card","Relic","Card"],"build_version":"2020-12-22","purchased_purges":3,"victory":true,"max_hp_per_floor":[71,71,64,64,64,64,64,64,64,64,64,64,64,64,64,64,64,64,64,64,64,64,64,64,64,64,64,64,64,64,64,64,64,64,64,64,64,64,61,61,61,61,61,61,61,61,61,68,68,68,68],"card_choices":[{"not_picked":["Reboot","Core Surge"],"picked":"Biased Cognition","floor":0.0},{"not_picked":["Gash","Redo"],"picked":"Conserve Battery","floor":1.0},{"not_picked":["Stack","Melter"],"picked":"Meteor Strike","floor":5.0},{"not_picked":["Storm","Lockon"],"picked":"Turbo","floor":10.0},{"not_picked":["Go for the Eyes","Streamline"],"picked":"Tempest","floor":11.0},{"not_picked":["FTL","Chaos"],"picked":"Compile Driver","floor":12.0},{"not_picked":["Beam Cell","Rebound"],"picked":"Loop","floor":13.0},{"not_picked":["Consume","Doom and Gloom","Darkness"],"picked":"SKIP","floor":14.0},{"not_picked":["Hyperbeam","Multi-Cast"],"picked":"Electrodynamics","floor":16.0},{"not_picked":["Rebound","Streamline"],"picked":"Coolheaded","floor":18.0},{"not_picked":["Steam","Streamline"],"picked":"Redo","floor":19.0},{"not_picked":["Rebound","Coolheaded"],"picked":"Self Repair","floor":21.0},{"not_picked":["Beam Cell","Reprogram","Barrage"],"picked":"SKIP","floor":24.0},{"not_picked":["Streamline","Stack","Cold Snap"],"picked":"SKIP","floor":27.0},{"not_picked":["Go for the Eyes","Conserve Battery","Sweeping Beam"],"picked":"SKIP","floor":29.0},{"not_picked":["Conserve Battery","Consume"],"picked":"White Noise","floor":31.0},{"not_picked":["Reboot","Electrodynamics"],"picked":"Seek","floor":33.0},{"not_picked":["Beam Cell+1","Steam","Sweeping Beam+1"],"picked":"SKIP","floor":35.0},{"not_picked":["Rip and Tear+1","Reprogram+1","Gash"],"picked":"SKIP","floor":37.0},{"not_picked":["Conserve Battery","Sweeping Beam"],"picked":"Multi-Cast","floor":40.0},{"not_picked":["Go for the Eyes","Hello World"],"picked":"Hologram","floor":42.0},{"not_picked":["Barrage","Static Discharge+1","Cold Snap+1"],"picked":"SKIP","floor":44.0},{"not_picked":["Cold Snap","Fusion+1"],"picked":"Coolheaded+1","floor":46.0},{"not_picked":["Streamline","Storm"],"picked":"Amplify","floor":48.0}],"player_experience":1232720,"relics_obtained":[{"floor":9.0,"key":"Pantograph"},{"floor":12.0,"key":"MealTicket"},{"floor":26.0,"key":"Centennial Puzzle"},{"floor":31.0,"key":"Happy Flower"},{"floor":40.0,"key":"Boot"},{"floor":42.0,"key":"The Courier"},{"floor":44.0,"key":"Eternal Feather"},{"floor":48.0,"key":"Strawberry"}],"event_choices":[{"damage_healed":0.0,"max_hp_gain":0.0,"max_hp_loss":0.0,"gold_gain":0.0,"cards_transformed":["Defend_B"],"event_name":"Living Wall","player_choice":"Change","floor":2.0,"gold_loss":0.0,"damage_taken":0.0,"cards_obtained":["Undo"]},{"damage_healed":0.0,"max_hp_gain":0.0,"max_hp_loss":7.0,"gold_gain":0.0,"event_name":"Golden Idol","player_choice":"Lose Max HP","floor":3.0,"gold_loss":0.0,"damage_taken":0.0,"relics_obtained":["Golden Idol"]},{"damage_healed":0.0,"max_hp_gain":0.0,"max_hp_loss":0.0,"gold_gain":0.0,"event_name":"Shining Light","player_choice":"Entered Light","floor":4.0,"gold_loss":0.0,"damage_taken":19.0,"cards_upgraded":["Undo","Zap"]},{"damage_healed":0.0,"max_hp_gain":0.0,"max_hp_loss":0.0,"gold_gain":75.0,"event_name":"World of Goop","player_choice":"Gather Gold","floor":7.0,"gold_loss":0.0,"damage_taken":11.0},{"damage_healed":0.0,"max_hp_gain":0.0,"max_hp_loss":0.0,"gold_gain":0.0,"cards_transformed":["Strike_B","Strike_B"],"event_name":"Drug Dealer","player_choice":"Became Test Subject","floor":22.0,"gold_loss":0.0,"damage_taken":0.0,"cards_obtained":["Meteor Strike","Reinforced Body"]},{"damage_healed":0.0,"max_hp_gain":0.0,"max_hp_loss":0.0,"gold_gain":0.0,"event_name":"Upgrade Shrine","player_choice":"Upgraded","floor":30.0,"gold_loss":0.0,"damage_taken":0.0,"cards_upgraded":["Redo"]},{"damage_healed":0.0,"max_hp_gain":0.0,"max_hp_loss":3.0,"gold_gain":0.0,"event_name":"Winding Halls","player_choice":"Max HP","floor":39.0,"gold_loss":0.0,"damage_taken":0.0}],"is_beta":false,"boss_relics":[{"not_picked":["SlaversCollar","Pandora\u0027s Box"],"picked":"Runic Pyramid"},{"not_picked":["FrozenCore","Runic Dome"],"picked":"SacredBark"}],"items_purged_floors":[20,28,36],"is_endless":false,"potions_floor_spawned":[5,11,14,16,19,21,27,33,35,42,44],"ascension_level":20}}