{"host":"og6lam4kt3nibbw0","time":1611856693,"event":{"mods":["AchievementEnabler","BaseMod","Colored Map","DeckTracker","Highlight Path","Keyboard Shortcuts","Minty Spire (QoL Compilation)","Permanent Neow","Quick Restart","StSLib","SuperFastMode"],"gold_per_floor":[117,117,267,281,281,46,81,101,101,118,118,128,147,159,159,235,235,255,271,6,6,6,6,6,6,6,30,30,130,130,130],"floor_reached":30,"language":"KOR","playtime":1574,"items_purged":["Doubt","Strike_G"],"score":506,"play_id":"1c9338ff-1fec-4f7b-94fa-d802f4eb6a81","local_time":"20210129025813","is_ascension_mode":true,"campfire_choices":[{"floor":15,"key":"REST"},{"data":"Acrobatics","floor":23,"key":"SMITH"},{"data":"Underhanded Strike","floor":25,"key":"SMITH"},{"data":"Prepared","floor":28,"key":"SMITH"}],"circlet_count":0,"master_deck":["AscendersBane","Strike_G","Strike_G","Strike_G","Defend_G","Defend_G","Defend_G","Survivor","Neutralize","Deadly Poison+1","Acrobatics+1","Dagger Throw","Backflip","Underhanded Strike+1","Reflex","Tools of the Trade","Corpse Explosion","Prepared+1"],"relics":["Ring of the Snake","TheAbacus","Pocketwatch","Ginger","Sozu","Lee\u0027s Waffle","TungstenRod","Vajra","Gambling Chip","InkBottle"],"acts_visited":["Exordium","TheCity"],"potions_floor_usage":[10,12],"damage_taken":[{"damage":7,"enemies":"Small Slimes","floor":1,"turns":4},{"damage":1,"enemies":"2 Louse","floor":4,"turns":2},{"damage":33,"enemies":"Lagavulin","floor":7,"turns":8},{"damage":0,"enemies":"Cultist","floor":8,"turns":4},{"damage":1,"enemies":"3 Louse","floor":10,"turns":4},{"damage":2,"enemies":"Large Slime","floor":12,"turns":5},{"damage":0,"enemies":"Looter","floor":13,"turns":3},{"damage":2,"enemies":"2 Fungi Beasts","floor":14,"turns":5},{"damage":11,"enemies":"Hexaghost","floor":16,"turns":9},{"damage":15,"enemies":"Shell Parasite","floor":18,"turns":5},{"damage":19,"enemies":"2 Thieves","floor":19,"turns":3},{"damage":17,"enemies":"Colosseum Slavers","floor":29,"turns":2},{"damage":51,"enemies":"Colosseum Nobs","floor":29,"turns":4},{"damage":4,"enemies":"Sentry and Sphere","floor":30,"turns":2}],"seed_played":"7193155358332758026","potions_obtained":[{"floor":1,"key":"Weak Potion"},{"floor":8,"key":"AttackPotion"},{"floor":10,"key":"Weak Potion"}],"is_trial":false,"path_per_floor":["M","?","?","M","?","$","E","M","T","M","?","M","M","M","R","B",null,"M","M","$","?","?","R","?","R","T","T","R","?","M"],"character_chosen":"THE_SILENT","items_purchased":["TheAbacus","Lee\u0027s Waffle"],"campfire_rested":1,"item_purchase_floors":[6,20],"current_hp_per_floor":[52,52,52,51,56,56,23,23,23,22,22,20,20,18,37,26,55,40,21,72,72,72,72,72,72,72,72,72,4,0,0],"gold":130,"neow_bonus":"REMOVE_TWO","is_daily":false,"chose_seed":false,"campfire_upgraded":3,"win_rate":0.0,"timestamp":1611856693,"path_taken":["M","?","?","M","?","$","E","M","T","M","?","M","?","M","R","BOSS","M","M","$","?","?","R","?","R","T","T","?","R","?","M"],"items_purchased_type":["Relic","Relic"],"build_version":"2020-12-22","purchased_purges":2,"victory":false,"max_hp_per_floor":[60,60,60,60,65,65,65,65,65,65,65,65,65,65,65,65,65,65,65,72,72,72,72,72,72,72,72,72,72,72,72],"card_choices":[{"not_picked":["Flechettes","Outmaneuver"],"picked":"Deadly Poison","floor":1},{"not_picked":["Sucker Punch","Acrobatics"],"picked":"Dagger Throw","floor":4},{"not_picked":["Underhanded Strike","Noxious Fumes"],"picked":"Backflip","floor":7},{"not_picked":["Predator","Dodge and Roll","Backflip"],"picked":"SKIP","floor":8},{"not_picked":["Predator","Slice"],"picked":"Underhanded Strike","floor":10},{"not_picked":["Finisher","Flying Knee","Slice"],"picked":"SKIP","floor":12},{"not_picked":["Outmaneuver","Bane"],"picked":"Reflex","floor":13},{"not_picked":["Crippling Poison","Flechettes"],"picked":"Tools of the Trade","floor":14},{"not_picked":["Doppelganger","Unload"],"picked":"Corpse Explosion","floor":16},{"not_picked":["Poisoned Stab","Bane","Infinite Blades"],"picked":"SKIP","floor":18},{"not_picked":["Skewer","Distraction"],"picked":"Prepared","floor":19}],"player_experience":964361,"relics_obtained":[{"floor":7,"key":"Pocketwatch"},{"floor":9,"key":"Ginger"},{"floor":26,"key":"TungstenRod"},{"floor":27,"key":"Vajra"},{"floor":29,"key":"Gambling Chip"},{"floor":29,"key":"InkBottle"}],"event_choices":[{"damage_healed":0,"gold_gain":0,"cards_transformed":["Strike_G"],"player_choice":"Change","damage_taken":0,"max_hp_gain":0,"max_hp_loss":0,"event_name":"Living Wall","floor":2,"gold_loss":0,"cards_obtained":["Acrobatics"]},{"damage_healed":0,"gold_gain":150,"player_choice":"AGREE","damage_taken":0,"max_hp_gain":0,"max_hp_loss":0,"event_name":"Liars Game","floor":3,"gold_loss":0,"cards_obtained":["Doubt"]},{"damage_healed":0,"gold_gain":0,"player_choice":"Donut","damage_taken":0,"max_hp_gain":5,"max_hp_loss":0,"event_name":"Big Fish","floor":5,"gold_loss":0},{"damage_healed":0,"gold_gain":0,"player_choice":"Upgraded","damage_taken":0,"max_hp_gain":0,"max_hp_loss":0,"event_name":"Upgrade Shrine","floor":11,"gold_loss":0,"cards_upgraded":["Deadly Poison"]},{"damage_healed":0,"gold_gain":0,"player_choice":"Ignored","damage_taken":0,"max_hp_gain":0,"max_hp_loss":0,"event_name":"Ghosts","floor":22,"gold_loss":0},{"damage_healed":0,"gold_gain":0,"player_choice":"Ignored","damage_taken":0,"max_hp_gain":0,"max_hp_loss":0,"event_name":"Vampires","floor":24,"gold_loss":0},{"damage_healed":0,"gold_gain":0,"player_choice":"Fight","damage_taken":0,"max_hp_gain":0,"max_hp_loss":0,"event_name":"Colosseum","floor":29,"gold_loss":0},{"damage_healed":0,"gold_gain":0,"player_choice":"Fought Nobs","damage_taken":0,"max_hp_gain":0,"max_hp_loss":0,"event_name":"Colosseum","floor":29,"gold_loss":0}],"is_beta":false,"boss_relics":[{"not_picked":["SlaversCollar","WristBlade"],"picked":"Sozu"}],"items_purged_floors":[6,20],"is_endless":false,"potions_floor_spawned":[1,8,10,19],"killed_by":"Sentry and Sphere","ascension_level":20}}