{"host":"fligtxqnrbjmaaid","time":1611802682,"event":{"mods":["ATMod(°¢èªMod)","AchievementEnabler","Act Like it!","BaseMod","Dota2Spire","Downfall","Hallownest","Infinite Spire","Lobotomy","Marisa£¨ìFÓê¡¡Ä§ÀíÉ³£©","Minty Spire (QoL Compilation)","Replay The Spire","StSLib","The Blackbeard","The Construct","The Cursed","The Gatherer","The Runesmith","The Senshi","[IsaacMod]ÒÔÈö¼âËþ"],"gold_per_floor":[118,118,135,135,149,149,159,179,253,273,292,292,308,322,322,417,417,435,466,448,462,462,493,493,493,493,493,511,528,528,545,545,641,641,696,696,696,696,696,696,760,480,504,567,619,619,675,732,732,884,884,955,1018,1018,1018,1094,1181,1181,1250,1250,1331,1424,1424,1424,1517,1517,1509,1509],"floor_reached":67,"language":"ZHS","playtime":4405,"items_purged":["Strike_R"],"score":1124,"play_id":"835f0290-b88a-400d-8d7b-e244164eea80","local_time":"20210128105802","is_ascension_mode":false,"campfire_choices":[{"data":"Battle Trance","floor":6,"key":"SMITH"},{"data":"Flame Barrier","floor":12,"key":"SMITH"},{"data":"Anger","floor":15,"key":"SMITH"},{"data":"infinitespire:Fortify","floor":25,"key":"SMITH"},{"data":"Ghostly Armor","floor":27,"key":"SMITH"},{"data":"Feel No Pain","floor":30,"key":"SMITH"},{"floor":32,"key":"DIG"},{"floor":40,"key":"RECALL"},{"floor":46,"key":"REST"},{"floor":49,"key":"REST"},{"floor":64,"key":"REST"},{"floor":66,"key":"REST"}],"circlet_count":0,"master_deck":["Strike_R","Strike_R","Strike_R","Strike_R","Defend_R","Defend_R","Defend_R","Defend_R","AT_Dispersion+1","Battle Trance+1","AT_BodySlamDance+1","Sentinel","Flame Barrier+1","Anger+1","Ghostly Armor+1","infinitespire:Fortify+1","Anger","Feel No Pain+1","Dark Embrace+1","AT_ShrugMaster","AT_ShrugMaster","Replay:Undeath\u0027s Touch","Feel No Pain+1","Anger+1","Feel No Pain","Anger"],"relics":["Black Blood","AT_ATBox","HushsDoor","YumHeart","AT_ForceNature","Red Mask","Dota2Spire:BattleFury","Boot","Fusion Hammer","infinitespire:EvilPickle","MagicMushroom","AT_BladeRuinedKing","AT_RedTearstoneRing","BloodDonationMachine","Mark of Pain","Leech","Molten Egg 2"],"acts_visited":["Exordium","TheCity","TheBeyond","Exordium"],"potions_floor_usage":[16,50],"damage_taken":[{"damage":2,"enemies":"Small Slimes","floor":1,"turns":3},{"damage":1,"enemies":"Cultist","floor":3,"turns":5},{"damage":3,"enemies":"Jaw Worm","floor":5,"turns":6},{"damage":4,"enemies":"Blue Slaver","floor":7,"turns":7},{"damage":13,"enemies":"Lots of Slimes","floor":8,"turns":6},{"damage":2,"enemies":"3 Louse","floor":10,"turns":5},{"damage":22,"enemies":"Gremlin Gang","floor":11,"turns":8},{"damage":4,"enemies":"Exordium Thugs","floor":13,"turns":7},{"damage":0,"enemies":"3 Louse","floor":14,"turns":4},{"damage":66,"enemies":"Fading Forest","floor":16,"turns":11},{"damage":14,"enemies":"Shell Parasite","floor":18,"turns":9},{"damage":32,"enemies":"Masked Bandits","floor":19,"turns":6},{"damage":5,"enemies":"2 Thieves","floor":20,"turns":4},{"damage":22,"enemies":"Chosen and Byrds","floor":21,"turns":8},{"damage":31,"enemies":"Nightmare","floor":23,"turns":14},{"damage":10,"enemies":"Sentry and Sphere","floor":28,"turns":7},{"damage":7,"enemies":"Snecko","floor":29,"turns":9},{"damage":2,"enemies":"Centurion and Healer","floor":31,"turns":9},{"damage":34,"enemies":"Pondfish","floor":33,"turns":14},{"damage":1,"enemies":"Orb Walker","floor":35,"turns":4},{"damage":1,"enemies":"3 Darklings","floor":41,"turns":4},{"damage":0,"enemies":"R_Hoarder","floor":44,"turns":2},{"damage":4,"enemies":"Writhing Mass","floor":45,"turns":3},{"damage":6,"enemies":"Jaw Worm Horde","floor":47,"turns":4},{"damage":0,"enemies":"3 Darklings","floor":48,"turns":3},{"damage":0,"enemies":"Donu and Deca","floor":50,"turns":5},{"damage":2,"enemies":"2 Louse","floor":52,"turns":1},{"damage":0,"enemies":"Cultist","floor":53,"turns":3},{"damage":6,"enemies":"Small Slimes","floor":56,"turns":2},{"damage":0,"enemies":"Lagavulin","floor":57,"turns":2},{"damage":0,"enemies":"Gremlin Gang","floor":59,"turns":4},{"damage":0,"enemies":"Blue Slaver","floor":61,"turns":3},{"damage":0,"enemies":"Lots of Slimes","floor":62,"turns":2},{"damage":2,"enemies":"Gremlin Gang","floor":65,"turns":3},{"damage":0,"enemies":"LittleHush","floor":67,"turns":1}],"seed_played":"-6383074178272308745","potions_obtained":[{"floor":7,"key":"Ancient Potion"},{"floor":10,"key":"ColorlessPotion"},{"floor":11,"key":"BlessingOfTheForge"},{"floor":16,"key":"Toxic Potion"},{"floor":18,"key":"Reflective Coating"},{"floor":20,"key":"Fire Potion"},{"floor":21,"key":"Energy Potion"},{"floor":29,"key":"BloodPotion"},{"floor":53,"key":"ElixirPotion"}],"is_trial":false,"path_per_floor":["M","?","M","?","M","R","M","M","T","M","M","R","M","M","R","B",null,"M","?","M","M","AVR","NM","?","R","T","R","M","M","R","M","R","B",null,"M","AVR","?","?","?","R","M","$","T","E","M","R","M","M","R","B",null,"M","M","AVR","?","M","E","?","M","T","M","M","T","R","M","R","B"],"character_chosen":"IRONCLAD","items_purchased":["AT_ShrugMaster","AT_BladeRuinedKing"],"campfire_rested":4,"item_purchase_floors":[42,42],"current_hp_per_floor":[80,80,80,80,80,80,80,73,73,77,80,80,80,80,80,28,80,78,80,80,70,70,51,51,51,51,51,78,80,80,80,80,58,80,80,87,87,87,87,87,87,87,87,87,87,87,87,87,87,87,87,87,87,87,87,87,87,87,87,87,87,87,87,87,87,87,87,87],"gold":1509,"neow_bonus":"UPGRADE_CARD","is_daily":false,"chose_seed":false,"campfire_upgraded":6,"win_rate":0.0,"timestamp":1611802682,"path_taken":["M","?","?","?","M","R","M","M","T","M","M","R","M","?","R","BOSS","M","?","M","?","AVR","NM","?","R","T","R","M","M","R","M","R","BOSS","M","AVR","?","?","?","R","?","?","T","E","M","R","M","?","R","BOSS","M","M","AVR","?","M","E","?","?","T","M","M","?","R","M","R","BOSS"],"items_purchased_type":["Card","Relic"],"build_version":"2020-12-22","purchased_purges":1,"victory":false,"max_hp_per_floor":[80,80,80,80,80,80,80,80,80,80,80,80,80,80,80,80,80,80,80,80,80,80,80,80,80,80,80,80,80,80,80,80,80,80,80,87,87,87,87,87,87,87,87,87,87,87,87,87,87,87,87,87,87,87,87,87,87,87,87,87,87,87,87,87,87,87,87,87],"card_choices":[{"not_picked":["AT_DrawKnifeCut","Bomb"],"picked":"Battle Trance","floor":1},{"not_picked":["Bomb","Perfected Strike"],"picked":"AT_BodySlamDance","floor":3},{"not_picked":["True Grit","AT_IchimonjiDouble","Feed"],"picked":"SKIP","floor":5},{"not_picked":["Clash","Run Through"],"picked":"True Grit","floor":7},{"not_picked":["Sword Boomerang","Wild Strike","Immolate"],"picked":"SKIP","floor":8},{"not_picked":["Cleave","Perfected Strike"],"picked":"Sentinel","floor":10},{"not_picked":["ReplayTheSpireMod:Strike From Hell","Pommel Strike"],"picked":"Flame Barrier","floor":11},{"not_picked":["Bomb","Heavy Blade"],"picked":"Anger","floor":13},{"not_picked":["Run Through","Corruption","AT_DrawKnifeCut"],"picked":"SKIP","floor":14},{"not_picked":["Flex","Iron Wave"],"picked":"Ghostly Armor","floor":18},{"not_picked":["Warcry","Flex+1","Headbutt"],"picked":"SKIP","floor":20},{"not_picked":["Thunderclap","Clothesline","Pommel Strike"],"picked":"SKIP","floor":21},{"not_picked":["Defy Death","Second Wind"],"picked":"Anger","floor":23},{"not_picked":["Immolate","Flex","Iron Wave"],"picked":"SKIP","floor":28},{"not_picked":["Twin Strike+1","Power Through"],"picked":"Feel No Pain","floor":29},{"not_picked":["Havoc+1","Thunderclap","Run Through"],"picked":"SKIP","floor":31},{"not_picked":["Second Wind","Cleave+1","Iron Wave"],"picked":"SKIP","floor":35},{"not_picked":["Dual Wield+1","Clash"],"picked":"Dark Embrace+1","floor":41},{"not_picked":["Cleave","Heavy Blade+1"],"picked":"Replay:Undeath\u0027s Touch","floor":44},{"not_picked":["Flex+1","Wild Strike+1","AT_ManFootWork"],"picked":"SKIP","floor":45},{"not_picked":["ReplayTheSpireMod:Strike From Hell+1","Iron Wave+1"],"picked":"Feel No Pain+1","floor":47},{"not_picked":["Wild Strike+1","AT_GerminateFire+1"],"picked":"Anger+1","floor":48},{"not_picked":["AT_CaressingTears","Cleave"],"picked":"Feel No Pain","floor":52},{"not_picked":["AT_IchimonjiDouble","Heavy Blade","Carnage"],"picked":"SKIP","floor":53},{"not_picked":["Bludgeon","Power Through","Thunderclap"],"picked":"SKIP","floor":56},{"not_picked":["Reckless Charge","Intimidate","Corruption"],"picked":"SKIP","floor":57},{"not_picked":["infinitespire:OneForAll","Headbutt","Inflame"],"picked":"SKIP","floor":59},{"not_picked":["AT_IchimonjiDouble","Iron Wave","Hemokinesis"],"picked":"SKIP","floor":61},{"not_picked":["Heavy Blade","Perfected Strike"],"picked":"Anger","floor":62},{"not_picked":["AT_DrawKnifeCut+1","Clothesline+1","Infernal Blade"],"picked":"SKIP","floor":65}],"player_experience":105857,"relics_obtained":[{"floor":9,"key":"AT_ForceNature"},{"floor":19,"key":"Red Mask"},{"floor":23,"key":"Dota2Spire:BattleFury"},{"floor":32,"key":"Boot"},{"floor":43,"key":"AT_RedTearstoneRing"},{"floor":44,"key":"BloodDonationMachine"},{"floor":60,"key":"Leech"},{"floor":63,"key":"Molten Egg 2"}],"event_choices":[{"cards_removed":["Bash"],"damage_healed":0,"gold_gain":0,"player_choice":"Forget","damage_taken":0,"max_hp_gain":0,"max_hp_loss":0,"event_name":"Living Wall","floor":2,"gold_loss":0},{"damage_healed":0,"gold_gain":0,"player_choice":"Fought Bandits","damage_taken":0,"max_hp_gain":0,"max_hp_loss":0,"event_name":"Masked Bandits","floor":19,"gold_loss":0},{"damage_healed":0,"gold_gain":0,"player_choice":"Upgraded","damage_taken":0,"max_hp_gain":0,"max_hp_loss":0,"event_name":"Upgrade Shrine","floor":37,"gold_loss":0,"cards_upgraded":["AT_BodySlamDance"]},{"cards_removed":["True Grit"],"damage_healed":0,"gold_gain":0,"player_choice":"Removed Skill","damage_taken":0,"max_hp_gain":0,"max_hp_loss":0,"event_name":"Falling","floor":38,"gold_loss":0},{"damage_healed":0,"gold_gain":0,"player_choice":"Ignored","damage_taken":0,"max_hp_gain":0,"max_hp_loss":0,"event_name":"Liars Game","floor":58,"gold_loss":0}],"is_beta":false,"boss_relics":[{"not_picked":["Calling Bell","Cursed Key"],"picked":"Black Blood"},{"not_picked":[]},{"not_picked":["SacredBark","ChampionBelt"],"picked":"Fusion Hammer"},{"not_picked":[]},{"not_picked":["infinitespire:Cupcake","Ring of Chaos"],"picked":"Mark of Pain"},{"not_picked":[]}],"items_purged_floors":[42],"is_endless":true,"potions_floor_spawned":[7,10,11,16,18,20,21,29,31,41,47,53,59,61],"killed_by":"LittleHush","ascension_level":0}}