{"host":"rolltorest","time":1611866861,"event":{"mods":["BaseMod","Jorbs\u0027s Wanderer Trilogy","Koishi","Minty Spire (QoL Compilation)","Relic Stats","Robot Space Explorer","Slay the Relics Exporter","StSLib","The Servant 0.9.4"],"gold_per_floor":[116,126,12,87,87,87,131,155,155,176,176,195,213,33,33,126,126,145,145,158,33,33,33,51,51,125,159,199,199,199],"floor_reached":29,"language":"ENG","playtime":780,"items_purged":["stsjorbsmod:Strike_Wanderer","stsjorbsmod:Strike_Wanderer","Shame"],"score":536,"play_id":"936dbeba-6de5-408e-b6cc-9dadc015e371","local_time":"20210128124741","is_ascension_mode":true,"campfire_choices":[{"floor":11,"key":"REST"},{"data":"stsjorbsmod:Fireball","floor":15,"key":"SMITH"},{"floor":23,"key":"REST"},{"data":"stsjorbsmod:ChatteringStrike","floor":25,"key":"SMITH"}],"circlet_count":0,"master_deck":["AscendersBane","stsjorbsmod:ForbiddenGrimoire+1","stsjorbsmod:Strike_Wanderer+1","stsjorbsmod:Strike_Wanderer","stsjorbsmod:Defend_Wanderer","stsjorbsmod:Defend_Wanderer","stsjorbsmod:Defend_Wanderer","stsjorbsmod:Defend_Wanderer","stsjorbsmod:FreshAdventure","stsjorbsmod:EyeOfTheStorm","stsjorbsmod:TrueStrike","stsjorbsmod:Thorns","stsjorbsmod:TollTheDead","stsjorbsmod:SmithingStrike","stsjorbsmod:ChatteringStrike+1","stsjorbsmod:Fireball+1","stsjorbsmod:PurgeMind+1","stsjorbsmod:Counterspell+1","stsjorbsmod:SchoolsOfMagic"],"relics":["SacredBark","Lizard Tail","Golden Idol","FossilizedHelix","Anchor","SlaversCollar","Blood Vial","Bottled Lightning","Matryoshka","Red Mask"],"acts_visited":["Exordium","TheCity"],"potions_floor_usage":[16,18,27,27],"damage_taken":[{"damage":8,"enemies":"Small Slimes","floor":1,"turns":5},{"damage":5,"enemies":"Jaw Worm","floor":2,"turns":4},{"damage":32,"enemies":"Gremlin Nob","floor":7,"turns":4},{"damage":0,"enemies":"Cultist","floor":8,"turns":3},{"damage":0,"enemies":"3 Louse","floor":10,"turns":3},{"damage":0,"enemies":"Blue Slaver","floor":12,"turns":2},{"damage":0,"enemies":"Exordium Thugs","floor":13,"turns":4},{"damage":19,"enemies":"Hexaghost","floor":16,"turns":7},{"damage":11,"enemies":"Spheric Guardian","floor":18,"turns":3},{"damage":23,"enemies":"Shell Parasite","floor":20,"turns":5},{"damage":0,"enemies":"Snecko","floor":24,"turns":3},{"damage":0,"enemies":"Gremlin Leader","floor":27,"turns":4},{"damage":26,"enemies":"Masked Bandits","floor":28,"turns":5},{"damage":11,"enemies":"Slavers","floor":29,"turns":3}],"seed_played":"2867091792815485959","potions_obtained":[{"floor":7,"key":"LiquidMemories"},{"floor":8,"key":"LiquidBronze"},{"floor":20,"key":"PowerPotion"},{"floor":24,"key":"FearPotion"}],"is_trial":false,"path_per_floor":["M","M","$","?","T","?","E","M","T","M","R","M","M","$","R","B",null,"M","?","M","$","?","R","M","R","T","E","?","E"],"character_chosen":"WANDERER","items_purchased":["stsjorbsmod:TollTheDead","stsjorbsmod:Fireball"],"campfire_rested":2,"item_purchase_floors":[3,14],"current_hp_per_floor":[50,45,45,34,34,34,2,2,2,2,19,19,19,19,19,29,51,40,40,19,19,19,36,38,38,38,40,16,7,7],"gold":199,"neow_bonus":"BOSS_RELIC","is_daily":false,"chose_seed":false,"campfire_upgraded":2,"win_rate":0.0,"timestamp":1611866861,"path_taken":["M","M","$","?","?","?","E","M","T","M","R","M","?","$","R","BOSS","M","?","M","$","?","R","?","R","T","E","?","E"],"items_purchased_type":["Card","Card"],"build_version":"2020-12-18","purchased_purges":3,"victory":false,"max_hp_per_floor":[64,64,64,64,64,58,58,58,58,58,58,58,58,58,58,58,58,58,58,58,58,58,58,58,58,58,58,58,58,58],"relic_stats":{"Blood Vial":10,"Lizard Tail":29,"counters":[14,55],"Golden Idol":71,"obtain_stats":[{"Blood Vial":19,"SlaversCollar":17,"Lizard Tail":5,"Anchor":9,"Matryoshka":27,"Golden Idol":6,"SacredBark":0,"stsjorbsmod:GrimoireRelic":0,"Red Mask":28,"Bottled Lightning":26,"FossilizedHelix":7},{"Blood Vial":9,"SlaversCollar":8,"Lizard Tail":2,"Anchor":4,"Matryoshka":12,"Golden Idol":2,"SacredBark":0,"stsjorbsmod:GrimoireRelic":0,"Red Mask":13,"Bottled Lightning":11,"FossilizedHelix":3},{"Blood Vial":35,"SlaversCollar":32,"Lizard Tail":9,"Anchor":16,"Matryoshka":47,"Golden Idol":9,"SacredBark":0,"stsjorbsmod:GrimoireRelic":0,"Red Mask":52,"Bottled Lightning":43,"FossilizedHelix":13}]},"card_choices":[{"not_picked":["stsjorbsmod:Will","stsjorbsmod:Hurt"],"picked":"stsjorbsmod:TrueStrike","floor":1},{"not_picked":["stsjorbsmod:TrueStrike","stsjorbsmod:ArcaneWeapon"],"picked":"stsjorbsmod:Thorns","floor":2},{"not_picked":["stsjorbsmod:Channel","stsjorbsmod:Feast"],"picked":"stsjorbsmod:SmithingStrike","floor":7},{"not_picked":["stsjorbsmod:Hurt","stsjorbsmod:ChainLightning","stsjorbsmod:Index"],"picked":"SKIP","floor":8},{"not_picked":["stsjorbsmod:Prestidigitation","stsjorbsmod:ArcaneWeapon","stsjorbsmod:Introspection"],"picked":"SKIP","floor":10},{"not_picked":["stsjorbsmod:Aid","stsjorbsmod:ParryingBlow","stsjorbsmod:ArcaneWeapon"],"picked":"SKIP","floor":12},{"not_picked":["stsjorbsmod:BlackTentacles","stsjorbsmod:Thorns"],"picked":"stsjorbsmod:ChatteringStrike","floor":13},{"not_picked":["stsjorbsmod:Fireball","stsjorbsmod:Banish"],"picked":"stsjorbsmod:PurgeMind","floor":16},{"not_picked":["stsjorbsmod:Channel","stsjorbsmod:Will","stsjorbsmod:SmithingStrike+1"],"picked":"SKIP","floor":18},{"not_picked":["stsjorbsmod:Inferno","stsjorbsmod:Thorns","stsjorbsmod:MagicMirror"],"picked":"SKIP","floor":20},{"not_picked":["stsjorbsmod:Patron","stsjorbsmod:Index"],"picked":"stsjorbsmod:Counterspell+1","floor":24},{"not_picked":["stsjorbsmod:WeightOfMemory","stsjorbsmod:DisguiseSelf"],"picked":"stsjorbsmod:SchoolsOfMagic","floor":27}],"player_experience":2259368,"relics_obtained":[{"floor":5,"key":"Lizard Tail"},{"floor":7,"key":"FossilizedHelix"},{"floor":9,"key":"Anchor"},{"floor":26,"key":"Bottled Lightning"},{"floor":27,"key":"Matryoshka"},{"floor":28,"key":"Red Mask"}],"event_choices":[{"damage_healed":0,"gold_gain":75,"player_choice":"Gather Gold","damage_taken":11,"max_hp_gain":0,"max_hp_loss":0,"event_name":"World of Goop","floor":4,"gold_loss":0},{"damage_healed":0,"gold_gain":0,"player_choice":"Lose Max HP","damage_taken":0,"relics_obtained":["Golden Idol"],"max_hp_gain":0,"max_hp_loss":6,"event_name":"Golden Idol","floor":6,"gold_loss":0},{"damage_healed":0,"gold_gain":0,"player_choice":"Stole Relic","damage_taken":0,"relics_obtained":["Blood Vial"],"max_hp_gain":0,"max_hp_loss":0,"event_name":"Addict","floor":19,"gold_loss":0,"cards_obtained":["Shame"]},{"damage_healed":0,"gold_gain":0,"player_choice":"Forge","damage_taken":0,"max_hp_gain":0,"max_hp_loss":0,"event_name":"Accursed Blacksmith","floor":22,"gold_loss":0,"cards_upgraded":["stsjorbsmod:PurgeMind"]},{"damage_healed":0,"gold_gain":0,"player_choice":"Fought Bandits","damage_taken":0,"max_hp_gain":0,"max_hp_loss":0,"event_name":"Masked Bandits","floor":28,"gold_loss":0}],"is_beta":true,"boss_relics":[{"not_picked":["Velvet Choker","Coffee Dripper"],"picked":"SlaversCollar"}],"items_purged_floors":[3,14,21],"is_endless":false,"potions_floor_spawned":[7,8,10,20,24],"killed_by":"Slavers","ascension_level":20}}