{"host":"mr1ctipv0dcr6y8g","time":1611873604,"event":{"mods":["BaseMod","DeckTracker","Energized Spire","Minty Spire (QoL Compilation)","Shop Mod","StSLib"],"gold_per_floor":[111,122,136,86,161,188,2,31,31,366,23,52,52,83,83,187,187,198,218,317,330,8,8,8],"floor_reached":23,"language":"ENG","playtime":6817,"items_purged":["Strike_B","Strike_B"],"score":227,"play_id":"ccdebcfd-182f-4740-881d-f38a8941425a","local_time":"20210128154004","daily_mods":["Heirloom","Time Dilation","Flight","DeadlyEvents","Elite Swarm"],"is_ascension_mode":false,"campfire_choices":[{"floor":13,"key":"REST"},{"floor":15,"key":"REST"}],"circlet_count":0,"master_deck":["Strike_B","Defend_B+1","Defend_B","Defend_B","Defend_B","Zap","Dualcast","Darkness","Beam Cell","Gash","Electrodynamics","Loop","Defragment","Leap+1","Echo Form","Machine Learning","Amplify","BootSequence","Reinforced Body","Ball Lightning","Coolheaded","Force Field+1"],"relics":["Cracked Core","Unceasing Top","Omamori","Membership Card","The Courier","Potion Belt","Old Coin","MealTicket","Regal Pillow","Kunai","Orichalcum","Du-Vu Doll","Black Star","War Paint","Toxic Egg 2","Pear"],"acts_visited":["Exordium","TheCity"],"potions_floor_usage":[6,6],"damage_taken":[{"damage":1,"enemies":"Cultist","floor":1,"turns":3},{"damage":5,"enemies":"2 Louse","floor":2,"turns":3},{"damage":5,"enemies":"Small Slimes","floor":3,"turns":3},{"damage":22,"enemies":"Gremlin Nob","floor":6,"turns":4},{"damage":11,"enemies":"Lagavulin","floor":8,"turns":7},{"damage":17,"enemies":"3 Sentries","floor":10,"turns":4},{"damage":28,"enemies":"Gremlin Nob","floor":12,"turns":4},{"damage":18,"enemies":"Lagavulin","floor":14,"turns":5},{"damage":30,"enemies":"The Guardian","floor":16,"turns":8},{"damage":35,"enemies":"2 Thieves","floor":18,"turns":4},{"damage":19,"enemies":"3 Byrds","floor":19,"turns":3},{"damage":2,"enemies":"Cultist and Chosen","floor":21,"turns":5},{"damage":56,"enemies":"Slavers","floor":23,"turns":4}],"seed_played":"8008214562826171963","potions_obtained":[{"floor":1,"key":"DuplicationPotion"},{"floor":2,"key":"SpeedPotion"},{"floor":8,"key":"FairyPotion"},{"floor":16,"key":"Dexterity Potion"},{"floor":19,"key":"Ancient Potion"},{"floor":21,"key":"BlessingOfTheForge"}],"is_trial":true,"path_per_floor":["M","M","M","?","?","E","$","E","T","E","$","E","R","E","R","B",null,"M","M","?","M","$","E"],"character_chosen":"DEFECT","items_purchased":["Membership Card","MealTicket","Loop","Defragment","Regal Pillow","Kunai","Leap","Coolheaded","War Paint","Toxic Egg 2","Pear","Force Field+1"],"campfire_rested":2,"item_purchase_floors":[7,11,11,11,11,11,11,22,22,22,22,22],"current_hp_per_floor":[74,69,64,64,53,31,31,20,20,3,3,8,45,27,64,34,75,40,21,21,19,44,0,0],"gold":8,"neow_bonus":"","is_daily":false,"chose_seed":false,"campfire_upgraded":0,"win_rate":0.0,"timestamp":1611873604,"path_taken":["M","?","?","?","?","E","$","E","T","E","$","E","R","?","R","BOSS","M","?","?","?","?","E"],"items_purchased_type":["Relic","Relic","Card","Card","Relic","Relic","Card","Card","Relic","Relic","Relic","Card"],"build_version":"2020-12-22","purchased_purges":2,"victory":false,"max_hp_per_floor":[75,75,75,75,75,75,75,75,75,75,75,75,75,75,75,75,75,75,75,75,75,85,85,85],"card_choices":[{"not_picked":["Reprogram","Hello World"],"picked":"Darkness","floor":1},{"not_picked":["Sweeping Beam","Recycle"],"picked":"Beam Cell","floor":2},{"not_picked":["Compile Driver","Steam"],"picked":"Gash","floor":3},{"not_picked":["Fission","Seek","All For One"],"picked":"SKIP","floor":6},{"not_picked":["Amplify","Buffer"],"picked":"Electrodynamics","floor":8},{"not_picked":["Meteor Strike","Fission","Amplify"],"picked":"SKIP","floor":10},{"not_picked":["Biased Cognition","Machine Learning"],"picked":"Echo Form","floor":12},{"not_picked":["Creative AI","Meteor Strike"],"picked":"Machine Learning","floor":14},{"not_picked":["Electrodynamics","Echo Form"],"picked":"Amplify","floor":16},{"not_picked":["Turbo","Blizzard"],"picked":"BootSequence","floor":18},{"not_picked":["Leap","Fusion"],"picked":"Reinforced Body","floor":19},{"not_picked":["Stack","Compile Driver"],"picked":"Ball Lightning","floor":21}],"player_experience":1288827,"relics_obtained":[{"floor":6,"key":"Omamori"},{"floor":8,"key":"The Courier"},{"floor":9,"key":"Potion Belt"},{"floor":10,"key":"Old Coin"},{"floor":12,"key":"Orichalcum"},{"floor":14,"key":"Du-Vu Doll"}],"event_choices":[{"cards_removed":["Strike_B"],"damage_healed":0,"gold_gain":0,"player_choice":"Card Removal","damage_taken":0,"max_hp_gain":0,"max_hp_loss":0,"event_name":"The Cleric","floor":4,"gold_loss":50},{"damage_healed":0,"gold_gain":75,"player_choice":"Gather Gold","damage_taken":11,"max_hp_gain":0,"max_hp_loss":0,"event_name":"World of Goop","floor":5,"gold_loss":0},{"damage_healed":0,"gold_gain":99,"player_choice":"Stole From Cult","damage_taken":0,"max_hp_gain":0,"max_hp_loss":0,"event_name":"Nest","floor":20,"gold_loss":0}],"is_beta":false,"boss_relics":[{"not_picked":["Busted Crown","Fusion Hammer"],"picked":"Black Star"}],"items_purged_floors":[7,11],"is_endless":false,"potions_floor_spawned":[1,2,8,16,19,21],"killed_by":"Slavers","ascension_level":0}}