{"host":"qrt7o4dq2qslzw13","time":1611867205,"event":{"mods":["BaseMod","Colored Map","Colored Powertips","Minty Spire (QoL Compilation)","Quick Restart","Replay The Spire","Shop Mod","StSLib","SuperFastMode"],"gold_per_floor":[116,116,116,46,58,58,85,101,101,4,32,32,52,52,52,148,148,160,172,97,97,111,111,111,14,41,6,6,6,19,39,39,135,135,154,217,237,87,0,0,18,34,110,110,385,396,408,425,425,425],"floor_reached":51,"language":"ENG","playtime":1796,"items_purged":[],"score":986,"play_id":"4fa7ec56-571b-46ba-abc7-882ac8a9ca05","local_time":"20210128155325","is_ascension_mode":true,"campfire_choices":[{"data":"Flechettes","floor":6.0,"key":"SMITH"},{"data":"Crippling Poison","floor":12.0,"key":"SMITH"},{"data":"Deadly Poison","floor":15.0,"key":"SMITH"},{"data":"Deadly Poison","floor":23.0,"key":"SMITH"},{"data":"Trip","floor":29.0,"key":"SMITH"},{"data":"Calculated Gamble","floor":32.0,"key":"SMITH"},{"data":"ReplayTheSpireMod:Necrosis","floor":40.0,"key":"SMITH"},{"data":"Night Terror","floor":44.0,"key":"SMITH"},{"data":"ReplayTheSpireMod:The Works","floor":49.0,"key":"SMITH"}],"circlet_count":0,"master_deck":["AscendersBane","Strike_G+1","Strike_G+1","Strike_G+1","Defend_G+1","Defend_G+1","Defend_G+1","Defend_G+1","Defend_G+1","Survivor","Neutralize","Acrobatics","Voices","Acrobatics","Crippling Poison+1","Flechettes+1","Acrobatics","Outmaneuver","Poisoned Stab","Deadly Poison+1","ReplayTheSpireMod:Necrosis+1","Night Terror+1","Poisoned Stab","Deadly Poison+1","After Image","Trip+1","Calculated Gamble+1","Reflex+1","Fluid Movement","Malaise","Prepared","ReplayTheSpireMod:Splinters","After Image","Acrobatics+1","Regret","ReplayTheSpireMod:The Works+1","Parasite"],"relics":["Ring of the Serpent","NeowsBlessing","Ring of Hypnosis","Ring of Misfortune","Eternal Feather","Divine Protection","White Beast Statue","Potion Belt","ReplayFunnel","HoveringKite","Art of War","Red Mask","Onion Ring"],"acts_visited":["Exordium","TheCity","TheBeyond"],"potions_floor_usage":[50],"damage_taken":[{"damage":0.0,"enemies":"Cultist","floor":1.0,"turns":1.0},{"damage":0.0,"enemies":"Jaw Worm","floor":5.0,"turns":1.0},{"damage":0.0,"enemies":"Gremlin Nob","floor":7.0,"turns":1.0},{"damage":0.0,"enemies":"2 Louse","floor":8.0,"turns":3.0},{"damage":0.0,"enemies":"Lagavulin","floor":11.0,"turns":4.0},{"damage":0.0,"enemies":"Looter","floor":13.0,"turns":2.0},{"damage":43.0,"enemies":"Hexaghost","floor":16.0,"turns":12.0},{"damage":5.0,"enemies":"2 Thieves","floor":18.0,"turns":3.0},{"damage":1.0,"enemies":"Shell Parasite","floor":19.0,"turns":4.0},{"damage":7.0,"enemies":"Shelled Parasite and Fungi","floor":22.0,"turns":4.0},{"damage":0.0,"enemies":"Centurion and Healer","floor":30.0,"turns":5.0},{"damage":0.0,"enemies":"Cultist and Chosen","floor":31.0,"turns":6.0},{"damage":33.0,"enemies":"Collector","floor":33.0,"turns":10.0},{"damage":0.0,"enemies":"Orb Walker","floor":35.0,"turns":3.0},{"damage":7.0,"enemies":"3 Darklings","floor":37.0,"turns":6.0},{"damage":0.0,"enemies":"Maw","floor":41.0,"turns":8.0},{"damage":0.0,"enemies":"Writhing Mass","floor":42.0,"turns":8.0},{"damage":0.0,"enemies":"Jaw Worm Horde","floor":46.0,"turns":6.0},{"damage":5.0,"enemies":"Transient","floor":47.0,"turns":5.0},{"damage":0.0,"enemies":"Writhing Mass","floor":48.0,"turns":3.0},{"damage":25,"enemies":"Replay:Hell Engine","floor":50,"turns":17}],"seed_played":"-2010468647288475617","potions_obtained":[{"floor":5.0,"key":"Poison Potion"},{"floor":7.0,"key":"Fire Potion"},{"floor":13.0,"key":"Toxic Potion"},{"floor":16.0,"key":"AttackPotion"},{"floor":18.0,"key":"Swift Potion"},{"floor":19.0,"key":"Explosive Potion"},{"floor":22.0,"key":"FearPotion"},{"floor":30.0,"key":"Weak Potion"},{"floor":31.0,"key":"Weak Potion"},{"floor":33.0,"key":"Swift Potion"},{"floor":35.0,"key":"Reflective Coating"},{"floor":36.0,"key":"Milkshake"},{"floor":37.0,"key":"Dexterity Potion"},{"floor":41.0,"key":"SteroidPotion"}],"is_trial":false,"path_per_floor":["M","?","?","$","M","R","E","M","T","$","E","R","M","?","R","B",null,"M","M","?","$","M","R","?","$","T","$","?","R","M","M","R","B",null,"M","?","M","$","?","R","M","M","T","R","?","M","M","M","R","B",null],"character_chosen":"THE_SILENT","items_purchased":["Crippling Poison","Poisoned Stab","Deadly Poison","Trip","Calculated Gamble","Art of War"],"campfire_rested":0,"item_purchase_floors":[4,10,10,25,27,38],"current_hp_per_floor":[63,63,63,63,63,63,63,63,63,63,63,70,70,52,64,21,58,53,52,52,52,45,60,60,60,60,60,60,70,70,70,70,37,62,62,62,55,55,55,70,70,70,70,70,70,70,65,65,70,45],"gold":425,"neow_bonus":"THREE_ENEMY_KILL","is_daily":false,"chose_seed":false,"campfire_upgraded":9,"win_rate":0.0,"timestamp":1611867205,"path_taken":["M","?","?","$","?","R","E","M","T","?","E","R","M","?","R","BOSS","M","M","?","$","M","R","?","$","T","$","?","R","M","M","R","BOSS","M","?","M","$","?","R","M","M","T","R","?","M","M","M","R","BOSS"],"items_purchased_type":["Card","Card","Card","Card","Card","Relic"],"build_version":"2020-12-22","purchased_purges":0,"victory":true,"max_hp_per_floor":[70,70,70,70,70,70,70,70,70,70,70,70,70,70,70,70,70,70,70,70,70,70,70,70,70,70,70,70,70,70,70,70,70,70,70,70,70,70,70,70,70,70,70,70,70,70,70,70,70,70],"card_choices":[{"not_picked":["Prepared","Dagger Spray"],"picked":"Acrobatics","floor":1.0},{"not_picked":["Dagger Spray","Cloak And Dagger"],"picked":"Flechettes","floor":5.0},{"not_picked":["Infinite Blades","Sucker Punch"],"picked":"Acrobatics","floor":7.0},{"not_picked":["Flying Knee","Eviscerate"],"picked":"Outmaneuver","floor":8.0},{"not_picked":["Dodge and Roll","ReplayTheSpireMod:Speed Training"],"picked":"ReplayTheSpireMod:Necrosis","floor":11.0},{"not_picked":["Blade Dance","Acrobatics","Setup"],"picked":"SKIP","floor":13.0},{"not_picked":["A Thousand Cuts","Corpse Explosion"],"picked":"Night Terror","floor":16.0},{"not_picked":["Hidden Blade+1","Caltrops"],"picked":"Poisoned Stab","floor":18.0},{"not_picked":["Acrobatics","Outmaneuver+1"],"picked":"Deadly Poison","floor":19.0},{"not_picked":["Flying Knee+1","Dagger Throw+1"],"picked":"After Image","floor":22.0},{"not_picked":["Outmaneuver","Flying Knee+1"],"picked":"Reflex+1","floor":30.0},{"not_picked":["Dodge and Roll","Finisher"],"picked":"Fluid Movement","floor":31.0},{"not_picked":["Replay:Bag of Tricks","Unload"],"picked":"Malaise","floor":33.0},{"not_picked":["Caltrops","Predator"],"picked":"Prepared","floor":35.0},{"not_picked":["Cloak And Dagger+1","Terror","ReplayTheSpireMod:Exploit Weakness"],"picked":"SKIP","floor":37.0},{"not_picked":["Acrobatics+1","Deadly Poison"],"picked":"After Image","floor":41.0},{"not_picked":["Underhanded Strike","Bane"],"picked":"Acrobatics+1","floor":42.0},{"not_picked":["Outmaneuver+1","ReplayTheSpireMod:The Works","Eviscerate+1"],"picked":"SKIP","floor":46.0},{"not_picked":["Outmaneuver+1","Eviscerate+1"],"picked":"ReplayTheSpireMod:The Works","floor":46.0},{"not_picked":["Sucker Punch+1","ReplayTheSpireMod:Shiv Toss+1","Hidden Blade+1"],"picked":"SKIP","floor":47.0},{"not_picked":["Sucker Punch+1","ReplayTheSpireMod:Shiv Toss+1","Hidden Blade+1"],"picked":"SKIP","floor":47.0},{"not_picked":["ReplayTheSpireMod:Speed Training","Bane+1","Predator+1"],"picked":"SKIP","floor":48.0}],"player_experience":609034,"relics_obtained":[{"floor":2.0,"key":"Ring of Hypnosis"},{"floor":2.0,"key":"Ring of Misfortune"},{"floor":7.0,"key":"Eternal Feather"},{"floor":9.0,"key":"Divine Protection"},{"floor":11.0,"key":"White Beast Statue"},{"floor":26.0,"key":"ReplayFunnel"},{"floor":43.0,"key":"Onion Ring"}],"event_choices":[{"damage_healed":0.0,"max_hp_gain":0.0,"max_hp_loss":0.0,"gold_gain":0.0,"cards_transformed":["Strike_G"],"event_name":"Transmorgrifier","player_choice":"Transformed","floor":3.0,"gold_loss":0.0,"damage_taken":0.0,"cards_obtained":["Acrobatics"]},{"damage_healed":0.0,"max_hp_gain":0.0,"max_hp_loss":0.0,"gold_gain":0.0,"event_name":"Scrap Ooze","player_choice":"Success","floor":14.0,"gold_loss":0.0,"damage_taken":18.0,"relics_obtained":["Potion Belt"]},{"cards_removed":["Strike_G"],"damage_healed":0.0,"max_hp_gain":0.0,"max_hp_loss":0.0,"gold_gain":0.0,"event_name":"Beggar","player_choice":"Gave Gold","floor":20.0,"gold_loss":75.0,"damage_taken":0.0},{"damage_healed":0.0,"max_hp_gain":0.0,"max_hp_loss":0.0,"gold_gain":0.0,"event_name":"Vampires","player_choice":"Ignored","floor":24.0,"gold_loss":0.0,"damage_taken":0.0},{"damage_healed":0.0,"max_hp_gain":0.0,"max_hp_loss":0.0,"gold_gain":0.0,"event_name":"Back to Basics","player_choice":"Simplicity","floor":28.0,"gold_loss":0.0,"damage_taken":0.0,"cards_upgraded":["Strike_G","Strike_G","Strike_G","Defend_G","Defend_G","Defend_G","Defend_G","Defend_G"]},{"damage_healed":0.0,"max_hp_gain":0.0,"max_hp_loss":0.0,"gold_gain":0.0,"event_name":"Tomb of Lord Red Mask","player_choice":"Paid","floor":39.0,"gold_loss":87.0,"damage_taken":0.0,"relics_obtained":["Red Mask"]},{"damage_healed":0.0,"max_hp_gain":0.0,"max_hp_loss":0.0,"gold_gain":275.0,"event_name":"Golden Shrine","player_choice":"Desecrate","floor":45.0,"gold_loss":0.0,"damage_taken":0.0,"cards_obtained":["Regret"]}],"is_beta":false,"boss_relics":[{"not_picked":["Snecko Eye","Honey Jar"],"picked":"Ring of the Serpent"},{"not_picked":["Pandora\u0027s Box","Fusion Hammer"],"picked":"HoveringKite"}],"items_purged_floors":[],"is_endless":false,"potions_floor_spawned":[5,7,13,16,18,19,22,30,31,33,35,37,41,42,46,47,48],"ascension_level":11}}