{"host":"ziko4uwynam20dv9","time":1611870622,"event":{"mods":["Aspiration","BaseMod","BetterRewards","Downfall","Hubris","Infinite Spire","Minty Spire (QoL Compilation)","Remilia??????","Replay The Spire","Shop Mod","StSLib","The Animator","The Jungle"],"gold_per_floor":[113,133,133,133,133,133,166,166,166,97,97,97,116,148,148,226,226,243,243,261,261,276,276,309,309,309,344,344,361,60,72,72,148,148,168,180,192,192,208,241,241,255,255,255,269,284,284,0,0,0],"floor_reached":51,"language":"FRA","playtime":2977,"items_purged":["downfall:Bewildered"],"score":1329,"play_id":"a4d5f588-c0e8-4004-bfec-f232f0206d39","local_time":"20210128225022","is_ascension_mode":true,"campfire_choices":[{"floor":6,"key":"REST"},{"data":"infinitespire:SevenWalls","floor":8,"key":"SMITH"},{"data":"Bash","floor":11,"key":"SMITH"},{"data":"Shrug It Off","floor":15,"key":"SMITH"},{"data":"Shrug It Off","floor":23,"key":"SMITH"},{"data":"Evolve","floor":28,"key":"SMITH"},{"data":"Battle Trance","floor":32,"key":"SMITH"},{"floor":41,"key":"REST"},{"floor":44,"key":"REST"},{"floor":49,"key":"REST"}],"circlet_count":0,"master_deck":["AscendersBane","Strike_R+1","Strike_R","Strike_R","Strike_R","Strike_R","Defend_R","Defend_R","Defend_R+1","Defend_R","Bash+1","Headbutt","Run Through","infinitespire:SevenWalls+1","Offering","Battle Trance+1","Shrug It Off+1","Rampage","Hemogenesis","Twin Strike","Shrug It Off+1","Sickly","Pummel","ReplayTheSpireMod:Limb From Limb","Evolve+1","Twin Strike","Demon Form","Shrug It Off+1","Inflame","Anger","Writhe","ReplayTheSpireMod:LeadingStrike","Feed","ReplayTheSpireMod:Stacked","Inflame","Battle Trance"],"relics":["Burning Blood","NeowsBlessing","Guardian:PocketSentry","Self Forming Clay","Replay:Accelerometer","hubris:GrandSneckoEye","sneckomod:BabySnecko","ReplayTheSpireMod:Ring of Sloth","StrikeDummy","Incense Burner","ReplayTheSpireMod:Shallot","ScarletDevilRocket","Membership Card","Blood Vial","Ring of Chaos","Akabeko","Mirror","hubris:Towel","Red Mask"],"acts_visited":["Exordium","TheCity","TheBeyond"],"potions_floor_usage":[35,42],"damage_taken":[{"damage":0,"enemies":"Cultist","floor":1,"turns":2},{"damage":0,"enemies":"Jaw Worm","floor":2,"turns":1},{"damage":0,"enemies":"Lagavulin","floor":7,"turns":1},{"damage":7,"enemies":"Small Slimes","floor":13,"turns":2},{"damage":0,"enemies":"Gremlin Nob","floor":14,"turns":3},{"damage":0,"enemies":"Fading Forest","floor":16,"turns":11},{"damage":6,"enemies":"Spheric Guardian","floor":18,"turns":4},{"damage":7,"enemies":"3 Byrds","floor":20,"turns":4},{"damage":7,"enemies":"Shelled Parasite and Fungi","floor":22,"turns":4},{"damage":8,"enemies":"Book of Stabbing","floor":24,"turns":5},{"damage":8,"enemies":"Replay:Snechameleon","floor":27,"turns":6},{"damage":0,"enemies":"Centurion and Healer","floor":29,"turns":5},{"damage":0,"enemies":"Chosen and Byrds","floor":31,"turns":4},{"damage":22,"enemies":"hubris:MusketHawk","floor":33,"turns":8},{"damage":22,"enemies":"3 Darklings","floor":35,"turns":5},{"damage":6,"enemies":"Orb Walker","floor":36,"turns":3},{"damage":39,"enemies":"Jaw Worm Horde","floor":37,"turns":5},{"damage":0,"enemies":"Transient","floor":39,"turns":5},{"damage":61,"enemies":"Reptomancer","floor":40,"turns":6},{"damage":29,"enemies":"Writhing Mass","floor":42,"turns":5},{"damage":24,"enemies":"Maw","floor":45,"turns":7},{"damage":0,"enemies":"Sphere and 2 Shapes","floor":46,"turns":4},{"damage":53,"enemies":"infinitespire:MassOfShapes","floor":50,"turns":12}],"seed_played":"1007692761454796978","potions_obtained":[{"floor":2,"key":"SneckoOil"},{"floor":16,"key":"SpeedPotion"},{"floor":18,"key":"Energy Potion"},{"floor":31,"key":"Explosive Potion"},{"floor":35,"key":"champ:CounterPotion"}],"is_trial":false,"path_per_floor":["M","M","?","$","?","R","E","R","T","$","R","$","M","E","R","B",null,"M","?","M","?","M","R","E","?","T","E","R","M","$","M","R","B",null,"M","M","M","?","M","E","R","M","T","R","M","M","?","?","R","B",null],"character_chosen":"IRONCLAD","items_purchased":["Battle Trance","Membership Card","Blood Vial"],"campfire_rested":4,"item_purchase_floors":[10,30,30],"current_hp_per_floor":[78,80,60,60,44,68,74,74,74,74,74,74,73,79,79,80,80,80,80,80,80,79,79,77,77,77,75,75,80,80,80,80,64,76,62,69,38,58,66,13,37,16,16,40,24,32,32,32,56,11],"gold":0,"neow_bonus":"THREE_ENEMY_KILL","is_daily":false,"chose_seed":false,"campfire_upgraded":6,"win_rate":0.0,"timestamp":1611870622,"path_taken":["M","?","?","$","?","R","E","R","T","?","R","$","M","E","R","BOSS","M","?","M","?","M","R","E","?","T","E","R","?","$","M","R","BOSS","M","M","M","?","M","E","R","M","T","R","M","M","?","?","R","BOSS"],"items_purchased_type":["Card","Relic","Relic"],"build_version":"2020-12-22","purchased_purges":1,"victory":true,"max_hp_per_floor":[80,80,80,80,80,80,80,80,80,80,80,80,80,80,80,80,80,80,80,80,80,80,80,80,80,80,80,80,80,80,80,80,80,80,80,80,80,80,80,80,80,80,80,80,80,80,80,80,80,80],"card_choices":[{"not_picked":["Defy Death","Pommel Strike"],"picked":"Headbutt","floor":1},{"not_picked":["Abandon","Wild Strike"],"picked":"Run Through","floor":2},{"not_picked":["infinitespire:DeathsTouch","ReplayTheSpireMod:Book of Names"],"picked":"infinitespire:SevenWalls","floor":3},{"not_picked":["Wild Strike","ReplayTheSpireMod:Strike From Hell"],"picked":"Offering","floor":7},{"not_picked":["Run Through","Body Slam"],"picked":"Shrug It Off","floor":13},{"not_picked":["Exhume","Pommel Strike"],"picked":"Rampage","floor":14},{"not_picked":["Offering","Demonic Infusion"],"picked":"Hemogenesis","floor":16},{"not_picked":["Defy Death","Iron Wave"],"picked":"Twin Strike","floor":18},{"not_picked":["Sword Boomerang","Headbutt"],"picked":"Shrug It Off","floor":20},{"not_picked":["hubris:ReadiedAction","Replay:Undeath\u0027s Touch+1"],"picked":"Pummel","floor":22},{"not_picked":["Clash","Seeing Red"],"picked":"ReplayTheSpireMod:Limb From Limb","floor":24},{"not_picked":["Havoc","ReplayTheSpireMod:Strike From Hell"],"picked":"Evolve","floor":27},{"not_picked":["True Grit","Fiend Fire"],"picked":"Twin Strike","floor":29},{"not_picked":["Burning Pact","Dark Embrace","Clothesline"],"picked":"SKIP","floor":31},{"not_picked":["Limit Break","Juggernaut"],"picked":"Demon Form","floor":33},{"not_picked":["Clash","Sever Soul"],"picked":"Shrug It Off+1","floor":35},{"not_picked":["Dark Embrace","Feel No Pain"],"picked":"Inflame","floor":36},{"not_picked":["Searing Blow","Pommel Strike"],"picked":"Anger","floor":37},{"not_picked":["Anger","Run Through"],"picked":"ReplayTheSpireMod:LeadingStrike","floor":39},{"not_picked":["Pommel Strike","Heavy Blade"],"picked":"Feed","floor":40},{"not_picked":["Power Through","Life Link"],"picked":"ReplayTheSpireMod:Stacked","floor":42},{"not_picked":["Blood for Blood","Evolve"],"picked":"Inflame","floor":45},{"not_picked":["ReplayTheSpireMod:Strike From Hell+1","True Grit"],"picked":"Battle Trance","floor":46}],"player_experience":961279,"relics_obtained":[{"floor":7,"key":"Guardian:PocketSentry"},{"floor":9,"key":"Self Forming Clay"},{"floor":14,"key":"Replay:Accelerometer"},{"floor":21,"key":"ReplayTheSpireMod:Ring of Sloth"},{"floor":24,"key":"StrikeDummy"},{"floor":26,"key":"ReplayTheSpireMod:Shallot"},{"floor":27,"key":"ScarletDevilRocket"},{"floor":40,"key":"Akabeko"},{"floor":43,"key":"Mirror"}],"event_choices":[{"damage_healed":0,"gold_gain":0,"player_choice":"Entered Light","damage_taken":16,"max_hp_gain":0,"max_hp_loss":0,"event_name":"Shining Light","floor":5,"gold_loss":0,"cards_upgraded":["Defend_R","Strike_R"]},{"damage_healed":0,"gold_gain":0,"player_choice":"Opened","damage_taken":0,"relics_obtained":["Incense Burner"],"max_hp_gain":0,"max_hp_loss":0,"event_name":"The Mausoleum","floor":25,"gold_loss":0},{"damage_healed":20,"gold_gain":0,"player_choice":"Writhe","damage_taken":0,"max_hp_gain":0,"max_hp_loss":0,"event_name":"Winding Halls","floor":38,"gold_loss":0,"cards_obtained":["Writhe"]},{"damage_healed":0,"gold_gain":0,"player_choice":"Paid","damage_taken":0,"relics_obtained":["Red Mask"],"max_hp_gain":0,"max_hp_loss":0,"event_name":"Tomb of Lord Red Mask","floor":48,"gold_loss":284}],"is_beta":false,"boss_relics":[{"not_picked":["Black Star","Coffee Dripper"],"picked":"hubris:GrandSneckoEye"},{"not_picked":["hubris:ScarierMask","Black Blood"],"picked":"Ring of Chaos"}],"items_purged_floors":[30],"is_endless":false,"potions_floor_spawned":[2,16,18,24,31,35,36,37,39],"ascension_level":13}}