{"host":"lxihx0b6awoz2w1j","time":1611858256,"event":{"mods":["Act Like it!","BaseMod","Better Third Choice","BetterRewards","CapriCore","Colored Powertips","Conspire","Downfall","Fox Events","Gensokyo","Hermit","Hubris","Infinite Spire","JesterMod","Luminous","Marisa????????","Melee Mod","Minty Spire (QoL Compilation)","Permanent Neow","Prisma Mod","Quick Restart","Relic Stats","Reliquary","Replay The Spire","Shade Mod","Spicy Shops","StSLib","Td1madao Mod","The Alterego","The Blue Laboratory","The Cursed","The Death Knight","The Disciple","The Forsaken","The Gatherer","The Immortal","The Jungle","The Marked","The Runesmith","The Senshi","The Servant 0.9.4","The Spell Scribe","Waifu the Spire"],"gold_per_floor":[114,131,7,7,21,21,54,54,80,255,255,255,290,300,300,300,300],"floor_reached":16,"language":"ENG","playtime":1141,"items_purged":[],"score":108,"play_id":"ebada92f-ba75-451c-a35b-ef91822dd10f","local_time":"20210128192416","is_ascension_mode":false,"campfire_choices":[{"floor":6.0,"key":"REST"},{"floor":8.0,"key":"REST"},{"data":"DeathKnight:DarkSuccor","floor":15.0,"key":"SMITH"}],"circlet_count":0,"master_deck":["DeathKnight:Strike_DeathKnight","DeathKnight:Strike_DeathKnight","DeathKnight:Strike_DeathKnight","DeathKnight:Strike_DeathKnight","DeathKnight:Strike_DeathKnight","DeathKnight:Defend_DeathKnight","DeathKnight:Defend_DeathKnight","DeathKnight:Defend_DeathKnight","DeathKnight:Defend_DeathKnight","DeathKnight:Defend_DeathKnight","DeathKnight:RuneTap","DeathKnight:RuneStrike","DeathKnight:DarkSuccor+1","DeathKnight:FrosPresence+1","DeathKnight:HornOfWinter","DeathKnight:BloodStrike","DeathKnight:BludPresence+1","DeathKnight:BloodStrike","DeathKnight:RuneShock","Doubt","DeathKnight:DarkSuccor+1","DeathKnight:SindragosasBreath"],"relics":["DeathKnight:BrokenRuneblade","Pondfish Scales","Guide Book","Du-Vu Doll","DeathKnight:TomeOfBloodSpecialization","DeathKnight:ScourgePlagueSample","Meat on the Bone"],"acts_visited":["Exordium"],"potions_floor_usage":[],"damage_taken":[{"damage":0.0,"enemies":"2 Louse","floor":1.0,"turns":4.0},{"damage":6.0,"enemies":"Jaw Worm","floor":2.0,"turns":5.0},{"damage":4.0,"enemies":"Small Slimes","floor":5.0,"turns":3.0},{"damage":22.0,"enemies":"Lagavulin","floor":7.0,"turns":7.0},{"damage":35.0,"enemies":"Gremlin Nob","floor":13.0,"turns":5.0},{"damage":3.0,"enemies":"Gremlin Gang","floor":14.0,"turns":3.0},{"damage":0,"enemies":"Hexaghost","floor":16,"turns":1}],"seed_played":"4706891970742300692","potions_obtained":[{"floor":7.0,"key":"DeathKnight:PlagueVial"},{"floor":13.0,"key":"PowerPotion"},{"floor":14.0,"key":"blueLaboratory:PhilterOfMotion"}],"is_trial":false,"path_per_floor":["M","M","$","?","M","R","E","R","T","?","?","?","E","M","R","B"],"character_chosen":"DEATH_KNIGHT","items_purchased":["DeathKnight:DarkSuccor","DeathKnight:FrosPresence","Guide Book","DeathKnight:BludPresence","Du-Vu Doll"],"campfire_rested":2,"item_purchase_floors":[0,0,0,3,3],"current_hp_per_floor":[67,61,61,61,57,75,53,75,75,75,75,68,33,42,42,42,42],"gold":300,"neow_bonus":"","is_daily":false,"chose_seed":false,"campfire_upgraded":1,"win_rate":0.0,"timestamp":1611858256,"path_taken":["M","M","$","?","M","R","E","R","T","?","?","?","E","M","R","BOSS"],"items_purchased_type":["Card","Card","Relic","Card","Relic"],"build_version":"2020-12-22","purchased_purges":0,"victory":false,"max_hp_per_floor":[75,75,75,75,75,75,75,75,75,75,75,75,75,75,75,75,75],"relic_stats":{"counters":[11,39],"obtain_stats":[{"Du-Vu Doll":3,"Pondfish Scales":0,"Golden Idol":4,"DeathKnight:TomeOfBloodSpecialization":7,"Guide Book":0,"DeathKnight:ScourgePlagueSample":9,"DeathKnight:BrokenRuneblade":0,"Meat on the Bone":13},{"Du-Vu Doll":6,"Pondfish Scales":4,"Golden Idol":2,"DeathKnight:TomeOfBloodSpecialization":8,"Guide Book":4,"DeathKnight:ScourgePlagueSample":8,"DeathKnight:BrokenRuneblade":0,"Meat on the Bone":9},{"Du-Vu Doll":20,"Pondfish Scales":11,"Golden Idol":7,"DeathKnight:TomeOfBloodSpecialization":30,"Guide Book":11,"DeathKnight:ScourgePlagueSample":30,"DeathKnight:BrokenRuneblade":0,"Meat on the Bone":35}],"Meat on the Bone":12},"card_choices":[{"not_picked":["DeathKnight:PathOfFrost","DeathKnight:AntiMagicShell"],"picked":"DeathKnight:HornOfWinter","floor":1.0},{"not_picked":["DeathKnight:RunicCorruption","DeathKnight:Runeguard"],"picked":"DeathKnight:BloodStrike","floor":2.0},{"not_picked":["DeathKnight:Pestilence","DeathKnight:Runeguard"],"picked":"DeathKnight:BloodStrike","floor":5.0},{"not_picked":["DeathKnight:AntiMagicShell","DeathKnight:Obliterate"],"picked":"DeathKnight:RuneShock","floor":7.0},{"not_picked":["DeathKnight:PathOfFrost","DeathKnight:Ossuary"],"picked":"DeathKnight:DarkSuccor","floor":13.0},{"not_picked":["DeathKnight:Ossuary","DeathKnight:RaiseAlly"],"picked":"DeathKnight:SindragosasBreath","floor":14.0}],"player_experience":681319,"relics_obtained":[{"floor":7.0,"key":"DeathKnight:TomeOfBloodSpecialization"},{"floor":9.0,"key":"DeathKnight:ScourgePlagueSample"},{"floor":13.0,"key":"Meat on the Bone"}],"event_choices":[{"damage_healed":0.0,"max_hp_gain":0.0,"max_hp_loss":0.0,"gold_gain":0.0,"event_name":"Living Wall","player_choice":"Grow","floor":4.0,"gold_loss":0.0,"damage_taken":0.0,"cards_upgraded":["DeathKnight:BludPresence"]},{"damage_healed":0.0,"max_hp_gain":0.0,"max_hp_loss":0.0,"gold_gain":175.0,"event_name":"betterThird:BetterSerpent","player_choice":"AGREE","floor":10.0,"gold_loss":0.0,"damage_taken":80.0},{"damage_healed":0.0,"max_hp_gain":0.0,"max_hp_loss":0.0,"gold_gain":0.0,"event_name":"conspire:Investor","player_choice":"Leave","floor":11.0,"gold_loss":0.0,"damage_taken":0.0},{"damage_healed":0.0,"max_hp_gain":0.0,"max_hp_loss":0.0,"gold_gain":0.0,"event_name":"Wheel of Change","player_choice":"Damaged","floor":12.0,"gold_loss":0.0,"damage_taken":7.0}],"is_beta":false,"boss_relics":[],"items_purged_floors":[],"is_endless":false,"potions_floor_spawned":[7,13,14],"killed_by":"Hexaghost","ascension_level":0}}