{"host":"p9t7qd83igtcp2bh","time":1611808227,"event":{"mods":["2.2 Compatiblity","AchievementEnabler","BaseMod","Colored Map","Colored Powertips","Custom Start","DeckTracker","Keyboard Shortcuts","Minty Spire (QoL Compilation)","Permanent Neow","Spicy Shops","StSLib","SuperFastMode","everything is the same but u backflip on backflip"],"gold_per_floor":[119,137,62,62,77,77,112,112,138,138,138],"floor_reached":10,"language":"KOR","playtime":203,"items_purged":[],"score":132,"play_id":"22367519-f5f4-408f-bb88-955f49105fa1","local_time":"20210128133027","is_ascension_mode":true,"campfire_choices":[{"data":"Rainbow","floor":6,"key":"SMITH"},{"data":"Consume","floor":8,"key":"SMITH"}],"circlet_count":0,"master_deck":["AscendersBane","Strike_B","Strike_B","Strike_B","Strike_B","Defend_B","Defend_B","Defend_B","Zap","Dualcast","Rainbow+1","Consume+1","Coolheaded","Undo","Echo Form"],"relics":["Cracked Core","Dream Catcher","Nunchaku"],"acts_visited":["Exordium"],"potions_floor_usage":[7,10],"damage_taken":[{"damage":2,"enemies":"Jaw Worm","floor":1,"turns":4},{"damage":8,"enemies":"Small Slimes","floor":2,"turns":3},{"damage":0,"enemies":"Cultist","floor":5,"turns":3},{"damage":7,"enemies":"Lagavulin","floor":7,"turns":6},{"damage":35,"enemies":"Gremlin Nob","floor":10,"turns":4}],"seed_played":"958747901977447878","potions_obtained":[{"floor":1,"key":"LiquidBronze"},{"floor":2,"key":"FocusPotion"},{"floor":7,"key":"EssenceOfSteel"}],"is_trial":false,"path_per_floor":["M","M","?","$","M","R","E","R","T","E"],"character_chosen":"DEFECT","items_purchased":[],"campfire_rested":0,"item_purchase_floors":[],"current_hp_per_floor":[62,54,54,54,54,54,47,47,47,12,12],"gold":138,"neow_bonus":"ONE_RANDOM_RARE_CARD","is_daily":false,"chose_seed":false,"campfire_upgraded":2,"win_rate":0.0,"timestamp":1611808227,"path_taken":["M","M","?","$","M","R","E","R","T","E"],"items_purchased_type":[],"build_version":"2020-12-22","purchased_purges":0,"victory":false,"max_hp_per_floor":[71,71,71,71,71,71,71,71,71,71,71],"card_choices":[{"not_picked":["Darkness","Stack"],"picked":"Consume","floor":1},{"not_picked":["Leap","Scrape"],"picked":"Coolheaded","floor":2},{"not_picked":["Rebound","Consume"],"picked":"Undo","floor":5},{"not_picked":["Tempest","Doom and Gloom"],"picked":"Echo Form","floor":7}],"player_experience":693750,"relics_obtained":[{"floor":7,"key":"Dream Catcher"},{"floor":9,"key":"Nunchaku"}],"event_choices":[{"cards_removed":["Defend_B"],"damage_healed":0,"gold_gain":0,"player_choice":"Card Removal","damage_taken":0,"max_hp_gain":0,"max_hp_loss":0,"event_name":"The Cleric","floor":3,"gold_loss":75}],"is_beta":false,"boss_relics":[],"items_purged_floors":[],"is_endless":false,"potions_floor_spawned":[1,2,7],"killed_by":"Gremlin Nob","ascension_level":20}}