{"host":"1ekl8hlbnopmdapi","time":1611799998,"event":{"mods":["AchievementEnabler","BaseMod","Colored Map","Colored Powertips","DeckTracker","Googly Eyes","Highlight Path","Minty Spire (QoL Compilation)","Relic Sorter","StSLib","Synergy Search"],"gold_per_floor":[115,135,135,135,152,186,186,217,297,329,329,343,361,378,378,478,478,496,509,56,56,56,90,90,90,115,214,214,214,245,257,257,352,352,367,73,87,0,49,74,85,85,85,85,110,160,160,192,192,192,192,192,44,70,70,70],"floor_reached":55,"language":"ENG","playtime":2190,"items_purged":[],"score":1124,"play_id":"2a7fa89b-9fb2-46d0-bec9-34d797247a27","local_time":"20210127211318","is_ascension_mode":true,"campfire_choices":[{"data":"Panacea","floor":7,"key":"SMITH"},{"data":"Cloak And Dagger","floor":11,"key":"SMITH"},{"floor":15,"key":"RECALL"},{"floor":24,"key":"REST"},{"data":"Envenom","floor":28,"key":"SMITH"},{"data":"Blade Dance","floor":32,"key":"SMITH"},{"floor":42,"key":"REST"},{"data":"Blade Dance","floor":49,"key":"SMITH"},{"data":"Choke","floor":52,"key":"SMITH"}],"circlet_count":0,"master_deck":["Strike_G","Strike_G","Defend_G","Defend_G","Defend_G","Defend_G","Defend_G","Survivor","Flying Knee","Infinite Blades+1","Panacea+1","Neutralize","Cloak And Dagger+1","Crippling Poison+1","Blade Dance+1","Crippling Poison+1","PiercingWail","Sucker Punch","Envenom+1","Storm of Steel+1","Backflip+1","Phantasmal Killer+1","Cloak And Dagger+1","Blade Dance+1","Cloak And Dagger+1","Accuracy+1","Corpse Explosion","Choke+1","Poisoned Stab","Master of Strategy","Bane+1","Finisher+1","Accuracy"],"relics":["WristBlade","Bird Faced Urn","Strawberry","Bronze Scales","Astrolabe","Incense Burner","Anchor","Juzu Bracelet","MealTicket","Lantern","StoneCalendar","Potion Belt","Black Star","Calipers","Red Mask","Ancient Tea Set","War Paint","Shuriken","Bottled Tornado","Tough Bandages","Omamori","Prayer Wheel","Happy Flower","Toy Ornithopter","Snake Skull","Tingsha","Bottled Flame"],"acts_visited":["Exordium","TheCity","TheBeyond","TheEnding"],"potions_floor_usage":[16,16,33,40,40,55,55,55,55],"damage_taken":[{"damage":0,"enemies":"Jaw Worm","floor":1,"turns":4},{"damage":0,"enemies":"Cultist","floor":2,"turns":4},{"damage":1,"enemies":"Small Slimes","floor":5,"turns":3},{"damage":5,"enemies":"Lagavulin","floor":6,"turns":6},{"damage":10,"enemies":"3 Sentries","floor":8,"turns":8},{"damage":9,"enemies":"Lagavulin","floor":10,"turns":6},{"damage":12,"enemies":"Gremlin Gang","floor":12,"turns":3},{"damage":4,"enemies":"2 Fungi Beasts","floor":13,"turns":2},{"damage":5,"enemies":"3 Louse","floor":14,"turns":3},{"damage":0,"enemies":"Slime Boss","floor":16,"turns":6},{"damage":1,"enemies":"Spheric Guardian","floor":18,"turns":2},{"damage":0,"enemies":"Shell Parasite","floor":19,"turns":3},{"damage":29,"enemies":"Book of Stabbing","floor":23,"turns":4},{"damage":8,"enemies":"Slavers","floor":30,"turns":3},{"damage":0,"enemies":"Cultist and Chosen","floor":31,"turns":3},{"damage":23,"enemies":"Champ","floor":33,"turns":6},{"damage":5,"enemies":"3 Shapes","floor":35,"turns":3},{"damage":10,"enemies":"3 Darklings","floor":37,"turns":2},{"damage":4,"enemies":"Nemesis","floor":40,"turns":3},{"damage":24,"enemies":"Jaw Worm Horde","floor":41,"turns":3},{"damage":0,"enemies":"Giant Head","floor":45,"turns":5},{"damage":0,"enemies":"Mind Bloom Boss Battle","floor":46,"turns":4},{"damage":15,"enemies":"Nemesis","floor":48,"turns":3},{"damage":34,"enemies":"Donu and Deca","floor":50,"turns":4},{"damage":64,"enemies":"Shield and Spear","floor":54,"turns":4},{"damage":52,"enemies":"The Heart","floor":55,"turns":3}],"seed_played":"7474384563056049677","potions_obtained":[{"floor":2,"key":"Swift Potion"},{"floor":8,"key":"Fire Potion"},{"floor":10,"key":"DistilledChaos"},{"floor":18,"key":"LiquidMemories"},{"floor":23,"key":"PowerPotion"},{"floor":33,"key":"Swift Potion"},{"floor":41,"key":"DuplicationPotion"},{"floor":45,"key":"GhostInAJar"},{"floor":48,"key":"BlessingOfTheForge"},{"floor":54,"key":"Strength Potion"}],"is_trial":false,"path_per_floor":["M","M","?","?","M","E","R","E","T","E","R","M","M","M","R","B",null,"M","M","$","?","?","E","R","?","T","?","R","?","E","M","R","B",null,"M","$","M","?","T","E","M","R","T","?","E","?","?","E","R","B",null,"R","$","E","B"],"character_chosen":"THE_SILENT","items_purchased":["Incense Burner","Anchor","Calipers","Snake Skull"],"campfire_rested":2,"item_purchase_floors":[20,20,36,53],"current_hp_per_floor":[70,70,70,70,69,64,64,63,63,56,56,46,44,41,41,43,69,70,74,74,74,74,49,72,72,72,72,72,72,66,68,68,53,71,70,77,67,67,67,67,47,70,70,70,76,77,77,64,64,36,67,67,77,15,0,0],"gold":70,"neow_bonus":"BOSS_RELIC","is_daily":false,"chose_seed":false,"campfire_upgraded":6,"win_rate":0.0,"timestamp":1611799998,"path_taken":["M","M","?","?","M","E","R","E","T","E","R","?","M","M","R","BOSS","M","M","$","?","?","E","R","?","T","?","R","?","E","M","R","BOSS","M","$","M","?","?","E","M","R","T","?","E","?","?","E","R","BOSS","R","$","E","BOSS"],"items_purchased_type":["Relic","Relic","Relic","Relic"],"build_version":"2020-12-22","purchased_purges":0,"victory":false,"max_hp_per_floor":[70,70,70,70,70,70,70,77,77,77,77,77,77,77,77,77,77,77,77,77,77,77,77,77,77,77,77,77,77,77,77,77,77,77,77,77,77,77,77,77,77,77,77,77,77,77,77,77,77,77,77,77,77,77,77,77],"card_choices":[{"not_picked":["Backflip","Deadly Poison"],"picked":"Flying Knee","floor":1},{"not_picked":["Dagger Throw","PiercingWail"],"picked":"Infinite Blades","floor":2},{"not_picked":["Poisoned Stab","Slice"],"picked":"Cloak And Dagger","floor":5},{"not_picked":["Riddle With Holes","PiercingWail"],"picked":"Crippling Poison","floor":6},{"not_picked":["Reflex","Prepared","Endless Agony"],"picked":"SKIP","floor":8},{"not_picked":["Slice","Dodge and Roll"],"picked":"Blade Dance","floor":10},{"not_picked":["Setup","Underhanded Strike"],"picked":"Crippling Poison","floor":12},{"not_picked":["Bullet Time","Dagger Spray"],"picked":"PiercingWail","floor":13},{"not_picked":["Deflect","Dagger Throw"],"picked":"Sucker Punch","floor":14},{"not_picked":["Die Die Die","Adrenaline"],"picked":"Envenom","floor":16},{"not_picked":["Dagger Throw+1","Deflect"],"picked":"Cloak And Dagger+1","floor":18},{"not_picked":["Outmaneuver","Reflex"],"picked":"Blade Dance","floor":19},{"not_picked":["Underhanded Strike","Backstab"],"picked":"Cloak And Dagger+1","floor":23},{"not_picked":["Setup","PiercingWail","Dagger Spray"],"picked":"SKIP","floor":30},{"not_picked":["Die Die Die","Prepared"],"picked":"Accuracy+1","floor":31},{"not_picked":["Die Die Die","Night Terror"],"picked":"Corpse Explosion","floor":33},{"not_picked":["Acrobatics","PiercingWail+1","Dagger Spray+1"],"picked":"SKIP","floor":35},{"not_picked":["Dash+1","Backflip+1"],"picked":"Choke","floor":37},{"not_picked":["PiercingWail","Backflip+1"],"picked":"Poisoned Stab","floor":40},{"not_picked":["Acrobatics+1","PiercingWail+1","Deadly Poison"],"picked":"SKIP","floor":41},{"not_picked":["Chrysalis","Purity"],"picked":"Master of Strategy","floor":44},{"not_picked":["Predator+1","Bane+1","Caltrops"],"picked":"SKIP","floor":45},{"not_picked":["Underhanded Strike","Dagger Throw"],"picked":"Bane+1","floor":46},{"not_picked":["Dash+1","Outmaneuver+1"],"picked":"Finisher+1","floor":48},{"not_picked":["Concentrate","Corpse Explosion"],"picked":"Accuracy","floor":54}],"player_experience":506273,"relics_obtained":[{"floor":6,"key":"Bird Faced Urn"},{"floor":8,"key":"Strawberry"},{"floor":10,"key":"Bronze Scales"},{"floor":23,"key":"MealTicket"},{"floor":26,"key":"Lantern"},{"floor":30,"key":"Potion Belt"},{"floor":39,"key":"Ancient Tea Set"},{"floor":40,"key":"War Paint"},{"floor":40,"key":"Shuriken"},{"floor":43,"key":"Bottled Tornado"},{"floor":45,"key":"Tough Bandages"},{"floor":45,"key":"Omamori"},{"floor":46,"key":"Prayer Wheel"},{"floor":48,"key":"Happy Flower"},{"floor":48,"key":"Toy Ornithopter"},{"floor":54,"key":"Tingsha"},{"floor":54,"key":"Bottled Flame"}],"event_choices":[{"damage_healed":0,"gold_gain":0,"player_choice":"Grow","damage_taken":0,"max_hp_gain":0,"max_hp_loss":0,"event_name":"Living Wall","floor":3,"gold_loss":0,"cards_upgraded":["Infinite Blades"]},{"damage_healed":0,"gold_gain":0,"player_choice":"2 cards matched","damage_taken":0,"max_hp_gain":0,"max_hp_loss":0,"event_name":"Match and Keep!","floor":4,"gold_loss":0,"cards_obtained":["Panacea","Neutralize"]},{"damage_healed":0,"gold_gain":0,"player_choice":"Gave Potion","damage_taken":0,"relics_obtained":["Juzu Bracelet"],"max_hp_gain":0,"max_hp_loss":0,"event_name":"WeMeetAgain","floor":22,"gold_loss":0},{"damage_healed":0,"gold_gain":0,"player_choice":"Ignored","damage_taken":0,"max_hp_gain":0,"max_hp_loss":0,"event_name":"Cursed Tome","floor":25,"gold_loss":0},{"damage_healed":0,"gold_gain":99,"player_choice":"Stole From Cult","damage_taken":0,"max_hp_gain":0,"max_hp_loss":0,"event_name":"Nest","floor":27,"gold_loss":0},{"damage_healed":0,"gold_gain":0,"player_choice":"Opened","damage_taken":0,"relics_obtained":["StoneCalendar"],"max_hp_gain":0,"max_hp_loss":0,"event_name":"The Mausoleum","floor":29,"gold_loss":0},{"damage_healed":0,"gold_gain":0,"player_choice":"Paid","damage_taken":0,"relics_obtained":["Red Mask"],"max_hp_gain":0,"max_hp_loss":0,"event_name":"Tomb of Lord Red Mask","floor":38,"gold_loss":87},{"damage_healed":0,"gold_gain":0,"player_choice":"Memory 1","damage_taken":0,"max_hp_gain":0,"max_hp_loss":0,"event_name":"SensoryStone","floor":44,"gold_loss":0},{"damage_healed":0,"gold_gain":0,"player_choice":"Fight","damage_taken":0,"max_hp_gain":0,"max_hp_loss":0,"event_name":"MindBloom","floor":46,"gold_loss":0},{"cards_removed":["Neutralize"],"damage_healed":0,"gold_gain":0,"player_choice":"Removed Attack","damage_taken":0,"max_hp_gain":0,"max_hp_loss":0,"event_name":"Falling","floor":47,"gold_loss":0}],"is_beta":false,"boss_relics":[{"not_picked":["Philosopher\u0027s Stone","Pandora\u0027s Box"],"picked":"Astrolabe"},{"not_picked":["Cursed Key","Sozu"],"picked":"Black Star"}],"items_purged_floors":[],"is_endless":false,"potions_floor_spawned":[2,8,10,13,18,23,33,41,45,48,54],"killed_by":"The Heart","ascension_level":5}}