{"host":"nz11ypxva4e39b7q","time":1611855944,"event":{"mods":["BaseMod","Better Third Choice","Better Vampires","Colored Map","Minty Spire (QoL Compilation)","Quick Restart","StSLib"],"gold_per_floor":[110,110,110,128,128,128,166,184,229,229,264,280,293,333,333,422,422,435,451,42,42,56,95,95,95,95,115,115,147,247,281,281,357,357,370,22,33,51,0,31,31,57,80,80,80,80,113,133,133,133,133,133,133,8,39,39],"floor_reached":57,"language":"ENG","playtime":5266,"items_purged":["Strike_B","Defend_B","Rebound"],"score":3082,"play_id":"89a4902a-3fee-4f83-abb8-264e6974d12d","local_time":"20210128184544","is_ascension_mode":true,"campfire_choices":[{"data":"Apotheosis","floor":6.0,"key":"SMITH"},{"data":"Defragment","floor":15.0,"key":"SMITH"},{"floor":24.0,"key":"REST"},{"floor":28.0,"key":"REST"},{"floor":32.0,"key":"RECALL"},{"floor":41.0,"key":"REST"},{"floor":44.0,"key":"REST"},{"floor":46.0,"key":"REST"},{"floor":49.0,"key":"REST"},{"floor":53.0,"key":"REST"}],"circlet_count":0,"master_deck":["AscendersBane","Zap","Dualcast","Lockon+1","Apotheosis+1","Skim","Chaos","Beam Cell","Hologram","Hologram","Buffer","Fission","Recycle","Sweeping Beam+1","Darkness","Conserve Battery","Seek","Chill","Echo Form","Thunder Strike+1","Multi-Cast+1","Barrage+1","Conserve Battery+1","Double Energy","Coolheaded","Tempest","Defragment+1","Coolheaded+1","Redo+1"],"relics":["Cracked Core","NeowsBlessing","Bloody Idol","Orichalcum","Whetstone","Pen Nib","Ice Cream","Fusion Hammer","Happy Flower","MealTicket","Strawberry","White Beast Statue","Kunai","Torii","Shuriken","Regal Pillow","Astrolabe","Potion Belt","Red Mask","Centennial Puzzle","InkBottle","Bag of Marbles","Boot"],"acts_visited":["Exordium","TheCity","TheBeyond","TheEnding"],"potions_floor_usage":[55,55,56,56,56,56,56,56],"damage_taken":[{"damage":0.0,"enemies":"Small Slimes","floor":1.0,"turns":1.0},{"damage":0.0,"enemies":"2 Louse","floor":4.0,"turns":1.0},{"damage":0.0,"enemies":"Lagavulin","floor":7.0,"turns":2.0},{"damage":3.0,"enemies":"Jaw Worm","floor":8.0,"turns":3.0},{"damage":3.0,"enemies":"3 Sentries","floor":11.0,"turns":7.0},{"damage":6.0,"enemies":"Looter","floor":12.0,"turns":2.0},{"damage":4.0,"enemies":"3 Louse","floor":13.0,"turns":2.0},{"damage":0.0,"enemies":"Lagavulin","floor":14.0,"turns":3.0},{"damage":0.0,"enemies":"Slime Boss","floor":16.0,"turns":7.0},{"damage":10.0,"enemies":"Chosen","floor":18.0,"turns":4.0},{"damage":16.0,"enemies":"3 Byrds","floor":19.0,"turns":2.0},{"damage":1.0,"enemies":"Sentry and Sphere","floor":22.0,"turns":5.0},{"damage":12.0,"enemies":"Gremlin Leader","floor":23.0,"turns":5.0},{"damage":10.0,"enemies":"Snecko","floor":27.0,"turns":4.0},{"damage":14.0,"enemies":"Book of Stabbing","floor":29.0,"turns":4.0},{"damage":4.0,"enemies":"Colosseum Slavers","floor":30.0,"turns":4.0},{"damage":4.0,"enemies":"Colosseum Nobs","floor":30.0,"turns":4.0},{"damage":1.0,"enemies":"Slavers","floor":31.0,"turns":5.0},{"damage":0.0,"enemies":"Automaton","floor":33.0,"turns":6.0},{"damage":0.0,"enemies":"3 Darklings","floor":35.0,"turns":4.0},{"damage":0.0,"enemies":"Orb Walker","floor":37.0,"turns":3.0},{"damage":1.0,"enemies":"Sphere and 2 Shapes","floor":38.0,"turns":5.0},{"damage":2.0,"enemies":"Nemesis","floor":40.0,"turns":5.0},{"damage":26.0,"enemies":"Giant Head","floor":42.0,"turns":5.0},{"damage":2.0,"enemies":"Nemesis","floor":47.0,"turns":5.0},{"damage":1.0,"enemies":"3 Darklings","floor":48.0,"turns":2.0},{"damage":18.0,"enemies":"Donu and Deca","floor":50.0,"turns":6.0},{"damage":18.0,"enemies":"Awakened One","floor":51.0,"turns":6.0},{"damage":17,"enemies":"Shield and Spear","floor":55,"turns":6},{"damage":25,"enemies":"The Heart","floor":56,"turns":8}],"seed_played":"8484536388337570750","potions_obtained":[{"floor":4.0,"key":"ColorlessPotion"},{"floor":8.0,"key":"Block Potion"},{"floor":11.0,"key":"GamblersBrew"},{"floor":13.0,"key":"AttackPotion"},{"floor":18.0,"key":"PowerPotion"},{"floor":22.0,"key":"BlessingOfTheForge"},{"floor":27.0,"key":"SkillPotion"},{"floor":29.0,"key":"BlessingOfTheForge"},{"floor":30.0,"key":"Dexterity Potion"},{"floor":31.0,"key":"DistilledChaos"},{"floor":33.0,"key":"Ancient Potion"},{"floor":35.0,"key":"BlessingOfTheForge"},{"floor":37.0,"key":"EntropicBrew"},{"floor":38.0,"key":"PowerPotion"},{"floor":40.0,"key":"SteroidPotion"},{"floor":42.0,"key":"Swift Potion"},{"floor":47.0,"key":"SteroidPotion"},{"floor":55,"key":"SteroidPotion"}],"is_trial":false,"path_per_floor":["M","?","?","M","?","R","E","M","T","?","E","M","M","E","R","B",null,"M","M","$","?","M","E","R","?","T","M","R","E","?","E","R","B",null,"M","$","M","M","?","E","R","E","T","R","?","R","E","M","R","B","B",null,"R","$","E","B",null],"character_chosen":"DEFECT","items_purchased":["Happy Flower","MealTicket","Potion Belt","Double Energy","Coolheaded"],"campfire_rested":7,"item_purchase_floors":[20,20,36,36,36],"current_hp_per_floor":[64,64,57,57,57,57,57,54,54,54,51,45,41,41,41,41,58,48,32,32,32,31,26,47,47,47,42,63,54,51,55,55,60,68,71,71,71,71,71,71,71,50,55,71,71,71,71,71,71,53,35,62,71,71,59,34],"gold":39,"neow_bonus":"THREE_ENEMY_KILL","is_daily":false,"chose_seed":false,"campfire_upgraded":2,"win_rate":0.0,"timestamp":1611855944,"path_taken":["M","?","?","?","?","R","E","M","T","?","E","M","M","E","R","BOSS","M","M","$","?","?","E","R","?","T","M","R","E","?","E","R","BOSS","M","$","M","M","?","E","R","E","T","R","?","R","E","M","R","BOSS","BOSS","R","$","E","BOSS"],"items_purchased_type":["Relic","Relic","Relic","Card","Card"],"build_version":"2020-12-22","purchased_purges":3,"victory":true,"max_hp_per_floor":[71,64,64,64,64,64,64,64,64,64,64,64,64,64,64,64,64,64,64,64,64,64,71,71,71,71,71,71,71,71,71,71,71,71,71,71,71,71,71,71,71,71,71,71,71,71,71,71,71,71,71,71,71,71,71,71],"card_choices":[{"not_picked":["Steam","Conserve Battery"],"picked":"Rebound","floor":1.0},{"not_picked":["Leap","Undo"],"picked":"Lockon","floor":4.0},{"not_picked":["Amplify","Stack"],"picked":"Skim","floor":7.0},{"not_picked":["Coolheaded","Hello World"],"picked":"Chaos","floor":8.0},{"not_picked":["Buffer","Multi-Cast"],"picked":"Hologram","floor":11.0},{"not_picked":["Go for the Eyes","Barrage"],"picked":"Hologram","floor":12.0},{"not_picked":["BootSequence","Reinforced Body"],"picked":"Defragment","floor":13.0},{"not_picked":["Static Discharge","Beam Cell"],"picked":"Buffer","floor":14.0},{"not_picked":["Buffer","Biased Cognition"],"picked":"Fission","floor":16.0},{"not_picked":["Turbo","Beam Cell"],"picked":"Recycle","floor":18.0},{"not_picked":["Leap+1","Hologram"],"picked":"Sweeping Beam+1","floor":19.0},{"not_picked":["Go for the Eyes","Stack"],"picked":"Darkness","floor":22.0},{"not_picked":["Static Discharge","Recycle","Hologram"],"picked":"SKIP","floor":23.0},{"not_picked":["Loop","Static Discharge"],"picked":"Conserve Battery","floor":27.0},{"not_picked":["Hologram","Auto Shields"],"picked":"Seek","floor":29.0},{"not_picked":["Ball Lightning","Beam Cell"],"picked":"Chill","floor":31.0},{"not_picked":["Fission","Machine Learning"],"picked":"Echo Form","floor":33.0},{"not_picked":["Doom and Gloom","Darkness+1"],"picked":"Conserve Battery+1","floor":35.0},{"not_picked":["Heatsinks","Darkness","Sweeping Beam"],"picked":"SKIP","floor":37.0},{"not_picked":["Rebound+1","Beam Cell"],"picked":"Tempest","floor":38.0},{"not_picked":["Scrape","Force Field"],"picked":"Defragment+1","floor":40.0},{"not_picked":["Turbo","Blizzard","Go for the Eyes"],"picked":"SKIP","floor":42.0},{"not_picked":["Barrage+1","Blizzard+1","Reinforced Body"],"picked":"SKIP","floor":47.0},{"not_picked":["Go for the Eyes+1","Reprogram"],"picked":"Coolheaded+1","floor":48.0},{"not_picked":["Turbo","Stack"],"picked":"Redo+1","floor":55}],"player_experience":1009641,"relics_obtained":[{"floor":7.0,"key":"Orichalcum"},{"floor":9.0,"key":"Whetstone"},{"floor":11.0,"key":"Pen Nib"},{"floor":14.0,"key":"Ice Cream"},{"floor":23.0,"key":"Strawberry"},{"floor":26.0,"key":"White Beast Statue"},{"floor":29.0,"key":"Kunai"},{"floor":30.0,"key":"Torii"},{"floor":30.0,"key":"Shuriken"},{"floor":31.0,"key":"Regal Pillow"},{"floor":40.0,"key":"Centennial Puzzle"},{"floor":42.0,"key":"InkBottle"},{"floor":47.0,"key":"Bag of Marbles"},{"floor":55,"key":"Boot"}],"event_choices":[{"damage_healed":0.0,"max_hp_gain":0.0,"max_hp_loss":7.0,"gold_gain":0.0,"event_name":"Golden Idol","player_choice":"Lose Max HP","floor":2.0,"gold_loss":0.0,"damage_taken":0.0,"relics_obtained":["Golden Idol"]},{"cards_removed":["Defend_B"],"damage_healed":0.0,"max_hp_gain":0.0,"max_hp_loss":0.0,"gold_gain":0.0,"event_name":"Golden Wing","player_choice":"Card Removal","floor":3.0,"gold_loss":0.0,"damage_taken":7.0},{"damage_healed":57.0,"max_hp_gain":0.0,"max_hp_loss":64.0,"gold_gain":0.0,"event_name":"betterThird:BetterShining","player_choice":"Embrace","floor":5.0,"gold_loss":0.0,"damage_taken":0.0},{"damage_healed":0.0,"max_hp_gain":0.0,"max_hp_loss":0.0,"gold_gain":0.0,"cards_transformed":["Strike_B"],"event_name":"Living Wall","player_choice":"Change","floor":10.0,"gold_loss":0.0,"damage_taken":0.0,"cards_obtained":["Beam Cell"]},{"cards_removed":["Strike_B"],"damage_healed":0.0,"max_hp_gain":0.0,"max_hp_loss":0.0,"gold_gain":0.0,"event_name":"Wheel of Change","player_choice":"Card Removal","floor":21.0,"gold_loss":0.0,"damage_taken":0.0},{"damage_healed":0.0,"max_hp_gain":0.0,"max_hp_loss":0.0,"gold_gain":0.0,"event_name":"Forgotten Altar","player_choice":"Gave Idol","floor":25.0,"relics_lost":["Golden Idol"],"gold_loss":0.0,"damage_taken":0.0,"relics_obtained":["Bloody Idol"]},{"damage_healed":0.0,"max_hp_gain":0.0,"max_hp_loss":0.0,"gold_gain":0.0,"event_name":"Colosseum","player_choice":"Fight","floor":30.0,"gold_loss":0.0,"damage_taken":0.0},{"damage_healed":0.0,"max_hp_gain":0.0,"max_hp_loss":0.0,"gold_gain":0.0,"event_name":"Colosseum","player_choice":"Fought Nobs","floor":30.0,"gold_loss":0.0,"damage_taken":0.0},{"damage_healed":0.0,"max_hp_gain":0.0,"max_hp_loss":0.0,"gold_gain":0.0,"event_name":"Tomb of Lord Red Mask","player_choice":"Paid","floor":39.0,"gold_loss":51.0,"damage_taken":0.0,"relics_obtained":["Red Mask"]},{"cards_removed":["Defragment"],"damage_healed":0.0,"max_hp_gain":0.0,"max_hp_loss":0.0,"gold_gain":0.0,"event_name":"Falling","player_choice":"Removed Power","floor":45.0,"gold_loss":0.0,"damage_taken":0.0}],"is_beta":false,"boss_relics":[{"not_picked":["Pandora\u0027s Box","Snecko Eye"],"picked":"Fusion Hammer"},{"not_picked":["Calling Bell","Velvet Choker"],"picked":"Astrolabe"}],"items_purged_floors":[20,36,54],"is_endless":false,"potions_floor_spawned":[4,8,11,13,18,22,27,29,30,30,31,33,35,37,38,40,42,47,48,55],"ascension_level":20}}