{"host":"2n2g1vowfllvjtvi","time":1611853245,"event":{"mods":["AchievementEnabler","BaseMod","Custom Start","GifTheSpireLib","Keyboard Shortcuts","Minty Spire (QoL Compilation)","Quick Restart","Rare Cards Sparkle","StSLib","SuperFastMode"],"gold_per_floor":[115,115,40,115,128,155,155,168,168,202,202,216,244,261,261,332,332,342,242,242,242,242,242,242],"floor_reached":23,"language":"KOR","playtime":365,"items_purged":["Strike_B","Strike_B"],"score":494,"play_id":"f1f5f55d-ed2d-4372-bcd2-f05b92507e71","local_time":"20210129020045","is_ascension_mode":true,"campfire_choices":[{"data":"Zap","floor":7.0,"key":"SMITH"},{"data":"Dualcast","floor":11.0,"key":"SMITH"},{"data":"Consume","floor":15.0,"key":"SMITH"}],"circlet_count":0,"master_deck":["AscendersBane","Strike_B","Defend_B","Defend_B","Defend_B","Defend_B","Zap+1","Dualcast+1","Ball Lightning","Compile Driver","Echo Form","Leap","Consume+1","Biased Cognition","Self Repair"],"relics":["Cracked Core","NeowsBlessing","Singing Bowl","HornCleat","Question Card","Calipers","Philosopher\u0027s Stone"],"acts_visited":["Exordium","TheCity"],"potions_floor_usage":[16,18,23],"damage_taken":[{"damage":0.0,"enemies":"Small Slimes","floor":1.0,"turns":1.0},{"damage":0.0,"enemies":"Jaw Worm","floor":5.0,"turns":1.0},{"damage":0.0,"enemies":"Gremlin Nob","floor":6.0,"turns":1.0},{"damage":0.0,"enemies":"2 Louse","floor":8.0,"turns":3.0},{"damage":0.0,"enemies":"3 Sentries","floor":10.0,"turns":4.0},{"damage":0.0,"enemies":"Large Slime","floor":12.0,"turns":4.0},{"damage":0.0,"enemies":"Lagavulin","floor":13.0,"turns":7.0},{"damage":0.0,"enemies":"2 Fungi Beasts","floor":14.0,"turns":3.0},{"damage":22,"enemies":"Hexaghost","floor":16,"turns":8},{"damage":0,"enemies":"Chosen","floor":18,"turns":3},{"damage":67,"enemies":"Slavers","floor":23,"turns":3}],"seed_played":"5333125800475776204","potions_obtained":[{"floor":5.0,"key":"PowerPotion"},{"floor":10.0,"key":"Explosive Potion"},{"floor":14.0,"key":"ColorlessPotion"},{"floor":16,"key":"PowerPotion"},{"floor":18,"key":"SteroidPotion"}],"is_trial":false,"path_per_floor":["M","?","$","?","M","E","R","M","T","E","R","M","E","M","R","B",null,"M","$","?","?","?","E"],"character_chosen":"DEFECT","items_purchased":[],"campfire_rested":0,"item_purchase_floors":[],"current_hp_per_floor":[64,64,64,53,53,53,53,55,55,55,55,55,55,57,57,35,65,67,67,67,67,67,0,0],"gold":242,"neow_bonus":"THREE_ENEMY_KILL","is_daily":false,"chose_seed":false,"campfire_upgraded":3,"win_rate":0.0,"timestamp":1611853245,"path_taken":["M","?","$","?","M","E","R","M","T","E","R","?","E","M","R","BOSS","M","$","?","?","?","E"],"items_purchased_type":[],"build_version":"2020-12-22","purchased_purges":2,"victory":false,"max_hp_per_floor":[71,71,71,71,71,71,71,73,73,73,73,73,73,75,75,75,75,77,77,77,77,77,77,77],"card_choices":[{"not_picked":["Leap","Gash","Turbo"],"picked":"SKIP","floor":1.0},{"not_picked":["Rebound","Go for the Eyes"],"picked":"Ball Lightning","floor":5.0},{"not_picked":["Conserve Battery","Storm"],"picked":"Compile Driver","floor":6.0},{"not_picked":["Gash","Streamline","Machine Learning"],"picked":"Singing Bowl","floor":8.0},{"not_picked":["Barrage","Reprogram"],"picked":"Echo Form","floor":10.0},{"not_picked":["Ball Lightning","Barrage","Streamline"],"picked":"Leap","floor":12.0},{"not_picked":["Leap","Stack","Hologram"],"picked":"Consume","floor":13.0},{"not_picked":["Lockon","Turbo","Stack","Fusion"],"picked":"Singing Bowl","floor":14.0},{"not_picked":["Thunder Strike","Amplify","All For One"],"picked":"Biased Cognition","floor":16},{"not_picked":["Darkness","Ball Lightning","Gash","Barrage"],"picked":"Singing Bowl","floor":18}],"player_experience":212967,"relics_obtained":[{"floor":6.0,"key":"Singing Bowl"},{"floor":9.0,"key":"HornCleat"},{"floor":10.0,"key":"Question Card"},{"floor":13.0,"key":"Calipers"}],"event_choices":[{"cards_removed":["Strike_B"],"damage_healed":0.0,"max_hp_gain":0.0,"max_hp_loss":0.0,"gold_gain":0.0,"event_name":"Living Wall","player_choice":"Forget","floor":2.0,"gold_loss":0.0,"damage_taken":0.0},{"damage_healed":0.0,"max_hp_gain":0.0,"max_hp_loss":0.0,"gold_gain":75.0,"event_name":"World of Goop","player_choice":"Gather Gold","floor":4.0,"gold_loss":0.0,"damage_taken":11.0},{"damage_healed":0,"gold_gain":0,"player_choice":"Ignored","damage_taken":0,"max_hp_gain":0,"max_hp_loss":0,"event_name":"The Mausoleum","floor":20,"gold_loss":0},{"damage_healed":0,"gold_gain":0,"player_choice":"Read","damage_taken":0,"max_hp_gain":0,"max_hp_loss":0,"event_name":"The Library","floor":21,"gold_loss":0,"cards_obtained":["Self Repair"]},{"damage_healed":0,"gold_gain":0,"player_choice":"Ignored","damage_taken":0,"max_hp_gain":0,"max_hp_loss":0,"event_name":"Vampires","floor":22,"gold_loss":0}],"is_beta":false,"boss_relics":[{"not_picked":["Runic Dome","Tiny House"],"picked":"Philosopher\u0027s Stone"}],"items_purged_floors":[3,19],"is_endless":false,"potions_floor_spawned":[5,10,14,16,18],"killed_by":"Slavers","ascension_level":15}}