{"host":"1gh1pdv85cipbjj7","time":1611797149,"event":{"mods":["BaseMod","Colored Map","Downfall","GifTheSpireLib","Infinite Spire","Minty Spire (QoL Compilation)","Permanent Neow","StSLib","The Jungle"],"gold_per_floor":[99,110,210,210,223,240,264,282,302,332,332,332,332,348,365,365,365,365],"floor_reached":16,"language":"ENG","playtime":959,"items_purged":[],"score":109,"play_id":"6c4f39d3-715b-453b-b44a-4bf48eeee06c","local_time":"20210127192549","is_ascension_mode":true,"campfire_choices":[{"data":"bronze:Replicate","floor":1,"key":"SMITH"},{"floor":12,"key":"REST"}],"circlet_count":0,"master_deck":["bronze:Strike","bronze:Strike","bronze:Strike","bronze:Strike","bronze:Defend","bronze:Defend","bronze:Defend","bronze:Defend","bronze:Replicate+1","bronze:Goto","bronze:Overheat","bronze:Constructor","bronze:Shield","bronze:WildBeam","bronze:Fortify","bronze:ChosenStrike"],"relics":["Cracked Core","Juzu Bracelet","Boot","Omamori","infinitespire:Cubic Diamond"],"acts_visited":["Exordium"],"potions_floor_usage":[16,16,16],"damage_taken":[{"damage":6,"enemies":"Jaw Worm","floor":2,"turns":3},{"damage":1,"enemies":"Cultist","floor":5,"turns":3},{"damage":1,"enemies":"2 Louse","floor":6,"turns":2},{"damage":16,"enemies":"Exordium Thugs","floor":8,"turns":3},{"damage":0,"enemies":"3 Louse","floor":9,"turns":4},{"damage":25,"enemies":"Lagavulin","floor":10,"turns":6},{"damage":8,"enemies":"Red Slaver","floor":14,"turns":3},{"damage":5,"enemies":"2 Fungi Beasts","floor":15,"turns":3},{"damage":38,"enemies":"IC_STATUS_ARCHETYPE","floor":16,"turns":8}],"seed_played":"-2577816612596190567","potions_obtained":[{"floor":8,"key":"Dexterity Potion"},{"floor":10,"key":"Explosive Potion"},{"floor":14,"key":"FearPotion"}],"is_trial":false,"path_per_floor":["R","M","?","?","M","M","T","M","M","E","?","R","?","M","M","B"],"character_chosen":"THE_AUTOMATON","items_purchased":[],"campfire_rested":1,"item_purchase_floors":[],"current_hp_per_floor":[70,64,64,64,63,62,62,46,46,21,21,42,42,34,29,0,0,0],"gold":365,"neow_bonus":"RANDOM_COMMON_RELIC","is_daily":false,"chose_seed":false,"campfire_upgraded":1,"win_rate":0.0,"timestamp":1611797149,"path_taken":["R","M","?","?","M","M","T","M","M","E","?","R","?","M","M","BOSS"],"items_purchased_type":[],"build_version":"2020-12-22","purchased_purges":0,"victory":false,"max_hp_per_floor":[70,70,70,70,70,70,70,70,70,70,70,70,70,70,70,70,70,70],"card_choices":[{"not_picked":["bronze:Safeguard","bronze:OilSpill"],"picked":"bronze:Overheat","floor":2},{"not_picked":["bronze:Separator","bronze:BronzeOrb"],"picked":"bronze:Constructor","floor":5},{"not_picked":["bronze:BitShift","bronze:Safeguard","bronze:WildBeam"],"picked":"SKIP","floor":6},{"not_picked":["bronze:Turbo","bronze:Overheat"],"picked":"bronze:Shield","floor":8},{"not_picked":["bronze:DarkDash","bronze:BitShift"],"picked":"bronze:WildBeam","floor":9},{"not_picked":["bronze:MaxOutput","bronze:BugBarrage"],"picked":"bronze:Fortify","floor":10},{"not_picked":["bronze:Overheat","bronze:Return"],"picked":"bronze:ChosenStrike","floor":14},{"not_picked":["bronze:Overheat","bronze:BugBarrage","bronze:WildBeam"],"picked":"SKIP","floor":15}],"player_experience":770752,"relics_obtained":[{"floor":7,"key":"Boot"},{"floor":10,"key":"Omamori"}],"event_choices":[],"is_beta":false,"boss_relics":[],"items_purged_floors":[],"is_endless":false,"potions_floor_spawned":[8,10,14,15],"killed_by":"IC_STATUS_ARCHETYPE","ascension_level":1}}