{"host":"gaqyve1328ta0etl","time":1611875037,"event":{"mods":["BaseMod","Colored Map","Colored Powertips","Googly Eyes","Minty Spire (QoL Compilation)","Shop Mod","StSLib","SuperFastMode","The Hierophant","The Runesmith"],"gold_per_floor":[214,234,234,248,263,263,277,277,277,277,277,304,329,72,72,72,72],"floor_reached":16,"language":"ENG","playtime":679,"items_purged":["Strike_B"],"score":150,"play_id":"21a387d3-6184-4639-bd36-347018ca5f55","local_time":"20210128150357","is_ascension_mode":true,"campfire_choices":[{"floor":6,"key":"REST"},{"data":"Zap","floor":8,"key":"SMITH"},{"data":"Dualcast","floor":11,"key":"SMITH"},{"floor":15,"key":"REST"}],"circlet_count":0,"master_deck":["AscendersBane","Strike_B","Strike_B","Defend_B","Defend_B","Defend_B","Defend_B","Zap+1","Dualcast+1","Genetic Algorithm+1","Sweeping Beam","Cold Snap","Go for the Eyes","Coolheaded"],"relics":["Cracked Core","Gremlin Horn","Vajra","HornCleat","Blood Vial"],"acts_visited":["Exordium"],"potions_floor_usage":[],"damage_taken":[{"damage":8,"enemies":"2 Louse","floor":1,"turns":4},{"damage":0,"enemies":"Cultist","floor":2,"turns":4},{"damage":10,"enemies":"Jaw Worm","floor":4,"turns":4},{"damage":6,"enemies":"Looter","floor":5,"turns":3},{"damage":0,"enemies":"Large Slime","floor":7,"turns":7},{"damage":6,"enemies":"3 Sentries","floor":13,"turns":7},{"damage":76,"enemies":"Slime Boss","floor":16,"turns":13}],"seed_played":"9062314515432607157","potions_obtained":[{"floor":2,"key":"PotionOfCapacity"},{"floor":5,"key":"FocusPotion"},{"floor":13,"key":"Regen Potion"}],"is_trial":false,"path_per_floor":["M","M","?","M","M","R","M","R","T","?","R","T","E","$","R","B"],"character_chosen":"DEFECT","items_purchased":["Blood Vial","Coolheaded"],"campfire_rested":2,"item_purchase_floors":[14,14],"current_hp_per_floor":[60,60,60,50,44,66,66,66,66,59,59,59,53,53,75,0,0],"gold":72,"neow_bonus":"HUNDRED_GOLD","is_daily":false,"chose_seed":false,"campfire_upgraded":2,"win_rate":0.0,"timestamp":1611875037,"path_taken":["M","M","?","M","M","R","?","R","T","?","R","?","E","$","R","BOSS"],"items_purchased_type":["Relic","Card"],"build_version":"2020-12-22","purchased_purges":1,"victory":false,"max_hp_per_floor":[75,75,75,75,75,75,75,75,75,75,75,75,75,75,75,75,75],"card_choices":[{"not_picked":["Sweeping Beam","Leap"],"picked":"Genetic Algorithm","floor":1},{"not_picked":["Storm","Reinforced Body"],"picked":"Sweeping Beam","floor":2},{"not_picked":["FTL","White Noise","Streamline"],"picked":"SKIP","floor":4},{"not_picked":["Genetic Algorithm","Steam Power"],"picked":"Cold Snap","floor":5},{"not_picked":["Hello World","Sweeping Beam","Stack"],"picked":"SKIP","floor":7},{"not_picked":["Sweeping Beam","Rip and Tear"],"picked":"Go for the Eyes","floor":13}],"player_experience":2053882,"relics_obtained":[{"floor":9,"key":"Gremlin Horn"},{"floor":12,"key":"Vajra"},{"floor":13,"key":"HornCleat"}],"event_choices":[{"damage_healed":0,"gold_gain":0,"player_choice":"Forge","damage_taken":0,"max_hp_gain":0,"max_hp_loss":0,"event_name":"Accursed Blacksmith","floor":3,"gold_loss":0,"cards_upgraded":["Genetic Algorithm"]},{"cards_removed":["Strike_B"],"damage_healed":0,"gold_gain":0,"player_choice":"Card Removal","damage_taken":7,"max_hp_gain":0,"max_hp_loss":0,"event_name":"Golden Wing","floor":10,"gold_loss":0}],"is_beta":false,"boss_relics":[],"items_purged_floors":[14],"is_endless":false,"potions_floor_spawned":[2,5,13],"killed_by":"Slime Boss","ascension_level":10}}