{"host":"xmr2g8b7eju0288o","time":1611843962,"event":{"mods":["100% Spire Juice","AchievementEnabler","BaseMod","Colored Map","Colored Powertips","KOR Keyword Fix","Minty Spire (QoL Compilation)","Quick Restart","Spicy Shops","StSLib","SuperFastMode"],"gold_per_floor":[113,113,133,133,148,148,148,148],"floor_reached":7,"language":"KOR","playtime":133,"items_purged":[],"score":82,"play_id":"4199254e-118c-437c-b778-b43d13acd4c6","local_time":"20210128232602","daily_mods":["Heirloom","DeadlyEvents"],"is_ascension_mode":true,"campfire_choices":[{"floor":6,"key":"REST"}],"circlet_count":0,"master_deck":["AscendersBane","Moonworks:Strike","Moonworks:Strike","Moonworks:Strike","Moonworks:Strike","Moonworks:Defend","Moonworks:Defend","Moonworks:Defend","Moonworks:Defend","Moonworks:Ambush","Moonworks:LongDistanceShot","Moonworks:CloudOfSeagulls","Moonworks:NicePresent","Regret"],"relics":["Moonworks:BrokenBomb","Moonworks:Homemark","FossilizedHelix","Bag of Marbles"],"acts_visited":["Exordium"],"potions_floor_usage":[7],"damage_taken":[{"damage":8,"enemies":"Small Slimes","floor":1,"turns":4},{"damage":12,"enemies":"Cultist","floor":3,"turns":5},{"damage":10,"enemies":"2 Louse","floor":5,"turns":2},{"damage":38,"enemies":"Lagavulin","floor":7,"turns":3}],"seed_played":"7509904333186667402","potions_obtained":[{"floor":1,"key":"Swift Potion"},{"floor":5,"key":"FearPotion"}],"is_trial":true,"path_per_floor":["M","?","M","?","M","R","E"],"character_chosen":"THE_STARBREAKER","items_purchased":[],"campfire_rested":1,"item_purchase_floors":[],"current_hp_per_floor":[42,34,22,22,12,28,0,0],"gold":148,"neow_bonus":"","is_daily":false,"chose_seed":false,"campfire_upgraded":0,"win_rate":0.0,"timestamp":1611843962,"path_taken":["M","?","?","?","M","R","E"],"items_purchased_type":[],"build_version":"2020-12-22","purchased_purges":0,"victory":false,"max_hp_per_floor":[55,55,55,55,55,55,55,55],"card_choices":[{"not_picked":["Moonworks:Assault","Moonworks:TacticalRetreat"],"picked":"Moonworks:CloudOfSeagulls","floor":1},{"not_picked":["Moonworks:SealedMemories","Moonworks:AngelHand"],"picked":"Moonworks:NicePresent","floor":3},{"not_picked":["Moonworks:ImOnFire","Moonworks:Wanted","Moonworks:MiracleRedBeanIceCream"],"picked":"SKIP","floor":5}],"player_experience":111746,"relics_obtained":[],"event_choices":[{"damage_healed":0,"gold_gain":0,"player_choice":"Damaged","damage_taken":8,"max_hp_gain":0,"max_hp_loss":0,"event_name":"Wheel of Change","floor":2,"gold_loss":0},{"damage_healed":0,"gold_gain":0,"player_choice":"Box","damage_taken":0,"relics_obtained":["Bag of Marbles"],"max_hp_gain":0,"max_hp_loss":0,"event_name":"Big Fish","floor":4,"gold_loss":0,"cards_obtained":["Regret"]}],"is_beta":false,"boss_relics":[],"items_purged_floors":[],"is_endless":true,"potions_floor_spawned":[1,5],"killed_by":"Lagavulin","ascension_level":20}}