{"host":"ilhhjx796p2x2wmd","time":1611816406,"event":{"mods":["AchievementEnabler","BaseMod","BetterRewards","Colored Map","Colored Powertips","DeckTracker","Highlight Path","Minty Spire (QoL Compilation)","Permanent Neow","Rare Cards Sparkle","Shop Mod"],"gold_per_floor":[364,139,149,164,178,196,214,253,253,328,328,356,356,392,392,496,496,451,4,4,4,4,4,4,4,4,4,4,4,4],"floor_reached":29,"language":"KOR","playtime":867,"items_purged":["Normality"],"score":347,"play_id":"8dca8c6b-65ba-4d27-bf8e-e54efe14809b","local_time":"20210128154646","is_ascension_mode":true,"campfire_choices":[{"data":"Armaments","floor":13.0,"key":"SMITH"},{"floor":15.0,"key":"REST"},{"data":"Apotheosis","floor":23,"key":"SMITH"}],"circlet_count":0,"master_deck":["Strike_R","Strike_R","Strike_R","Strike_R","Strike_R","Defend_R","Defend_R","Defend_R","Defend_R","Bash","Twin Strike","Carnage","Double Tap","Cleave","Armaments+1","Inflame","Double Tap","Sword Boomerang","Reaper","True Grit","Apotheosis+1","Offering","Warcry","Battle Trance","Heavy Blade","Perfected Strike","RitualDagger","Havoc"],"relics":["Burning Blood","CeramicFish","Pear","Oddly Smooth Stone","Anchor","Mummified Hand","Ectoplasm","Membership Card","Dead Branch","Blue Candle","Tiny Chest"],"acts_visited":["Exordium","TheCity"],"potions_floor_usage":[],"damage_taken":[{"damage":12.0,"enemies":"Jaw Worm","floor":1.0,"turns":2.0},{"damage":4.0,"enemies":"Small Slimes","floor":3.0,"turns":2.0},{"damage":0.0,"enemies":"Cultist","floor":4.0,"turns":2.0},{"damage":16.0,"enemies":"Blue Slaver","floor":5.0,"turns":3.0},{"damage":14.0,"enemies":"Red Slaver","floor":6.0,"turns":2.0},{"damage":32.0,"enemies":"Exordium Thugs","floor":7.0,"turns":6.0},{"damage":32.0,"enemies":"Gremlin Nob","floor":8.0,"turns":4.0},{"damage":12.0,"enemies":"3 Sentries","floor":12.0,"turns":6.0},{"damage":16.0,"enemies":"Gremlin Nob","floor":14.0,"turns":3.0},{"damage":32.0,"enemies":"Hexaghost","floor":16.0,"turns":7.0},{"damage":23.0,"enemies":"2 Thieves","floor":18.0,"turns":4.0},{"damage":8,"enemies":"Shell Parasite","floor":21,"turns":3},{"damage":14,"enemies":"Snake Plant","floor":22,"turns":3},{"damage":42,"enemies":"Slavers","floor":24,"turns":5},{"damage":6,"enemies":"3 Cultists","floor":25,"turns":3},{"damage":25,"enemies":"Sentry and Sphere","floor":28,"turns":4},{"damage":8,"enemies":"Snake Plant","floor":29,"turns":2}],"seed_played":"5481378528655841036","potions_obtained":[{"floor":3.0,"key":"Regen Potion"},{"floor":4.0,"key":"Regen Potion"},{"floor":5.0,"key":"SkillPotion"},{"floor":24,"key":"Explosive Potion"},{"floor":28,"key":"EssenceOfSteel"}],"is_trial":false,"path_per_floor":["M","$","M","M","M","M","M","E","T","?","T","E","R","E","R","B",null,"M","$","?","M","M","R","E","M","T","?","M","M"],"character_chosen":"IRONCLAD","items_purchased":["Carnage","Double Tap","Membership Card","Dead Branch","Apotheosis","Offering","Warcry"],"campfire_rested":1,"item_purchase_floors":[2,2,19,19,19,19,19],"current_hp_per_floor":[66,66,68,74,64,56,30,16,26,15,15,24,24,14,41,15,71,55,55,55,61,53,53,26,56,56,50,31,23,23],"gold":4,"neow_bonus":"TWO_FIFTY_GOLD","is_daily":false,"chose_seed":false,"campfire_upgraded":2,"win_rate":0.0,"timestamp":1611816406,"path_taken":["M","$","M","M","M","M","M","E","T","?","?","E","R","E","R","BOSS","M","$","?","M","M","R","E","M","T","?","M","M"],"items_purchased_type":["Card","Card","Relic","Relic","Card","Card","Card"],"build_version":"2020-12-22","purchased_purges":1,"victory":false,"max_hp_per_floor":[80,80,80,80,80,80,80,80,90,90,90,90,90,90,90,90,90,90,90,90,90,90,90,90,90,90,90,90,90,90],"card_choices":[{"not_picked":["True Grit","Feel No Pain"],"picked":"Twin Strike","floor":1.0},{"not_picked":["Rampage","Anger"],"picked":"Cleave","floor":3.0},{"not_picked":["Flex","Sword Boomerang","Warcry"],"picked":"SKIP","floor":4.0},{"not_picked":["Wild Strike","Warcry"],"picked":"Armaments","floor":5.0},{"not_picked":["Uppercut","Disarm","Armaments"],"picked":"SKIP","floor":6.0},{"not_picked":["Clash","Twin Strike"],"picked":"Inflame","floor":7.0},{"not_picked":["Dual Wield","Rampage"],"picked":"Double Tap","floor":8.0},{"not_picked":["Intimidate","Metallicize","Body Slam"],"picked":"SKIP","floor":12.0},{"not_picked":["Headbutt","Body Slam"],"picked":"Sword Boomerang","floor":14.0},{"not_picked":["Double Tap","Immolate"],"picked":"Reaper","floor":16.0},{"not_picked":["Dark Embrace+1","Sword Boomerang"],"picked":"True Grit","floor":18.0},{"not_picked":["Pummel","Armaments"],"picked":"Heavy Blade","floor":21},{"not_picked":["Sword Boomerang+1","Rage+1","Armaments"],"picked":"SKIP","floor":22},{"not_picked":["Reckless Charge","Cleave"],"picked":"Perfected Strike","floor":24},{"not_picked":["Sword Boomerang+1","Flex","Heavy Blade+1"],"picked":"SKIP","floor":25},{"not_picked":["Warcry","Sentinel+1"],"picked":"Havoc","floor":28}],"player_experience":311544,"relics_obtained":[{"floor":8.0,"key":"CeramicFish"},{"floor":9.0,"key":"Pear"},{"floor":11.0,"key":"Oddly Smooth Stone"},{"floor":12.0,"key":"Anchor"},{"floor":14.0,"key":"Mummified Hand"},{"floor":24,"key":"Blue Candle"},{"floor":26,"key":"Tiny Chest"}],"event_choices":[{"damage_healed":0.0,"max_hp_gain":0.0,"max_hp_loss":0.0,"gold_gain":75.0,"event_name":"World of Goop","player_choice":"Gather Gold","floor":10.0,"gold_loss":0.0,"damage_taken":11.0},{"damage_healed":0,"gold_gain":0,"player_choice":"Read","damage_taken":0,"max_hp_gain":0,"max_hp_loss":0,"event_name":"The Library","floor":20,"gold_loss":0,"cards_obtained":["Battle Trance"]},{"damage_healed":0,"gold_gain":0,"player_choice":"Joined the Cult","damage_taken":6,"max_hp_gain":0,"max_hp_loss":0,"event_name":"Nest","floor":27,"gold_loss":0,"cards_obtained":["RitualDagger"]}],"is_beta":false,"boss_relics":[{"not_picked":["Empty Cage","Runic Dome"],"picked":"Ectoplasm"}],"items_purged_floors":[2],"is_endless":false,"potions_floor_spawned":[3,4,5,24,28],"killed_by":"Snake Plant","ascension_level":6}}