{"host":"6bsa6zw5lz47odct","time":1611850307,"event":{"mods":["2.2 Compatiblity","Act Like it!","BaseMod","Downfall","Minty Spire (QoL Compilation)","StSLib"],"gold_per_floor":[99,99,99,99,249,249,249,249,260,70,70,103,103,114,124,226,226,226,245,50,67,167,27,27,12,12,24,24,24,24,57,67,163,163,163,180,180,195,105,105,105,105,29,49,49,49,49],"floor_reached":45,"language":"ENG","playtime":3812,"items_purged":["hexamod:Strike","hexamod:Strike","hexamod:Strike","hexamod:Strike"],"score":548,"play_id":"eaa2c6a6-3df2-4b2f-873b-84f8e7d62074","local_time":"20210128231147","is_ascension_mode":true,"campfire_choices":[{"data":"hexamod:Sear","floor":1,"key":"SMITH"},{"data":"hexamod:SoulSteal","floor":11,"key":"SMITH"},{"data":"hexamod:Firestarter","floor":13,"key":"SMITH"},{"data":"hexamod:VolcanoVisage","floor":18,"key":"SMITH"},{"data":"hexamod:Rewind","floor":26,"key":"SMITH"},{"data":"hexamod:ThermalTransfer","floor":29,"key":"SMITH"},{"data":"hexamod:ThermalTransfer","floor":35,"key":"SMITH"},{"data":"hexamod:PhantomCloak","floor":40,"key":"SMITH"}],"circlet_count":0,"master_deck":["hexamod:Defend","hexamod:Defend","hexamod:Defend","hexamod:Defend","hexamod:Sear+1","hexamod:Float+1","hexamod:InspiringFlames","hexamod:ThermalTransfer+1","downfall:Icky","hexamod:AdvancingGuard","hexamod:EmpoweredFlame","hexamod:SoulSteal+1","hexamod:DynamicBlow","hexamod:Firestarter","hexamod:Firestarter+1","hexamod:FlamesFromBeyond","hexamod:VolcanoVisage+1","CurseOfTheBell","hexamod:BurningTouch","hexamod:ThermalTransfer+1","hexamod:GhostflameBarrier","hexamod:Rewind+1","hexamod:RainOfEmbers","hexamod:WildfireWeapon","hexamod:PhantomFireball+1","hexamod:ThermalTransfer+1","hexamod:PhantomCloak+1","hexamod:ThermalTransfer"],"relics":["hexamod:SpiritBrand","downfall:HeartsMalice","Singing Bowl","Eternal Feather","Calling Bell","Mummified Hand","Ginger","downfall:GremlinWheel","hexamod:SoulConsumer","downfall:RedIOU","Blue Candle","Letter Opener","StrikeDummy","Coffee Dripper","Kunai","Thread and Needle"],"acts_visited":["Exordium","TheCity","TheBeyond"],"potions_floor_usage":[16,21,22,22,31,33,39,45],"damage_taken":[{"damage":0,"enemies":"Jaw Worm","floor":2,"turns":1},{"damage":0,"enemies":"Cultist","floor":4,"turns":1},{"damage":0,"enemies":"2 Louse","floor":6,"turns":1},{"damage":20,"enemies":"Exordium Thugs","floor":9,"turns":7},{"damage":0,"enemies":"downfall:FleeingMerchant","floor":10,"turns":4},{"damage":32,"enemies":"Lagavulin","floor":12,"turns":8},{"damage":9,"enemies":"Gremlin Gang","floor":14,"turns":4},{"damage":5,"enemies":"3 Louse","floor":15,"turns":3},{"damage":11,"enemies":"SI_SHIV_ARCHETYPE","floor":16,"turns":9},{"damage":0,"enemies":"Chosen","floor":19,"turns":4},{"damage":0,"enemies":"downfall:FleeingMerchant","floor":20,"turns":4},{"damage":17,"enemies":"Snecko","floor":21,"turns":6},{"damage":4,"enemies":"Snecko","floor":22,"turns":4},{"damage":5,"enemies":"downfall:FleeingMerchant","floor":23,"turns":4},{"damage":15,"enemies":"downfall:FleeingMerchant","floor":25,"turns":4},{"damage":3,"enemies":"3 Cultists","floor":27,"turns":3},{"damage":21,"enemies":"Book of Stabbing","floor":31,"turns":6},{"damage":2,"enemies":"Chosen and Byrds","floor":32,"turns":3},{"damage":51,"enemies":"IC_MUSHROOM_ARCHETYPE","floor":33,"turns":10},{"damage":11,"enemies":"Orb Walker","floor":36,"turns":3},{"damage":41,"enemies":"3 Shapes","floor":38,"turns":4},{"damage":15,"enemies":"downfall:FleeingMerchant","floor":39,"turns":4},{"damage":0,"enemies":"downfall:FleeingMerchant","floor":43,"turns":1},{"damage":23,"enemies":"Spire Growth","floor":44,"turns":6},{"damage":86,"enemies":"Giant Head","floor":45,"turns":11}],"seed_played":"-8832336799760593197","potions_obtained":[{"floor":12,"key":"hexamod:EctoCoolerPotion"},{"floor":14,"key":"hexamod:DoubleChargePotion"},{"floor":16,"key":"LiquidMemories"},{"floor":21,"key":"DistilledChaos"},{"floor":27,"key":"LiquidMemories"},{"floor":32,"key":"sneckomod:MuddlingPotion"},{"floor":33,"key":"Weak Potion"},{"floor":38,"key":"SteroidPotion"},{"floor":44,"key":"FairyPotion"}],"is_trial":false,"path_per_floor":["R","M","?","M","?","M","T","?","M","$","R","E","R","M","M","B",null,"R","M","$","M","?","$","T","$","R","M","?","R","T","E","M","B",null,"R","M","?","M","$","R","T","?","$","M","E"],"character_chosen":"THE_SPIRIT","items_purchased":["hexamod:DynamicBlow","hexamod:Firestarter","hexamod:GhostflameBarrier","hexamod:PhantomCloak","Thread and Needle"],"campfire_rested":0,"item_purchase_floors":[10,10,20,39,43],"current_hp_per_floor":[70,70,70,70,70,70,70,75,55,55,55,23,32,23,20,9,77,77,77,77,60,56,53,53,42,54,57,57,69,69,54,58,11,85,85,78,78,43,32,47,47,47,47,30,0,0,0],"gold":49,"neow_bonus":"THREE_ENEMY_KILL","is_daily":false,"chose_seed":false,"campfire_upgraded":8,"win_rate":0.0,"timestamp":1611850307,"path_taken":["R","M","?","?","?","M","T","?","M","$","R","E","R","M","M","BOSS","R","M","$","M","?","?","T","$","R","?","?","R","?","E","M","BOSS","R","M","?","M","$","R","T","?","$","?","E"],"items_purchased_type":["Card","Card","Card","Card","Relic"],"build_version":"2020-12-22","purchased_purges":4,"victory":false,"max_hp_per_floor":[70,70,70,70,70,70,70,75,75,75,75,75,75,75,77,77,77,77,77,77,77,77,79,79,79,79,81,81,81,81,83,85,85,85,85,85,85,87,87,87,87,87,87,89,89,89,89],"card_choices":[{"not_picked":["hexamod:FourthSeal","hexamod:RecurringNightmare"],"picked":"hexamod:InspiringFlames","floor":2},{"not_picked":["hexamod:Firestarter","hexamod:GhostOfSpirePast"],"picked":"hexamod:ThermalTransfer","floor":4},{"not_picked":["hexamod:ThermalTransfer","hexamod:GhostOfSpirePast"],"picked":"hexamod:AdvancingGuard","floor":6},{"not_picked":["hexamod:SoulSteal","hexamod:CatchUp"],"picked":"hexamod:EmpoweredFlame","floor":9},{"not_picked":["hexamod:FastForward","hexamod:NightmareGuise"],"picked":"hexamod:SoulSteal","floor":10},{"not_picked":["hexamod:UnleashSpirits","hexamod:StepThrough"],"picked":"hexamod:Firestarter","floor":12},{"not_picked":["hexamod:PowerFromBeyond","hexamod:PhantomCloak"],"picked":"hexamod:FlamesFromBeyond","floor":14},{"not_picked":["hexamod:Firestarter","hexamod:GhostLash","hexamod:RetreatToShadows"],"picked":"Singing Bowl","floor":15},{"not_picked":["hexamod:UnleashSpirits","hexamod:ForkedFlame"],"picked":"hexamod:VolcanoVisage","floor":16},{"not_picked":["hexamod:NightmareGuise","hexamod:HeatMetal"],"picked":"hexamod:BurningTouch","floor":19},{"not_picked":["hexamod:Firestarter","hexamod:GhostLash+1"],"picked":"hexamod:ThermalTransfer","floor":20},{"not_picked":["hexamod:NightmareStrike+1","hexamod:AdvancingGuard"],"picked":"hexamod:Rewind","floor":21},{"not_picked":["hexamod:Firestarter+1","hexamod:InspiringFlames","hexamod:RadiantFlame+1"],"picked":"Singing Bowl","floor":23},{"not_picked":["hexamod:PowerFromBeyond","hexamod:GhostOfSpirePast"],"picked":"hexamod:RainOfEmbers","floor":25},{"not_picked":["hexamod:SpectersWail","hexamod:HauntingEcho","hexamod:FastForward"],"picked":"Singing Bowl","floor":27},{"not_picked":["hexamod:Rewind","hexamod:StepThrough","hexamod:SwordOfDarkness"],"picked":"Singing Bowl","floor":31},{"not_picked":["hexamod:AdvancingGuard","hexamod:FirstSeal","hexamod:BacktrackSmack"],"picked":"Singing Bowl","floor":32},{"not_picked":["hexamod:UnleashSpirits","hexamod:TimeWarp"],"picked":"hexamod:WildfireWeapon","floor":33},{"not_picked":["hexamod:BurningTouch+1","hexamod:PowerFromBeyond+1"],"picked":"hexamod:PhantomFireball+1","floor":36},{"not_picked":["hexamod:NightmareGuise","hexamod:BacktrackSmack","hexamod:FourthSeal"],"picked":"Singing Bowl","floor":38},{"not_picked":["hexamod:FastForward+1","hexamod:GhostLash"],"picked":"hexamod:ThermalTransfer+1","floor":39},{"not_picked":["hexamod:NightmareStrike+1","hexamod:BacktrackSmack+1"],"picked":"hexamod:ThermalTransfer","floor":43},{"not_picked":["hexamod:BacktrackSmack","hexamod:InspiringFlames","hexamod:Incineration"],"picked":"Singing Bowl","floor":44}],"player_experience":835267,"relics_obtained":[{"floor":7,"key":"Singing Bowl"},{"floor":12,"key":"Eternal Feather"},{"floor":17,"key":"Dream Catcher"},{"floor":17,"key":"Mummified Hand"},{"floor":17,"key":"Ginger"},{"floor":22,"key":"downfall:GremlinWheel"},{"floor":24,"key":"hexamod:SoulConsumer"},{"floor":29,"key":"Blue Candle"},{"floor":30,"key":"Letter Opener"},{"floor":31,"key":"StrikeDummy"},{"floor":41,"key":"Kunai"}],"event_choices":[{"damage_healed":0,"gold_gain":0,"player_choice":"Donut","damage_taken":0,"max_hp_gain":5,"max_hp_loss":0,"event_name":"Big Fish","floor":8,"gold_loss":0},{"damage_healed":0,"gold_gain":0,"player_choice":"Relic","damage_taken":0,"max_hp_gain":0,"max_hp_loss":0,"event_name":"Wheel of Change","floor":29,"gold_loss":0}],"is_beta":false,"boss_relics":[{"not_picked":["Snecko Eye","SlaversCollar"],"picked":"Calling Bell"},{"not_picked":["hexamod:UnbrokenSoul","Fusion Hammer"],"picked":"Coffee Dripper"}],"items_purged_floors":[10,20,23,43],"is_endless":false,"potions_floor_spawned":[12,14,16,21,27,32,33,38,44],"killed_by":"Giant Head","ascension_level":1}}