{"host":"lehz9p79pih88cc3","time":1611847001,"event":{"mods":["AchievementEnabler","Act Like it!","Ascension Reborn","BaseMod","Conspire","Downfall","Halation","Minty Spire (QoL Compilation)","Permanent Neow","Quick Restart","Relic Stats","Replay The Spire","SacredBarkPlus","StSLib","Transform Curses"],"gold_per_floor":[399,418,538,538,560,300,332,351,92,92,110,133,146,181,195,314,314,314,328,365,365,384,419,451,475,475,516,538,554,566,276,295,410,410,410,428,548,561,454,454,454,454,454,454,478,501,514,336,353,353],"floor_reached":51,"language":"ENG","playtime":2222,"items_purged":["champ:Defend+1","champ:Strike+1"],"score":175,"play_id":"8f214e96-30d3-47e1-9876-bc9d7473bc59","local_time":"20210128101641","is_ascension_mode":true,"campfire_choices":[{"floor":1,"key":"REST"},{"data":"ReplayTheSpireMod:Faulty Equipment","floor":10,"key":"SMITH"},{"data":"champ:EndlessRage","floor":35,"key":"SMITH"},{"data":"champ:SwordSigil","floor":35,"key":"SMITH"}],"circlet_count":0,"master_deck":["champ:Strike+1","champ:Defend+1","champ:Execute+1","champ:Taunt+1","champ:PerfectedStrike","champ:ShieldSigil","champ:ShieldSlam","champ:FocusedBerserking","champ:BerserkerStyle+1","champ:PerfectedStrike","champ:GutPunch","champ:Shatter+1","champ:BringItOn","champ:ShieldWall","champ:ShieldWall","champ:CalledShot","champ:SteelEdge","champ:Lariat+1","champ:StanceDance+1","champ:EnragedBash+1","champ:Devastate","champ:SkillfulDodge+1","champ:GladiatorStyle+1","champ:SwordSigil+1","champ:PreciseThrust+2","champ:FanOfKnives+1","champ:FanOfKnives","champ:StrikeOfGenius","champ:SwordSigil+1","champ:ShieldWall+1","champ:EndlessRage+1","champ:Improvising","champ:BerserkerStyle"],"relics":["champ:ChampionCrownUpgraded","CloakClasp","TungstenRod","DollysMirror","conspire:DecoderRing","Blue Doll","ReplayTheSpireMod:CursedCoin","Garlic","Toy Ornithopter","conspire:InfiniteJournal","Pondfish Scales","Astrolabe","halation:BottledLove","Whetstone","Meat on the Bone","Oddly Smooth Stone","Replay:PocketPolymizer","Regal Pillow","Membership Card","halation:PenCase","Lantern","Ginger","downfall:GremlinWheel","Gremlin Horn","Bag of Preparation","Sundial","halation:StarCompass","halation:PinkSoulGem","Replay:Wax Seal","BargainBundle","Chameleon Ring","Pet Ghost"],"acts_visited":["Exordium","TheCity","TheBeyond"],"potions_floor_usage":[12,37],"damage_taken":[{"damage":10,"enemies":"conspire:RoseBush","floor":2,"turns":2},{"damage":13,"enemies":"conspire:RoseBush","floor":3,"turns":4},{"damage":15,"enemies":"2 Louse","floor":5,"turns":1},{"damage":21,"enemies":"downfall:FleeingMerchant","floor":6,"turns":4},{"damage":0,"enemies":"Jaw Worm","floor":8,"turns":1},{"damage":50,"enemies":"downfall:FleeingMerchant","floor":9,"turns":4},{"damage":5,"enemies":"Red Slaver","floor":11,"turns":2},{"damage":0,"enemies":"3 Louse","floor":12,"turns":2},{"damage":24,"enemies":"Blue Slaver","floor":13,"turns":2},{"damage":27,"enemies":"3 Sentries","floor":14,"turns":5},{"damage":18,"enemies":"Red Slaver","floor":15,"turns":2},{"damage":94,"enemies":"SI_SHIV_ARCHETYPE","floor":16,"turns":5},{"damage":31,"enemies":"Chosen","floor":19,"turns":3},{"damage":40,"enemies":"conspire:MimicChest","floor":20,"turns":5},{"damage":18,"enemies":"Spheric Guardian","floor":22,"turns":2},{"damage":59,"enemies":"Book of Stabbing","floor":23,"turns":4},{"damage":75,"enemies":"conspire:HollyBat","floor":25,"turns":6},{"damage":64,"enemies":"Gremlin Leader","floor":27,"turns":3},{"damage":73,"enemies":"3 Cultists","floor":28,"turns":4},{"damage":22,"enemies":"Cultist and Chosen","floor":29,"turns":3},{"damage":18,"enemies":"Snecko","floor":30,"turns":2},{"damage":46,"enemies":"downfall:FleeingMerchant","floor":31,"turns":4},{"damage":59,"enemies":"Shelled Parasite and Fungi","floor":32,"turns":3},{"damage":83,"enemies":"IC_MUSHROOM_ARCHETYPE","floor":33,"turns":5},{"damage":108,"enemies":"3 Darklings","floor":36,"turns":3},{"damage":68,"enemies":"3 Darklings","floor":37,"turns":2},{"damage":74,"enemies":"Orb Walker","floor":38,"turns":3},{"damage":94,"enemies":"downfall:FleeingMerchant","floor":39,"turns":4},{"damage":91,"enemies":"4 Shapes","floor":45,"turns":1},{"damage":30,"enemies":"Jaw Worm Horde","floor":46,"turns":1},{"damage":124,"enemies":"Maw","floor":47,"turns":4},{"damage":105,"enemies":"downfall:FleeingMerchant","floor":48,"turns":4},{"damage":117,"enemies":"Writhing Mass","floor":49,"turns":2},{"damage":0,"enemies":"WA_ARCHETYPE_DIVINITY","floor":50,"turns":1}],"seed_played":"4617392148712630292","potions_obtained":[{"floor":2,"key":"LiquidMemories"},{"floor":3,"key":"LiquidBronze"},{"floor":5,"key":"SteroidPotion"},{"floor":6,"key":"Block Potion"},{"floor":12,"key":"FairyPotion"},{"floor":28,"key":"Regen Potion"},{"floor":37,"key":"Regen Potion"},{"floor":46,"key":"Adrenaline Potion"}],"is_trial":false,"path_per_floor":["R","M","?","?","M","$","T","M","$","R","M","M","M","E","M","B",null,"R","M","?","?","M","E","T","M","?","E","M","M","M","$","M","B",null,"R","M","?","M","$","?","T","?","?","?","M","M","M","$","M","B",null],"character_chosen":"THE_CHAMP","items_purchased":["champ:BerserkerStyle+1","DollysMirror","champ:GutPunch","ReplayTheSpireMod:CursedCoin","champ:BringItOn","Garlic","Toy Ornithopter","champ:ShieldWall","Membership Card","halation:PenCase","Lantern","Gremlin Horn","Replay:Wax Seal","BargainBundle","Chameleon Ring"],"campfire_rested":1,"item_purchase_floors":[6,6,6,9,9,9,9,9,31,31,31,39,48,48,48],"current_hp_per_floor":[99,99,99,99,99,99,99,99,99,99,94,99,99,99,99,108,108,108,108,108,108,108,108,108,108,108,108,108,108,108,108,108,117,117,117,117,117,117,117,117,117,117,117,117,117,117,117,117,117,126],"gold":353,"neow_bonus":"TWO_FIFTY_GOLD","is_daily":false,"chose_seed":false,"campfire_upgraded":3,"win_rate":0.0,"timestamp":1611847001,"path_taken":["R","M","?","?","?","?","T","M","$","R","M","M","M","E","M","BOSS","R","M","?","?","M","E","T","M","?","E","M","M","M","$","M","BOSS","R","M","?","?","$","?","T","?","?","?","M","M","M","$","M","BOSS"],"items_purchased_type":["Card","Relic","Card","Relic","Card","Relic","Relic","Card","Relic","Relic","Relic","Relic","Relic","Relic","Relic"],"build_version":"2020-12-22","purchased_purges":2,"victory":true,"max_hp_per_floor":[99,99,99,99,99,99,99,99,99,99,99,99,99,99,99,108,108,108,108,108,108,108,108,108,108,108,108,108,108,108,108,108,117,117,117,117,117,117,117,117,117,117,117,117,117,117,117,117,117,126],"relic_stats":{"Regal Pillow":0,"Gremlin Horn":[3,3],"counters":[34,103],"Astrolabe":["champ:DancingMaster","champ:SkillfulDodge","champ:GladiatorStyle"],"CloakClasp":[166],"Bag of Preparation":[12],"Whetstone":["champ:PreciseThrust","champ:Shatter"],"Ginger":[5],"Sundial":[0],"obtain_stats":[{"Regal Pillow":30,"Lantern":31,"Replay:PocketPolymizer":27,"Gremlin Horn":39,"champ:ChampionCrown":0,"Blue Doll":7,"CloakClasp":3,"Bag of Preparation":41,"Whetstone":23,"Ginger":33,"halation:StarCompass":43,"Pet Ghost":49,"conspire:InfiniteJournal":12,"downfall:GremlinWheel":37,"Chameleon Ring":48,"DollysMirror":6,"Sundial":41,"conspire:DecoderRing":7,"Replay:Wax Seal":48,"BargainBundle":48,"ReplayTheSpireMod:CursedCoin":9,"halation:BottledLove":20,"Astrolabe":17,"Oddly Smooth Stone":24,"champ:ChampionCrownUpgraded":34,"Pondfish Scales":16,"halation:PenCase":31,"Garlic":9,"Membership Card":31,"halation:PinkSoulGem":44,"TungstenRod":5,"Toy Ornithopter":9,"Meat on the Bone":24},{"Regal Pillow":21,"Lantern":22,"Replay:PocketPolymizer":18,"Gremlin Horn":28,"champ:ChampionCrown":0,"Blue Doll":4,"CloakClasp":2,"Bag of Preparation":28,"Whetstone":16,"Ginger":24,"halation:StarCompass":28,"Pet Ghost":33,"conspire:InfiniteJournal":8,"downfall:GremlinWheel":26,"Chameleon Ring":32,"DollysMirror":4,"Sundial":28,"conspire:DecoderRing":4,"Replay:Wax Seal":32,"BargainBundle":32,"ReplayTheSpireMod:CursedCoin":6,"halation:BottledLove":14,"Astrolabe":12,"Oddly Smooth Stone":16,"champ:ChampionCrownUpgraded":24,"Pondfish Scales":12,"halation:PenCase":22,"Garlic":6,"Membership Card":22,"halation:PinkSoulGem":28,"TungstenRod":3,"Toy Ornithopter":6,"Meat on the Bone":16},{"Regal Pillow":66,"Lantern":70,"Replay:PocketPolymizer":57,"Gremlin Horn":90,"champ:ChampionCrown":0,"Blue Doll":11,"CloakClasp":6,"Bag of Preparation":90,"Whetstone":48,"Ginger":78,"halation:StarCompass":90,"Pet Ghost":102,"conspire:InfiniteJournal":20,"downfall:GremlinWheel":83,"Chameleon Ring":100,"DollysMirror":11,"Sundial":90,"conspire:DecoderRing":11,"Replay:Wax Seal":100,"BargainBundle":100,"ReplayTheSpireMod:CursedCoin":16,"halation:BottledLove":42,"Astrolabe":34,"Oddly Smooth Stone":48,"champ:ChampionCrownUpgraded":78,"Pondfish Scales":34,"halation:PenCase":70,"Garlic":16,"Membership Card":70,"halation:PinkSoulGem":90,"TungstenRod":7,"Toy Ornithopter":16,"Meat on the Bone":48}],"TungstenRod":283,"Toy Ornithopter":12,"Meat on the Bone":102},"card_choices":[{"not_picked":["champ:FalseCounter","champ:RapidStrikes"],"picked":"champ:PerfectedStrike","floor":2},{"not_picked":["champ:RapidStrikes","champ:CalledShot"],"picked":"champ:ShieldSigil","floor":3},{"not_picked":["champ:CalledShot","champ:BladeFlurry"],"picked":"champ:ShieldSlam","floor":5},{"not_picked":["champ:TornadoPunch+1","champ:PreemptiveStrike"],"picked":"champ:FocusedBerserking","floor":6},{"not_picked":["champ:Encircle","champ:EnGarde+1"],"picked":"champ:Shatter","floor":8},{"not_picked":["champ:Parry","champ:HeartStrike","champ:GutPunch"],"picked":"SKIP","floor":9},{"not_picked":["champ:PreemptiveStrike+1","champ:Parry","champ:ShieldSigil"],"picked":"SKIP","floor":11},{"not_picked":["champ:CrownThrow","champ:Circumvent"],"picked":"champ:CalledShot","floor":12},{"not_picked":["champ:GutPunch","champ:PreciseThrust"],"picked":"champ:SteelEdge","floor":13},{"not_picked":["champ:CrownThrow","champ:FanOfKnives"],"picked":"champ:Lariat+1","floor":14},{"not_picked":["champ:Duel+1","champ:Endure"],"picked":"champ:StanceDance+1","floor":14},{"not_picked":["champ:PerfectedStrike","champ:FancyFootwork+1"],"picked":"champ:EnragedBash+1","floor":15},{"not_picked":["champ:IgnorePain","champ:ShieldThrow"],"picked":"champ:Devastate","floor":16},{"not_picked":["champ:StanceDance","champ:FancyFootwork"],"picked":"champ:PreciseThrust+1","floor":19},{"not_picked":["champ:StanceDance","champ:GutPunch+1"],"picked":"champ:FanOfKnives+1","floor":20},{"not_picked":["champ:ViciousMockery+1","champ:PreemptiveStrike","champ:FlashCut"],"picked":"SKIP","floor":22},{"not_picked":["champ:IronFortress","champ:StanceDance"],"picked":"champ:FanOfKnives","floor":23},{"not_picked":["champ:Backstep+1","champ:PerfectedStrike+1"],"picked":"champ:StrikeOfGenius","floor":25},{"not_picked":["champ:Endure","champ:GladiatorForm"],"picked":"champ:SwordSigil+1","floor":27},{"not_picked":["champ:Circumvent","champ:IronFortress+1","champ:Backstep+1"],"picked":"SKIP","floor":28},{"not_picked":["champ:Circumvent","champ:IronFortress+1","champ:Backstep+1"],"picked":"SKIP","floor":28},{"not_picked":["champ:Backstep+1","champ:FaceSlap","champ:FancyFootwork+1"],"picked":"SKIP","floor":29},{"not_picked":["champ:EnGarde","champ:BerserkersShout+1","champ:RapidStrikes"],"picked":"SKIP","floor":30},{"not_picked":["champ:Parry","champ:StanceDance+1"],"picked":"champ:ShieldWall+1","floor":31},{"not_picked":["champ:PerfectedStrike+1","champ:EnGarde+1"],"picked":"champ:EndlessRage","floor":32},{"not_picked":["champ:ShieldThrow","champ:StrikeOfGenius"],"picked":"champ:Improvising","floor":33},{"not_picked":["champ:Endure+1","champ:TornadoPunch","champ:Encircle+1"],"picked":"SKIP","floor":36},{"not_picked":["champ:AdrenalArmor+1","champ:TornadoPunch+1"],"picked":"champ:BerserkerStyle","floor":38},{"not_picked":["champ:StanceDance+1","champ:Improvising","champ:GutPunch+1"],"picked":"SKIP","floor":39},{"not_picked":["champ:Shatter","champ:EnGarde+1","champ:Haymaker"],"picked":"SKIP","floor":45},{"not_picked":["champ:ShieldWall+1","champ:StanceDance","champ:Improvising"],"picked":"SKIP","floor":46},{"not_picked":["champ:EndlessRage+1","champ:Haymaker+1","champ:PreciseThrust"],"picked":"SKIP","floor":47},{"not_picked":["champ:Haymaker+1","champ:RageSigil+1","champ:ArenaPreparation+1"],"picked":"SKIP","floor":48},{"not_picked":["champ:RisingSlash+1","champ:RageSigil+1","champ:EndlessRage+1"],"picked":"SKIP","floor":49}],"player_experience":149827,"relics_obtained":[{"floor":3,"key":"CloakClasp"},{"floor":5,"key":"TungstenRod"},{"floor":7,"key":"conspire:DecoderRing"},{"floor":7,"key":"Blue Doll"},{"floor":12,"key":"conspire:InfiniteJournal"},{"floor":16,"key":"Pondfish Scales"},{"floor":20,"key":"halation:BottledLove"},{"floor":23,"key":"Whetstone"},{"floor":24,"key":"Meat on the Bone"},{"floor":24,"key":"Oddly Smooth Stone"},{"floor":27,"key":"Replay:PocketPolymizer"},{"floor":30,"key":"Regal Pillow"},{"floor":33,"key":"Ginger"},{"floor":37,"key":"downfall:GremlinWheel"},{"floor":41,"key":"Bag of Preparation"},{"floor":41,"key":"Sundial"},{"floor":49,"key":"Pet Ghost"}],"event_choices":[{"cards_removed":["champ:Strike"],"damage_healed":0,"gold_gain":0,"player_choice":"Offered Basic","damage_taken":0,"max_hp_gain":0,"max_hp_loss":0,"event_name":"Bonfire Elementals","floor":4,"gold_loss":0},{"damage_healed":0,"gold_gain":0,"player_choice":"Leave","damage_taken":0,"max_hp_gain":0,"max_hp_loss":0,"event_name":"conspire:Investor","floor":40,"gold_loss":0}],"is_beta":false,"boss_relics":[{"not_picked":["Replay:Ancient Bell","halation:Prosthetics"],"picked":"Astrolabe"},{"not_picked":["Coffee Dripper","Snecko Eye"],"picked":"champ:ChampionCrownUpgraded"}],"items_purged_floors":[6,9],"is_endless":false,"potions_floor_spawned":[2,5,11,12,15,20,27,28,32,33,37,38,46,47],"ascension_level":-20}}