{"host":"wq0pzln9h9r005f2","time":1611797936,"event":{"mods":["AchievementEnabler","BaseMod","Googly Eyes","Highlight Path","Minty Spire (QoL Compilation)","Quick Restart","Rare Cards Sparkle","Relic Stats","The IronCluck","egg"],"gold_per_floor":[110,110,137,87,135,135,166,180,204,204,235,251,281,296,296,296,296],"floor_reached":16,"language":"ENG","playtime":484,"items_purged":[],"score":195,"play_id":"e5476a5c-d4e8-4b19-b597-f7299ed37885","local_time":"20210127183856","is_ascension_mode":true,"campfire_choices":[{"data":"Bash","floor":6,"key":"SMITH"},{"floor":10,"key":"REST"},{"floor":15,"key":"REST"}],"circlet_count":0,"master_deck":["AscendersBane","Strike_R","Strike_R+1","Strike_R","Strike_R","Strike_R+1","Defend_R","Defend_R","Defend_R","Bash+1","Immolate"],"relics":["Burning Blood","Tiny Chest","Regal Pillow","Whetstone","Happy Flower","Dream Catcher","Strawberry","PreservedInsect"],"acts_visited":["Exordium"],"potions_floor_usage":[11,11,13,16],"damage_taken":[{"damage":8,"enemies":"Small Slimes","floor":1,"turns":6},{"damage":55,"enemies":"3 Sentries","floor":7,"turns":11},{"damage":7,"enemies":"Jaw Worm","floor":8,"turns":2},{"damage":37,"enemies":"Lagavulin","floor":11,"turns":4},{"damage":1,"enemies":"Cultist","floor":12,"turns":3},{"damage":15,"enemies":"3 Sentries","floor":13,"turns":3},{"damage":23,"enemies":"Lots of Slimes","floor":14,"turns":3},{"damage":66,"enemies":"Hexaghost","floor":16,"turns":7}],"seed_played":"8690912422364553129","potions_obtained":[{"floor":7,"key":"Explosive Potion"},{"floor":8,"key":"ColorlessPotion"},{"floor":12,"key":"Explosive Potion"},{"floor":13,"key":"SteroidPotion"}],"is_trial":false,"path_per_floor":["M","?","T","?","T","R","E","M","T","R","E","M","E","M","R","B"],"character_chosen":"IRONCLAD","items_purchased":[],"campfire_rested":2,"item_purchase_floors":[],"current_hp_per_floor":[70,75,75,75,75,75,26,25,25,65,41,46,37,20,62,0,0],"gold":296,"neow_bonus":"RANDOM_COMMON_RELIC","is_daily":false,"chose_seed":false,"campfire_upgraded":1,"win_rate":0.0,"timestamp":1611797936,"path_taken":["M","?","?","?","?","R","E","M","T","R","E","?","E","?","R","BOSS"],"items_purchased_type":[],"build_version":"2020-12-22","purchased_purges":0,"victory":false,"max_hp_per_floor":[80,85,85,85,85,85,85,85,85,85,92,92,92,92,92,92,92],"relic_stats":{"Regal Pillow":30,"Dream Catcher":2,"Happy Flower":[7],"counters":[8,39],"Tiny Chest":1,"PreservedInsect":0,"Whetstone":["Strike_R","Strike_R"],"obtain_stats":[{"Regal Pillow":3,"Dream Catcher":9,"Happy Flower":7,"Strawberry":11,"Tiny Chest":0,"PreservedInsect":13,"Whetstone":5,"Burning Blood":0},{"Regal Pillow":1,"Dream Catcher":3,"Happy Flower":2,"Strawberry":4,"Tiny Chest":0,"PreservedInsect":6,"Whetstone":1,"Burning Blood":0},{"Regal Pillow":6,"Dream Catcher":19,"Happy Flower":17,"Strawberry":23,"Tiny Chest":0,"PreservedInsect":29,"Whetstone":6,"Burning Blood":0}],"Burning Blood":42},"card_choices":[{"not_picked":["Twin Strike","True Grit","Warcry"],"picked":"SKIP","floor":1},{"not_picked":["Feel No Pain","Fire Breathing"],"picked":"Immolate","floor":7},{"not_picked":["Sword Boomerang","Heavy Blade","Ghostly Armor"],"picked":"SKIP","floor":8},{"not_picked":["Feel No Pain","Corruption","Sword Boomerang"],"picked":"SKIP","floor":11},{"not_picked":["Body Slam","Clothesline","Power Through"],"picked":"SKIP","floor":12},{"not_picked":["Battle Trance","Sentinel","Warcry"],"picked":"SKIP","floor":13},{"not_picked":["Intimidate","Wild Strike","Sword Boomerang"],"picked":"SKIP","floor":14}],"player_experience":93417,"relics_obtained":[{"floor":3,"key":"Regal Pillow"},{"floor":5,"key":"Whetstone"},{"floor":7,"key":"Happy Flower"},{"floor":9,"key":"Dream Catcher"},{"floor":11,"key":"Strawberry"},{"floor":13,"key":"PreservedInsect"}],"event_choices":[{"damage_healed":0,"gold_gain":0,"player_choice":"Donut","damage_taken":0,"max_hp_gain":5,"max_hp_loss":0,"event_name":"Big Fish","floor":2,"gold_loss":0},{"cards_removed":["Defend_R"],"damage_healed":0,"gold_gain":0,"player_choice":"Card Removal","damage_taken":0,"max_hp_gain":0,"max_hp_loss":0,"event_name":"The Cleric","floor":4,"gold_loss":50}],"is_beta":false,"boss_relics":[],"items_purged_floors":[],"is_endless":false,"potions_floor_spawned":[7,8,12,13],"killed_by":"Hexaghost","ascension_level":13}}