{"host":"15pfcaw18z4i9hxo","time":1611807750,"event":{"mods":["BaseMod","DeckTracker","GifTheSpireLib","KinomotoSakuraMod(ñÿîVñ{?)","Koishi","Mad Scientist","MarisaÅiñ∂âJÅ@ñÇóùçπÅj","Minty Spire (QoL Compilation)","StSLib","The Disciple","The Marked","The Mystic"],"gold_per_floor":[363,145,165,175,175,175,192,202,202,228,79,79,79],"floor_reached":12,"language":"JPN","playtime":565,"items_purged":["MadScienceMod:Defend_MadScience"],"score":80,"play_id":"1752258d-7079-4a4c-8041-b8b6a54cc6ff","local_time":"20210128132230","is_ascension_mode":false,"campfire_choices":[{"data":"MadScienceMod:Refuel","floor":6,"key":"SMITH"}],"circlet_count":0,"master_deck":["MadScienceMod:Strike_MadScience","MadScienceMod:Strike_MadScience","MadScienceMod:Strike_MadScience","MadScienceMod:Strike_MadScience","MadScienceMod:Defend_MadScience","MadScienceMod:Defend_MadScience","MadScienceMod:Defend_MadScience","MadScienceMod:PoweredStrike","MadScienceMod:HideBehindJunk","MadScienceMod:Refuel+1","MadScienceMod:Booster","MadScienceMod:EnergyBarrier"],"relics":["MadScienceMod:FuelTank","Happy Flower","Molten Egg 2","Darkstone Periapt","MealTicket"],"acts_visited":["Exordium"],"potions_floor_usage":[10,12],"damage_taken":[{"damage":1,"enemies":"Cultist","floor":1,"turns":4},{"damage":5,"enemies":"Small Slimes","floor":3,"turns":5},{"damage":6,"enemies":"Jaw Worm","floor":4,"turns":5},{"damage":4,"enemies":"3 Louse","floor":7,"turns":4},{"damage":8,"enemies":"Large Slime","floor":8,"turns":11},{"damage":40,"enemies":"3 Sentries","floor":10,"turns":13},{"damage":8,"enemies":"Lagavulin","floor":12,"turns":7}],"seed_played":"-409395020631905158","potions_obtained":[{"floor":3,"key":"CultistPotion"},{"floor":8,"key":"LiquidBronze"}],"is_trial":false,"path_per_floor":["M","$","M","M","?","R","M","M","T","E","$","E"],"character_chosen":"MAD_SCIENTIST","items_purchased":["Happy Flower","MealTicket"],"campfire_rested":0,"item_purchase_floors":[2,11],"current_hp_per_floor":[67,67,62,56,56,56,52,44,44,4,4,0,0],"gold":79,"neow_bonus":"TWO_FIFTY_GOLD","is_daily":false,"chose_seed":false,"campfire_upgraded":1,"win_rate":0.0,"timestamp":1611807750,"path_taken":["M","$","M","?","?","R","?","M","T","E","$","E"],"items_purchased_type":["Relic","Relic"],"build_version":"2020-12-22","purchased_purges":1,"victory":false,"max_hp_per_floor":[68,68,68,68,68,68,68,68,68,68,68,68,68],"card_choices":[{"not_picked":["MadScienceMod:FlameCannon","MadScienceMod:MechanicalClaw"],"picked":"MadScienceMod:Refuel","floor":1},{"not_picked":["MadScienceMod:Probe","MadScienceMod:OilDrum","MadScienceMod:AntimatterBomb"],"picked":"SKIP","floor":3},{"not_picked":["MadScienceMod:FumeBlast","MadScienceMod:FlexibleSpear"],"picked":"MadScienceMod:Booster","floor":4},{"not_picked":["MadScienceMod:FlexibleSpear","MadScienceMod:Virus"],"picked":"MadScienceMod:EnergyBarrier","floor":7},{"not_picked":["MadScienceMod:Inflate","MadScienceMod:Refuel","MadScienceMod:OilDrum"],"picked":"SKIP","floor":8},{"not_picked":["MadScienceMod:MindControlBeam","MadScienceMod:OilDrum","MadScienceMod:Refuel"],"picked":"SKIP","floor":10}],"player_experience":229547,"relics_obtained":[{"floor":9,"key":"Molten Egg 2"},{"floor":10,"key":"Darkstone Periapt"}],"event_choices":[{"damage_healed":0,"gold_gain":0,"player_choice":"Ignored","damage_taken":0,"max_hp_gain":0,"max_hp_loss":0,"event_name":"NoteForYourself","floor":5,"gold_loss":0}],"is_beta":false,"boss_relics":[],"items_purged_floors":[2],"is_endless":false,"potions_floor_spawned":[3,8],"killed_by":"Lagavulin","ascension_level":0}}