{"host":"fr3ip57hl52y255p","time":1611851110,"event":{"mods":["Act Like it!","Arknights The Spire","BaseMod","Challenge The Spire","Colored Powertips","Downfall","Good Game Mod","Luminous","Mari Mod (Legacy)","Mari\u0027s V1 Patch","Minty Spire (QoL Compilation)","READ ME - Guardian Mod","Relic Filter Mod","Relic Stats","StSLib","The Cursed","The Hierophant"],"gold_per_floor":[117,135,135,164,190,202,68,68,91,107,137,137,62,95,95,199,199,214,230,230,51,69,69,101,136,136,169,219,233,259,275,275,378,378,391,266,117,128,147,147,161,161,188,238,238,289,320,320,320,320],"floor_reached":51,"language":"ZHS","playtime":5585,"items_purged":["TheCursedMod:Strike_TheCursed","TheCursedMod:Defend_TheCursed","TheCursedMod:Defend_TheCursed"],"score":796,"play_id":"3ed780fb-5d1e-4056-afea-7cb77ccc647e","local_time":"20210129002510","is_ascension_mode":true,"campfire_choices":[{"data":"TheCursedMod:CleanUpWorkshop","floor":6.0,"key":"SMITH"},{"data":"Deep Breath","floor":8.0,"key":"SMITH"},{"data":"Luminous:Mirror_Force_Luminous","floor":12.0,"key":"SMITH"},{"data":"TheCursedMod:SpitefulPlan","floor":15.0,"key":"SMITH"},{"data":"TheCursedMod:CursedBoomerang","floor":23.0,"key":"SMITH"},{"floor":32.0,"key":"REST"},{"data":"TheCursedMod:CircleOfWindfury","floor":40,"key":"SMITH"},{"data":"TheCursedMod:PrepareRite","floor":42,"key":"SMITH"},{"data":"TheCursedMod:CursedBoomerang","floor":45,"key":"SMITH"},{"floor":49,"key":"REST"}],"circlet_count":0,"master_deck":["TheCursedMod:Strike_TheCursed","TheCursedMod:Strike_TheCursed","TheCursedMod:Strike_TheCursed","TheCursedMod:Defend_TheCursed","TheCursedMod:Defend_TheCursed","TheCursedMod:CursedWand","TheCursedMod:CleanUpWorkshop+1","TheCursedMod:Dregs","Deep Breath+1","Luminous:Mirror_Force_Luminous+1","TheCursedMod:StingEye","TheCursedMod:CursedBoomerang+1","TheCursedMod:WearCloak","TheCursedMod:SpitefulPlan+1","TheCursedMod:CleanUpWorkshop+1","TheCursedMod:SurpriseAttack","TheCursedMod:DemonSword","TheCursedMod:LuckyCharm","TheCursedMod:Evocation+1","TheCursedMod:BloodBarrier","TheCursedMod:PrepareRite+1","TheCursedMod:CollectTribute","TheCursedMod:CircleOfWindfury+1","Parasite","TheCursedMod:CursedBoomerang+1","TheCursedMod:CircleOfCorruption+1","TheCursedMod:SpitefulPray+1"],"relics":["TheCursedMod:BlackMagic101","REME:ComplimentaryCards","MawBank","DollysMirror","Anchor","Odd Mushroom","Bird Faced Urn","Philosopher\u0027s Stone","Vajra","Red Mask","Dream Catcher","TheCursedMod:BloodyHarpoon","Du-Vu Doll","Runic Pyramid","Bag of Preparation","Nunchaku","Lizard Tail","Incense Burner","Lantern"],"acts_visited":["Exordium","TheCity","TheBeyond"],"potions_floor_usage":[],"damage_taken":[{"damage":2.0,"enemies":"Small Slimes","floor":1.0,"turns":3.0},{"damage":0.0,"enemies":"Jaw Worm","floor":2.0,"turns":3.0},{"damage":0.0,"enemies":"Cultist","floor":4.0,"turns":2.0},{"damage":0.0,"enemies":"2 Fungi Beasts","floor":5.0,"turns":4.0},{"damage":0.0,"enemies":"Blue Slaver","floor":10.0,"turns":3.0},{"damage":0.0,"enemies":"The Mushroom Lair","floor":11.0,"turns":4.0},{"damage":1.0,"enemies":"3 Sentries","floor":14.0,"turns":7.0},{"damage":0.0,"enemies":"Slime Boss","floor":16.0,"turns":9.0},{"damage":11.0,"enemies":"2 Thieves","floor":18.0,"turns":4.0},{"damage":0.0,"enemies":"3 Byrds","floor":19.0,"turns":4.0},{"damage":6.0,"enemies":"Centurion and Healer","floor":22.0,"turns":5.0},{"damage":15.0,"enemies":"Book of Stabbing","floor":24.0,"turns":7.0},{"damage":10.0,"enemies":"Masked Bandits","floor":25.0,"turns":4.0},{"damage":22.0,"enemies":"Gremlin Leader","floor":27.0,"turns":8.0},{"damage":0.0,"enemies":"Sentry and Sphere","floor":29.0,"turns":5.0},{"damage":31.0,"enemies":"Slavers","floor":30.0,"turns":7.0},{"damage":0.0,"enemies":"Snake Plant","floor":31.0,"turns":4.0},{"damage":17.0,"enemies":"Champ","floor":33.0,"turns":10.0},{"damage":0,"enemies":"3 Shapes","floor":35,"turns":3},{"damage":0,"enemies":"Orb Walker","floor":38,"turns":2},{"damage":1,"enemies":"Spire Growth","floor":39,"turns":5},{"damage":0,"enemies":"Writhing Mass","floor":41,"turns":4},{"damage":11,"enemies":"Mind Bloom Boss Battle","floor":44,"turns":6},{"damage":6,"enemies":"2 Orb Walkers","floor":46,"turns":3},{"damage":0,"enemies":"Giant Head","floor":47,"turns":5},{"damage":7,"enemies":"Awakened One","floor":50,"turns":5}],"seed_played":"-7378777128316131964","potions_obtained":[{"floor":4.0,"key":"Slimebound:ThreeZeroPotion"},{"floor":5.0,"key":"Regen Potion"},{"floor":11.0,"key":"Strength Potion"},{"floor":16.0,"key":"Fire Potion"},{"floor":18.0,"key":"ColorlessPotion"},{"floor":19.0,"key":"Dexterity Potion"},{"floor":29.0,"key":"ColorlessPotion"},{"floor":33.0,"key":"Fire Potion"},{"floor":46,"key":"Swift Potion"}],"is_trial":false,"path_per_floor":["M","M","?","M","M","R","$","R","T","M","?","R","$","E","R","B",null,"M","M","?","$","M","R","E","?","T","E","?","M","E","M","R","B",null,"M","$","$","M","M","R","M","R","T","?","R","?","E","?","R","B",null],"character_chosen":"THE_CURSED","items_purchased":["DollysMirror","TheCursedMod:LuckyCharm","Bag of Preparation"],"campfire_rested":2,"item_purchase_floors":[7,21,37],"current_hp_per_floor":[73,73,66,66,66,66,66,66,66,66,66,66,66,65,65,67,75,66,68,68,68,66,66,55,49,49,31,31,35,8,12,34,21,75,75,75,75,75,74,74,75,75,75,66,66,66,72,72,75,70],"gold":320,"neow_bonus":"RANDOM_COLORLESS","is_daily":false,"chose_seed":false,"campfire_upgraded":8,"win_rate":0.0,"timestamp":1611851110,"path_taken":["M","M","?","M","M","R","$","R","T","M","?","R","$","E","R","BOSS","M","M","?","$","?","R","E","?","T","E","?","M","E","?","R","BOSS","M","?","$","M","M","R","M","R","T","?","R","?","E","?","R","BOSS"],"items_purchased_type":["Relic","Card","Relic"],"build_version":"2020-12-22","purchased_purges":3,"victory":true,"max_hp_per_floor":[75,75,75,75,75,75,75,75,75,75,75,75,75,75,75,75,75,75,75,75,75,75,75,75,75,75,75,75,75,75,75,75,75,75,75,75,75,75,75,75,75,75,75,75,75,75,75,75,75,75],"relic_stats":{"Dream Catcher":2,"Nunchaku":[5],"Lizard Tail":0,"counters":[26,126],"Bird Faced Urn":[55],"Bag of Preparation":[14],"MawBank":48,"obtain_stats":[{"TheCursedMod:BloodyHarpoon":27,"TheCursedMod:BlackMagic101":0,"Lantern":47,"Vajra":24,"Bag of Preparation":37,"Incense Burner":46,"Odd Mushroom":11,"MawBank":3,"Du-Vu Doll":30,"REME:ComplimentaryCards":0,"Anchor":9,"Dream Catcher":26,"Nunchaku":43,"Lizard Tail":44,"DollysMirror":7,"Bird Faced Urn":14,"Philosopher\u0027s Stone":17,"Red Mask":25,"Runic Pyramid":34},{"TheCursedMod:BloodyHarpoon":14,"TheCursedMod:BlackMagic101":0,"Lantern":25,"Vajra":12,"Bag of Preparation":19,"Incense Burner":24,"Odd Mushroom":6,"MawBank":2,"Du-Vu Doll":16,"REME:ComplimentaryCards":0,"Anchor":4,"Dream Catcher":13,"Nunchaku":22,"Lizard Tail":23,"DollysMirror":4,"Bird Faced Urn":7,"Philosopher\u0027s Stone":8,"Red Mask":13,"Runic Pyramid":18},{"TheCursedMod:BloodyHarpoon":67,"TheCursedMod:BlackMagic101":0,"Lantern":121,"Vajra":55,"Bag of Preparation":96,"Incense Burner":116,"Odd Mushroom":19,"MawBank":6,"Du-Vu Doll":79,"REME:ComplimentaryCards":0,"Anchor":12,"Dream Catcher":59,"Nunchaku":107,"Lizard Tail":113,"DollysMirror":12,"Bird Faced Urn":26,"Philosopher\u0027s Stone":35,"Red Mask":59,"Runic Pyramid":93}]},"card_choices":[{"not_picked":["Forethought","Mind Blast"],"picked":"Deep Breath","floor":0.0},{"not_picked":["TheCursedMod:Stigma","TheCursedMod:RavingStaff"],"picked":"TheCursedMod:StingEye","floor":1.0},{"not_picked":["TheCursedMod:SpitefulStrike","TheCursedMod:BlessingInDisguise"],"picked":"TheCursedMod:CursedBoomerang","floor":2.0},{"not_picked":["TheCursedMod:RavingStaff","TheCursedMod:CircleOfCorruption"],"picked":"TheCursedMod:WearCloak","floor":4.0},{"not_picked":["TheCursedMod:Wield","TheCursedMod:CursedBlade"],"picked":"TheCursedMod:SpitefulPlan","floor":5.0},{"not_picked":["TheCursedMod:CursedBlade","TheCursedMod:SpitefulPlan"],"picked":"TheCursedMod:SurpriseAttack","floor":10.0},{"not_picked":["TheCursedMod:CursedStaff","TheCursedMod:CircleOfFlame","TheCursedMod:UltimatePain"],"picked":"SKIP","floor":14.0},{"not_picked":["TheCursedMod:VoidForm","TheCursedMod:ForbiddenAlchemy"],"picked":"TheCursedMod:DemonSword","floor":16.0},{"not_picked":["TheCursedMod:CursedBlade+1","TheCursedMod:SoulReap+1","TheCursedMod:EmpowerCircles"],"picked":"SKIP","floor":18.0},{"not_picked":["TheCursedMod:CursedMace+1","TheCursedMod:CursedArmor","TheCursedMod:SmokeScreen+1"],"picked":"SKIP","floor":19.0},{"not_picked":["TheCursedMod:WearCloak","TheCursedMod:Obscuration","TheCursedMod:SpitefulStrike+1"],"picked":"SKIP","floor":22.0},{"not_picked":["TheCursedMod:SurpriseAttack","TheCursedMod:Torture+1"],"picked":"TheCursedMod:Evocation+1","floor":24.0},{"not_picked":["TheCursedMod:SaltUponWound","TheCursedMod:VitalStrike+1","TheCursedMod:DemonSword"],"picked":"SKIP","floor":27.0},{"not_picked":["TheCursedMod:SmokeScreen","TheCursedMod:Obscuration"],"picked":"TheCursedMod:BloodBarrier","floor":29.0},{"not_picked":["TheCursedMod:Stretching+1","TheCursedMod:StingEye+1","TheCursedMod:SmokeScreen"],"picked":"SKIP","floor":30.0},{"not_picked":["TheCursedMod:RapidMovement","TheCursedMod:Torture"],"picked":"TheCursedMod:PrepareRite","floor":31.0},{"not_picked":["TheCursedMod:StunningStrike","TheCursedMod:DemonSword"],"picked":"TheCursedMod:CollectTribute","floor":33.0},{"not_picked":["TheCursedMod:WearCloak","TheCursedMod:FleshFromBone"],"picked":"TheCursedMod:CircleOfWindfury","floor":35},{"not_picked":["TheCursedMod:ManaBullet","TheCursedMod:CursedBlade+1","TheCursedMod:SpitefulStrike"],"picked":"SKIP","floor":38},{"not_picked":["TheCursedMod:HellsGateOpen+1","TheCursedMod:CursedAmulet","TheCursedMod:Wield"],"picked":"SKIP","floor":39},{"not_picked":["TheCursedMod:RapidMovement","TheCursedMod:Torture+1"],"picked":"TheCursedMod:CursedBoomerang","floor":41},{"not_picked":["TheCursedMod:Wield","TheCursedMod:CollectTribute"],"picked":"TheCursedMod:CircleOfCorruption+1","floor":46},{"not_picked":["TheCursedMod:Mangle","TheCursedMod:Stretching+1"],"picked":"TheCursedMod:SpitefulPray","floor":47}],"player_experience":176947,"relics_obtained":[{"floor":9.0,"key":"Anchor"},{"floor":11.0,"key":"Odd Mushroom"},{"floor":14.0,"key":"Bird Faced Urn"},{"floor":24.0,"key":"Vajra"},{"floor":25.0,"key":"Red Mask"},{"floor":26.0,"key":"Dream Catcher"},{"floor":27.0,"key":"TheCursedMod:BloodyHarpoon"},{"floor":30.0,"key":"Du-Vu Doll"},{"floor":43,"key":"Nunchaku"},{"floor":44,"key":"Lizard Tail"},{"floor":46,"key":"Incense Burner"},{"floor":47,"key":"Lantern"}],"event_choices":[{"damage_healed":0.0,"max_hp_gain":0.0,"max_hp_loss":0.0,"gold_gain":0.0,"event_name":"Scrap Ooze","player_choice":"Success","floor":3.0,"gold_loss":0.0,"damage_taken":7.0,"relics_obtained":["MawBank"]},{"damage_healed":0.0,"max_hp_gain":0.0,"max_hp_loss":0.0,"gold_gain":0.0,"event_name":"Mushrooms","player_choice":"Fought Mushrooms","floor":11.0,"gold_loss":0.0,"damage_taken":0.0},{"damage_healed":0.0,"max_hp_gain":0.0,"max_hp_loss":0.0,"gold_gain":0.0,"event_name":"The Woman in Blue","player_choice":"Bought 0 Potions","floor":20.0,"gold_loss":0.0,"damage_taken":0.0},{"damage_healed":0.0,"max_hp_gain":0.0,"max_hp_loss":0.0,"gold_gain":0.0,"event_name":"Masked Bandits","player_choice":"Fought Bandits","floor":25.0,"gold_loss":0.0,"damage_taken":0.0},{"damage_healed":0.0,"max_hp_gain":0.0,"max_hp_loss":0.0,"gold_gain":100.0,"event_name":"The Joust","player_choice":"Bet on Murderer","floor":28.0,"gold_loss":50.0,"damage_taken":0.0},{"damage_healed":0,"gold_gain":0,"player_choice":"Fight","damage_taken":0,"max_hp_gain":0,"max_hp_loss":0,"event_name":"MindBloom","floor":44,"gold_loss":0},{"damage_healed":0,"gold_gain":0,"player_choice":"Fight","damage_taken":0,"max_hp_gain":0,"max_hp_loss":0,"event_name":"Mysterious Sphere","floor":46,"gold_loss":0},{"damage_healed":0,"gold_gain":0,"player_choice":"Upgraded","damage_taken":0,"max_hp_gain":0,"max_hp_loss":0,"event_name":"Upgrade Shrine","floor":48,"gold_loss":0,"cards_upgraded":["TheCursedMod:SpitefulPray"]}],"is_beta":false,"boss_relics":[{"not_picked":["Ectoplasm","Cursed Key"],"picked":"Philosopher\u0027s Stone"},{"not_picked":["TheCursedMod:OminousMark","Black Star"],"picked":"Runic Pyramid"}],"items_purged_floors":[13,21,36],"is_endless":false,"potions_floor_spawned":[4,5,11,16,18,19,29,33,38,39,44,46],"ascension_level":1}}