{"host":"v79nb9qnzs8cga96","time":1611837263,"event":{"mods":["Aspiration","BaseMod","Better Note","Block Reminder","GifTheSpireLib","Minty Spire (QoL Compilation)","Quarter Circle Forward PUNCH!","SacredBarkPlus","Slumbering Mod","Small Relic Pack","StSLib","Stuff the Spire","The Florist","The Poker Player","The Spell Scribe","[IsaacMod]????"],"gold_per_floor":[119,16,31,47,47,47,58,93,162,197,214,248,262,262,262,262,262],"floor_reached":16,"language":"ENG","playtime":663,"items_purged":[],"score":128,"play_id":"b7fc0ddc-8a9f-4a02-9623-0578eed0077d","local_time":"20210128143423","is_ascension_mode":true,"campfire_choices":[{"data":"Berserk","floor":6,"key":"SMITH"},{"floor":15,"key":"REST"}],"circlet_count":0,"master_deck":["Strike_R","Strike_R","Strike_R","Strike_R","Strike_R","Defend_R","Defend_R","Defend_R","Defend_R","Bash","Rupture","Berserk+1","Flex","Decay","Spot Weakness","Double Tap","Rupture+1"],"relics":["Burning Blood","HushsDoor","SteamSale","aspiration:Nostalgia","Agrypnos:Floristry","PreservedInsect","StrikeDummy","Frozen Egg 2","Pear"],"acts_visited":["Exordium"],"potions_floor_usage":[16,16,16],"damage_taken":[{"damage":1,"enemies":"theSlumbering:NewCultist","floor":1,"turns":3},{"damage":1,"enemies":"2 Louse","floor":3,"turns":3},{"damage":0,"enemies":"Cultist","floor":4,"turns":3},{"damage":0,"enemies":"Red Slaver","floor":7,"turns":1},{"damage":46,"enemies":"theSlumbering:Adrasteia","floor":8,"turns":9},{"damage":16,"enemies":"Gremlin Nob","floor":10,"turns":3},{"damage":5,"enemies":"3 Louse","floor":11,"turns":4},{"damage":15,"enemies":"Lagavulin","floor":12,"turns":4},{"damage":23,"enemies":"Gremlin Gang","floor":13,"turns":5},{"damage":43,"enemies":"Hexaghost","floor":16,"turns":8}],"seed_played":"3961877977596469846","potions_obtained":[{"floor":1,"key":"PowerPotion"},{"floor":3,"key":"Dexterity Potion"},{"floor":10,"key":"SteroidPotion"}],"is_trial":false,"path_per_floor":["M","$","M","M","?","R","M","E","T","E","M","E","M","?","R","B"],"character_chosen":"IRONCLAD","items_purchased":["Berserk","Flex"],"campfire_rested":1,"item_purchase_floors":[2,2],"current_hp_per_floor":[80,80,80,80,80,80,80,40,40,30,31,32,15,15,42,0,0],"gold":262,"neow_bonus":"NOSTALGIA","is_daily":false,"chose_seed":false,"campfire_upgraded":1,"win_rate":0.0,"timestamp":1611837263,"path_taken":["M","$","?","M","?","R","M","E","T","E","?","E","M","?","R","BOSS"],"items_purchased_type":["Card","Card"],"build_version":"2020-12-22","purchased_purges":0,"victory":false,"max_hp_per_floor":[80,80,80,80,80,80,80,80,80,80,80,90,90,90,90,90,90],"card_choices":[{"not_picked":["Feel No Pain","StuffTheSpire:RagingBull"],"picked":"Rupture","floor":1},{"not_picked":["Bomb","Burning Pact","Second Wind"],"picked":"SKIP","floor":3},{"not_picked":["Whirlwind","Warcry","Clash"],"picked":"SKIP","floor":4},{"not_picked":["Entrench","Cleave"],"picked":"Spot Weakness","floor":7},{"not_picked":["Body Slam","StuffTheSpire:TitanForm"],"picked":"Double Tap","floor":8},{"not_picked":["Sword Boomerang","Whirlwind"],"picked":"Rupture+1","floor":10},{"not_picked":["Clothesline","Pommel Strike","Flame Barrier"],"picked":"SKIP","floor":11},{"not_picked":["Wild Strike","StuffTheSpire:Pyroclast","StuffTheSpire:TitanForm+1"],"picked":"SKIP","floor":12},{"not_picked":["Anger","Wild Strike","Flame Barrier"],"picked":"SKIP","floor":13}],"player_experience":382428,"relics_obtained":[{"floor":8,"key":"PreservedInsect"},{"floor":9,"key":"StrikeDummy"},{"floor":10,"key":"Frozen Egg 2"},{"floor":12,"key":"Pear"}],"event_choices":[{"damage_healed":0,"gold_gain":0,"player_choice":"Cursed","damage_taken":0,"max_hp_gain":0,"max_hp_loss":0,"event_name":"Wheel of Change","floor":5,"gold_loss":0,"cards_obtained":["Decay"]}],"is_beta":false,"boss_relics":[],"items_purged_floors":[],"is_endless":false,"potions_floor_spawned":[1,3,10,11,12],"killed_by":"Hexaghost","ascension_level":1}}