{"host":"qxt9611uhnemh1bn","time":1611862799,"event":{"mods":["AchievementEnabler","BaseMod","Minty Spire (QoL Compilation)","StSLib"],"gold_per_floor":[110,133,152,166,176,176,203,203,503,516,516,27,59,59,59,154,154,173,190,34,47,47,47,77,96,96,122,142,241,241,221,221,317,317,327,342,0,19,19,19,34,46,46,76,9,9,21,31,31,31],"floor_reached":51,"language":"ENG","playtime":2598,"items_purged":[],"score":867,"play_id":"35140e98-0394-4322-9de3-98f404c14ea2","local_time":"20210128133959","is_ascension_mode":true,"campfire_choices":[{"data":"Neutralize","floor":6,"key":"SMITH"},{"data":"Bouncing Flask","floor":8,"key":"SMITH"},{"data":"Noxious Fumes","floor":11,"key":"SMITH"},{"data":"Burst","floor":15,"key":"SMITH"},{"data":"Footwork","floor":23,"key":"SMITH"},{"data":"PiercingWail","floor":30,"key":"SMITH"},{"data":"Sucker Punch","floor":32,"key":"SMITH"},{"data":"All Out Attack","floor":40,"key":"SMITH"},{"data":"Catalyst","floor":49,"key":"SMITH"}],"circlet_count":0,"master_deck":["Strike_G","Strike_G","Strike_G","Defend_G","Defend_G","Defend_G","Defend_G","Survivor","Neutralize+1","Bouncing Flask+1","Sucker Punch+1","PiercingWail+1","Backflip","All Out Attack+1","Noxious Fumes+1","Footwork+1","Burst+1","Blur","Crippling Poison+1","Dagger Throw","Footwork","Catalyst+1","Flechettes"],"relics":["Runic Pyramid","PreservedInsect","Gambling Chip","Old Coin","StoneCalendar","OrangePellets","Tingsha","Busted Crown","ClockworkSouvenir","Orichalcum","InkBottle","Bird Faced Urn","Empty Cage","Red Mask","Ninja Scroll","Shovel"],"acts_visited":["Exordium","TheCity","TheBeyond"],"potions_floor_usage":[16,24,33,48],"damage_taken":[{"damage":1,"enemies":"Cultist","floor":1,"turns":5},{"damage":1,"enemies":"Jaw Worm","floor":3,"turns":3},{"damage":0,"enemies":"Small Slimes","floor":4,"turns":3},{"damage":4,"enemies":"Gremlin Gang","floor":5,"turns":7},{"damage":23,"enemies":"Gremlin Nob","floor":7,"turns":4},{"damage":7,"enemies":"Exordium Thugs","floor":10,"turns":5},{"damage":0,"enemies":"Lagavulin","floor":13,"turns":5},{"damage":12,"enemies":"The Guardian","floor":16,"turns":8},{"damage":3,"enemies":"Spheric Guardian","floor":18,"turns":5},{"damage":0,"enemies":"3 Byrds","floor":19,"turns":5},{"damage":1,"enemies":"3 Cultists","floor":21,"turns":4},{"damage":12,"enemies":"Book of Stabbing","floor":24,"turns":4},{"damage":1,"enemies":"Snake Plant","floor":25,"turns":6},{"damage":16,"enemies":"Slavers","floor":27,"turns":6},{"damage":0,"enemies":"Centurion and Healer","floor":28,"turns":7},{"damage":11,"enemies":"Collector","floor":33,"turns":7},{"damage":16,"enemies":"Orb Walker","floor":35,"turns":4},{"damage":11,"enemies":"3 Darklings","floor":36,"turns":5},{"damage":0,"enemies":"Spire Growth","floor":38,"turns":6},{"damage":12,"enemies":"Transient","floor":41,"turns":5},{"damage":0,"enemies":"Writhing Mass","floor":42,"turns":7},{"damage":0,"enemies":"Giant Head","floor":44,"turns":7},{"damage":0,"enemies":"Maw","floor":47,"turns":5},{"damage":3,"enemies":"Transient","floor":48,"turns":5},{"damage":22,"enemies":"Donu and Deca","floor":50,"turns":9}],"seed_played":"-1978615312460414463","potions_obtained":[{"floor":3,"key":"Swift Potion"},{"floor":7,"key":"Ancient Potion"},{"floor":13,"key":"SkillPotion"},{"floor":18,"key":"Energy Potion"},{"floor":19,"key":"PowerPotion"},{"floor":31,"key":"Ancient Potion"},{"floor":33,"key":"SpeedPotion"}],"is_trial":false,"path_per_floor":["M","T","M","M","M","R","E","R","T","M","R","$","E","$","R","B",null,"M","M","$","M","$","R","E","M","T","E","M","?","R","?","R","B",null,"M","M","?","M","?","R","M","M","T","E","$","?","M","M","R","B",null],"character_chosen":"THE_SILENT","items_purchased":["StoneCalendar","Footwork","OrangePellets","ClockworkSouvenir","Catalyst"],"campfire_rested":0,"item_purchase_floors":[12,12,12,20,45],"current_hp_per_floor":[69,69,68,68,64,64,41,41,41,34,34,34,34,34,34,22,70,67,67,67,66,66,66,54,53,53,37,41,41,41,41,41,34,70,58,51,51,55,55,55,47,51,51,55,55,55,61,64,64,48],"gold":31,"neow_bonus":"BOSS_RELIC","is_daily":false,"chose_seed":false,"campfire_upgraded":9,"win_rate":0.0,"timestamp":1611862799,"path_taken":["M","?","M","M","M","R","E","R","T","M","R","$","E","$","R","BOSS","M","M","$","M","$","R","E","M","T","E","M","?","R","?","R","BOSS","M","?","?","M","?","R","M","M","T","E","$","?","?","M","R","BOSS"],"items_purchased_type":["Relic","Card","Relic","Relic","Card"],"build_version":"2020-12-22","purchased_purges":0,"victory":true,"max_hp_per_floor":[70,70,70,70,70,70,70,70,70,70,70,70,70,70,70,70,70,70,70,70,70,70,70,70,70,70,70,70,70,70,70,70,70,70,70,70,70,70,66,66,66,66,66,66,66,66,66,66,66,66],"card_choices":[{"not_picked":["Sucker Punch","Blade Dance"],"picked":"Bouncing Flask","floor":1},{"not_picked":["Dodge and Roll","Reflex"],"picked":"Sucker Punch","floor":3},{"not_picked":["Slice","Flying Knee"],"picked":"PiercingWail","floor":4},{"not_picked":["Dagger Spray","Sucker Punch"],"picked":"Backflip","floor":5},{"not_picked":["Underhanded Strike","Choke"],"picked":"All Out Attack","floor":7},{"not_picked":["Outmaneuver","Cloak And Dagger"],"picked":"Noxious Fumes","floor":10},{"not_picked":["Slice","Malaise"],"picked":"Burst","floor":13},{"not_picked":["Riddle With Holes"],"picked":"SKIP","floor":18},{"not_picked":["Quick Slash"],"picked":"SKIP","floor":19},{"not_picked":["Quick Slash"],"picked":"SKIP","floor":21},{"not_picked":["Poisoned Stab"],"picked":"SKIP","floor":24},{"not_picked":[],"picked":"Blur","floor":25},{"not_picked":["Setup"],"picked":"SKIP","floor":27},{"not_picked":[],"picked":"Crippling Poison+1","floor":28},{"not_picked":[],"picked":"Dagger Throw","floor":35},{"not_picked":["Infinite Blades+1"],"picked":"SKIP","floor":36},{"not_picked":["Setup"],"picked":"SKIP","floor":38},{"not_picked":["Heel Hook"],"picked":"SKIP","floor":41},{"not_picked":["Backflip"],"picked":"SKIP","floor":42},{"not_picked":[],"picked":"Footwork","floor":44},{"not_picked":["Choke+1"],"picked":"SKIP","floor":47},{"not_picked":["Outmaneuver"],"picked":"SKIP","floor":48}],"player_experience":226441,"relics_obtained":[{"floor":2,"key":"PreservedInsect"},{"floor":7,"key":"Gambling Chip"},{"floor":9,"key":"Old Coin"},{"floor":13,"key":"Tingsha"},{"floor":24,"key":"Orichalcum"},{"floor":26,"key":"InkBottle"},{"floor":27,"key":"Bird Faced Urn"},{"floor":43,"key":"Ninja Scroll"},{"floor":44,"key":"Shovel"}],"event_choices":[{"damage_healed":0,"gold_gain":99,"player_choice":"Stole From Cult","damage_taken":0,"max_hp_gain":0,"max_hp_loss":0,"event_name":"Nest","floor":29,"gold_loss":0},{"damage_healed":0,"gold_gain":0,"player_choice":"Bought 1 Potion","damage_taken":0,"max_hp_gain":0,"max_hp_loss":0,"event_name":"The Woman in Blue","floor":31,"gold_loss":0},{"damage_healed":0,"gold_gain":0,"player_choice":"Paid","damage_taken":0,"relics_obtained":["Red Mask"],"max_hp_gain":0,"max_hp_loss":0,"event_name":"Tomb of Lord Red Mask","floor":37,"gold_loss":342},{"damage_healed":0,"gold_gain":0,"player_choice":"Max HP","damage_taken":0,"max_hp_gain":0,"max_hp_loss":4,"event_name":"Winding Halls","floor":39,"gold_loss":0},{"damage_healed":0,"gold_gain":0,"cards_transformed":["Defend_G"],"player_choice":"Transformed","damage_taken":0,"max_hp_gain":0,"max_hp_loss":0,"event_name":"Transmorgrifier","floor":46,"gold_loss":0,"cards_obtained":["Flechettes"]}],"is_beta":false,"boss_relics":[{"not_picked":["Fusion Hammer","Cursed Key"],"picked":"Busted Crown"},{"not_picked":["Philosopher\u0027s Stone","WristBlade"],"picked":"Empty Cage"}],"items_purged_floors":[],"is_endless":false,"potions_floor_spawned":[3,7,13,18,19,21,33,38,41,44],"ascension_level":1}}