{"host":"aqym1xxr3lb31d9m","time":1611801792,"event":{"mods":["BaseMod","Block Reminder","Colored Map","Colored Powertips","DeckTracker","Highlight Path","Minty Spire (QoL Compilation)","Quick Restart","Random Character Button","StSLib","SuperFastMode","UnlockEverythingMod"],"gold_per_floor":[359,359,152,152,166,166,176,9,57,70,86,114,114,154,154,154,154],"floor_reached":16,"language":"JPN","playtime":537,"items_purged":[],"score":220,"play_id":"a902431f-bd25-4351-b0b1-6f63d12ebc9f","local_time":"20210128114312","is_ascension_mode":true,"campfire_choices":[{"data":"Loop","floor":6,"key":"SMITH"},{"data":"Beam Cell","floor":15,"key":"SMITH"}],"circlet_count":0,"master_deck":["AscendersBane","Strike_B","Strike_B","Strike_B","Defend_B","Defend_B","Defend_B","Defend_B","Zap","Dualcast","Loop+1","Sweeping Beam","FTL","Doom and Gloom","Reboot","Turbo","Hologram","Go for the Eyes","Beam Cell+1","Compile Driver","Machine Learning"],"relics":["Cracked Core","Akabeko","Orrery","DataDisk","Bag of Marbles","Golden Idol","Omamori"],"acts_visited":["Exordium"],"potions_floor_usage":[12,12],"damage_taken":[{"damage":4,"enemies":"Small Slimes","floor":1,"turns":3},{"damage":0,"enemies":"Cultist","floor":5,"turns":3},{"damage":7,"enemies":"Jaw Worm","floor":7,"turns":3},{"damage":11,"enemies":"Exordium Wildlife","floor":10,"turns":3},{"damage":4,"enemies":"Blue Slaver","floor":11,"turns":3},{"damage":7,"enemies":"3 Sentries","floor":12,"turns":5},{"damage":10,"enemies":"Lagavulin","floor":14,"turns":5},{"damage":41,"enemies":"Slime Boss","floor":16,"turns":5}],"seed_played":"-281584421791816258","potions_obtained":[{"floor":5,"key":"SmokeBomb"},{"floor":7,"key":"PowerPotion"},{"floor":11,"key":"Block Potion"},{"floor":12,"key":"SpeedPotion"}],"is_trial":false,"path_per_floor":["M","?","$","?","M","R","M","$","T","M","M","E","?","E","R","B"],"character_chosen":"DEFECT","items_purchased":["Akabeko","Loop","Orrery"],"campfire_rested":0,"item_purchase_floors":[3,3,8],"current_hp_per_floor":[42,71,71,71,71,71,64,64,64,53,49,42,42,32,32,0,0],"gold":154,"neow_bonus":"TWO_FIFTY_GOLD","is_daily":false,"chose_seed":false,"campfire_upgraded":2,"win_rate":0.0,"timestamp":1611801792,"path_taken":["M","?","?","?","M","R","M","$","T","M","?","E","?","E","R","BOSS"],"items_purchased_type":["Relic","Card","Relic"],"build_version":"2020-12-22","purchased_purges":0,"victory":false,"max_hp_per_floor":[71,71,71,71,71,71,71,71,71,71,71,71,64,64,64,64,64],"card_choices":[{"not_picked":["Gash","Aggregate"],"picked":"Genetic Algorithm","floor":1},{"not_picked":["Steam","White Noise"],"picked":"Sweeping Beam","floor":5},{"not_picked":["Coolheaded","Stack"],"picked":"FTL","floor":7},{"not_picked":["Redo","Leap"],"picked":"Doom and Gloom","floor":8},{"not_picked":["Cold Snap","Redo"],"picked":"Reboot","floor":8},{"not_picked":["Redo","Gash"],"picked":"Turbo","floor":8},{"not_picked":["Force Field","Capacitor"],"picked":"Hologram","floor":8},{"not_picked":["Streamline","Auto Shields"],"picked":"Go for the Eyes","floor":8},{"not_picked":["Self Repair","Rebound"],"picked":"Beam Cell","floor":10},{"not_picked":["Genetic Algorithm","Steam"],"picked":"Compile Driver","floor":11},{"not_picked":["Redo","Blizzard","Leap"],"picked":"SKIP","floor":12},{"not_picked":["Gash","Self Repair"],"picked":"Machine Learning","floor":14}],"player_experience":4116679,"relics_obtained":[{"floor":9,"key":"DataDisk"},{"floor":12,"key":"Bag of Marbles"},{"floor":14,"key":"Omamori"}],"event_choices":[{"cards_removed":["Genetic Algorithm"],"damage_healed":29,"gold_gain":0,"player_choice":"Offered Uncommon","damage_taken":0,"max_hp_gain":0,"max_hp_loss":0,"event_name":"Bonfire Elementals","floor":2,"gold_loss":0},{"cards_removed":["Strike_B"],"damage_healed":0,"gold_gain":0,"player_choice":"Purged","damage_taken":0,"max_hp_gain":0,"max_hp_loss":0,"event_name":"Purifier","floor":4,"gold_loss":0},{"damage_healed":0,"gold_gain":0,"player_choice":"Lose Max HP","damage_taken":0,"relics_obtained":["Golden Idol"],"max_hp_gain":0,"max_hp_loss":7,"event_name":"Golden Idol","floor":13,"gold_loss":0}],"is_beta":false,"boss_relics":[],"items_purged_floors":[],"is_endless":false,"potions_floor_spawned":[5,7,11,12],"killed_by":"Slime Boss","ascension_level":20}}