{"host":"ucgrft0m53zzt06v","time":1611817139,"event":{"mods":["BaseMod","Colored Map","Colored Powertips","Conspire","HololiveMod","KinomotoSakuraMod(木之本樱)","Lobotomy","Minty Spire (QoL Compilation)","Quick Restart","Replay The Spire","Shop Mod","Spicy Shops","StSLib","Td1madao Mod","The Senshi","Waifu the Spire","WarShipGirlsR/战舰少女R mod"],"gold_per_floor":[117,135,135,151,163,177,177,177,254,272,272,305,324,344,344,449,449,468,54,74,93,93,93,113,123,123,123,12,12,26,46,46,150,150,162,14,78,89,104,104,104,104],"floor_reached":41,"language":"ZHS","playtime":2843,"items_purged":["rmod:strick"],"score":553,"play_id":"79c0de22-2b76-4b89-9775-b61fe92db513","local_time":"20210128145859","is_ascension_mode":false,"campfire_choices":[{"data":"rmod:robin","floor":8.0,"key":"SMITH"},{"data":"rmod:aviationdawn","floor":11.0,"key":"SMITH"},{"data":"rmod:basicallowance","floor":15.0,"key":"SMITH"},{"data":"rmod:expedition","floor":23.0,"key":"SMITH"},{"floor":27.0,"key":"DIG"},{"floor":29.0,"key":"DIG"},{"floor":32.0,"key":"DIG"},{"floor":40,"key":"DIG"}],"circlet_count":0,"master_deck":["rmod:strick","rmod:defend","rmod:defend","rmod:defend","rmod:defend","rmod:basicallowance+1","rmod:maingunfire","rmod:aviationdawn+1","rmod:seals","rmod:robin+1","rmod:windflower","rmod:luckystar","rmod:supriseattacks","rmod:expedition+1","rmod:intelligenceanalysis","rmod:fuelsupply+1","rmod:expedition+1","rmod:chargemoney+1","rmod:expeditionaryescort+1","rmod:openingtorpedo+1"],"relics":["rmod:firstchargereward","Meat on the Bone","Shovel","Painkiller Herb","CaptainsWheel","SsserpentHead","Frozen Egg 2","Gambling Chip","Mirror","Omamori","conspire:SlowCooker","Lantern","PreservedInsect"],"acts_visited":["Exordium","TheCity","TheBeyond"],"potions_floor_usage":[41],"damage_taken":[{"damage":0.0,"enemies":"conspire:RoseBush","floor":1.0,"turns":3.0},{"damage":0.0,"enemies":"Jaw Worm","floor":2.0,"turns":3.0},{"damage":0.0,"enemies":"Cultist","floor":4.0,"turns":3.0},{"damage":0.0,"enemies":"3 Louse","floor":5.0,"turns":4.0},{"damage":0.0,"enemies":"Gremlin Gang","floor":6.0,"turns":6.0},{"damage":1.0,"enemies":"conspire:2 RoseBushes","floor":10.0,"turns":5.0},{"damage":17.0,"enemies":"3 Sentries","floor":12.0,"turns":7.0},{"damage":3.0,"enemies":"Looter","floor":13.0,"turns":2.0},{"damage":5.0,"enemies":"2 Fungi Beasts","floor":14.0,"turns":3.0},{"damage":20.0,"enemies":"Hexaghost","floor":16.0,"turns":9.0},{"damage":1.0,"enemies":"3 Byrds","floor":18.0,"turns":5.0},{"damage":3.0,"enemies":"Spheric Guardian","floor":20.0,"turns":4.0},{"damage":0.0,"enemies":"Centurion and Healer","floor":21.0,"turns":7.0},{"damage":42.0,"enemies":"Snake Plant","floor":24.0,"turns":7.0},{"damage":33.0,"enemies":"Cultist and Chosen","floor":25.0,"turns":6.0},{"damage":4.0,"enemies":"Centurion and Healer","floor":30.0,"turns":7.0},{"damage":0.0,"enemies":"Snecko","floor":31.0,"turns":5.0},{"damage":11.0,"enemies":"Pondfish","floor":33.0,"turns":10.0},{"damage":15.0,"enemies":"Orb Walker","floor":35.0,"turns":7.0},{"damage":24.0,"enemies":"3 Darklings","floor":37.0,"turns":5.0},{"damage":19.0,"enemies":"4 Shapes","floor":38.0,"turns":7.0},{"damage":29.0,"enemies":"Transient","floor":39.0,"turns":5.0},{"damage":6,"enemies":"Jaw Worm Horde","floor":41,"turns":2}],"seed_played":"-9143725695239299995","potions_obtained":[{"floor":1.0,"key":"Dexterity Potion"},{"floor":2.0,"key":"Energy Potion"},{"floor":4.0,"key":"Reflective Coating"},{"floor":6.0,"key":"Energy Potion"},{"floor":16.0,"key":"Explosive Potion"},{"floor":25.0,"key":"Swift Potion"},{"floor":31.0,"key":"LiquidBronze"},{"floor":33.0,"key":"DuplicationPotion"},{"floor":38.0,"key":"Milkshake"},{"floor":39.0,"key":"Ancient Potion"}],"is_trial":false,"path_per_floor":["M","M","?","M","M","M","?","R","T","M","R","E","M","M","R","B",null,"?","T","?","?","?","T","?","?","T","T","T","T","?","?","T","B",null,"?","T","?","?","?","T","?"],"character_chosen":"PRAEFECT","items_purchased":["rmod:expedition","CaptainsWheel","rmod:intelligenceanalysis","rmod:chargemoney+1","Lantern"],"campfire_rested":0,"item_purchase_floors":[19,19,19,28,36],"current_hp_per_floor":[75,75,68,68,68,68,68,68,68,67,67,50,47,42,42,34,75,74,74,71,71,71,71,41,20,20,20,20,20,28,40,40,41,75,60,60,48,41,24,24,18,18],"gold":104,"neow_bonus":"RANDOM_EVENT","is_daily":false,"chose_seed":false,"campfire_upgraded":4,"win_rate":0.0,"timestamp":1611817139,"path_taken":["M","M","?","M","M","M","?","R","T","M","R","E","?","M","R","BOSS","?","T","?","?","?","T","?","?","T","T","T","T","?","?","T","BOSS","?","T","?","?","?","T","?"],"items_purchased_type":["Card","Relic","Card","Card","Card"],"build_version":"2020-12-22","purchased_purges":1,"victory":false,"max_hp_per_floor":[75,75,75,75,75,75,75,75,75,75,75,75,75,75,75,75,75,75,75,75,75,75,75,75,75,75,75,75,75,75,75,75,75,75,75,75,75,75,75,75,75,75],"card_choices":[{"not_picked":["rmod:wolves","rmod:rockthrower","rmod:salvage"],"picked":"SKIP","floor":1.0},{"not_picked":["rmod:firesupport","rmod:goodfighter","rmod:ammunitionsupply"],"picked":"SKIP","floor":2.0},{"not_picked":["rmod:tearstotiara","rmod:salvage"],"picked":"rmod:aviationdawn","floor":4.0},{"not_picked":["rmod:tearstotiara","rmod:slowdown"],"picked":"rmod:seals","floor":5.0},{"not_picked":["rmod:luckystar","rmod:rockthrower"],"picked":"rmod:robin","floor":6.0},{"not_picked":["rmod:rockthrower","rmod:circuitoustactics","rmod:luckystar"],"picked":"SKIP","floor":10.0},{"not_picked":["rmod:ammunitionsupply","rmod:generalist","rmod:supportescort"],"picked":"SKIP","floor":12.0},{"not_picked":["rmod:rockthrower","rmod:fletcherpendant","rmod:ring"],"picked":"SKIP","floor":13.0},{"not_picked":["rmod:slowdown","rmod:diamondstrike"],"picked":"rmod:luckystar","floor":14.0},{"not_picked":["rmod:abidefaith","rmod:acesubmarine"],"picked":"rmod:supriseattacks","floor":16.0},{"not_picked":["rmod:mineteam","rmod:diamondstrike+1","rmod:tearstotiara"],"picked":"SKIP","floor":18.0},{"not_picked":["rmod:luckystar","rmod:aviationdawn+1"],"picked":"rmod:fuelsupply+1","floor":20.0},{"not_picked":["rmod:victimresponsibility","rmod:gendarmerie","rmod:steelsupply"],"picked":"SKIP","floor":21.0},{"not_picked":["rmod:fletcherpendant","rmod:aluminumsupply+1"],"picked":"rmod:expedition+1","floor":24.0},{"not_picked":["rmod:tearstotiara+1","rmod:circuitoustactics","rmod:ammunitionsupply+1"],"picked":"SKIP","floor":25.0},{"not_picked":["rmod:wife","rmod:gendarmerie","rmod:diamondstrike+1"],"picked":"SKIP","floor":30.0},{"not_picked":["rmod:fuelsupply+1","rmod:saltedfish","rmod:ammunitionsupply+1"],"picked":"SKIP","floor":31.0},{"not_picked":["rmod:timeschanged","rmod:windflower"],"picked":"rmod:expeditionaryescort+1","floor":33.0},{"not_picked":["rmod:aviationdawn","rmod:gendarmerie+1","rmod:ammunitionsupply+1"],"picked":"SKIP","floor":35.0},{"not_picked":["rmod:rockthrower","rmod:unsinkable+1"],"picked":"rmod:openingtorpedo+1","floor":37.0},{"not_picked":["rmod:unsinkable","rmod:intelligenceanalysis","rmod:punchline+1"],"picked":"SKIP","floor":38.0},{"not_picked":["rmod:intelligenceanalysis","rmod:goodfighter","rmod:fuelsupply"],"picked":"SKIP","floor":39.0}],"player_experience":96330,"relics_obtained":[{"floor":9.0,"key":"Meat on the Bone"},{"floor":12.0,"key":"Shovel"},{"floor":26.0,"key":"Frozen Egg 2"},{"floor":27.0,"key":"Gambling Chip"},{"floor":29.0,"key":"Mirror"},{"floor":32.0,"key":"Omamori"},{"floor":40,"key":"PreservedInsect"}],"event_choices":[{"cards_removed":["rmod:strick"],"damage_healed":0.0,"max_hp_gain":0.0,"max_hp_loss":0.0,"gold_gain":0.0,"event_name":"Golden Wing","player_choice":"Card Removal","floor":3.0,"gold_loss":0.0,"damage_taken":7.0},{"damage_healed":0.0,"max_hp_gain":0.0,"max_hp_loss":0.0,"gold_gain":0.0,"event_name":"Match and Keep!","player_choice":"1 cards matched","floor":7.0,"gold_loss":0.0,"damage_taken":0.0,"cards_obtained":["rmod:windflower"]},{"damage_healed":0.0,"max_hp_gain":0.0,"max_hp_loss":0.0,"gold_gain":0.0,"event_name":"FaceTrader","player_choice":"Trade","floor":22.0,"gold_loss":0.0,"damage_taken":0.0,"relics_obtained":["SsserpentHead"]}],"is_beta":false,"boss_relics":[{"not_picked":["Kintsugi","conspire:SeveredTorchhead"],"picked":"Painkiller Herb"},{"not_picked":["Calling Bell","Hololive_Finger"],"picked":"conspire:SlowCooker"}],"items_purged_floors":[36],"is_endless":false,"potions_floor_spawned":[1,2,4,6,16,25,31,33,38,39],"killed_by":"Jaw Worm Horde","ascension_level":0}}