{"host":"hjajo0rafoe1e6c4","time":1611799413,"event":{"mods":["AchievementEnabler","BaseMod","Bestiary","Colored Map","Colored Powertips","Highlight Path","Minty Spire (QoL Compilation)","Relic Stats"],"gold_per_floor":[160,160,235,185,197,197,197,197,197,197,221,245,259,67,67,186,186,201,215,228,228,244,262,262,262],"floor_reached":24,"language":"ENG","playtime":799,"items_purged":["Regret"],"score":190,"play_id":"49d4d9f0-d67b-4df9-97a6-23160fd42085","local_time":"20210127210333","is_ascension_mode":false,"campfire_choices":[{"data":"Cold Snap","floor":6,"key":"SMITH"},{"data":"Zap","floor":10,"key":"SMITH"},{"data":"Loop","floor":15,"key":"SMITH"}],"circlet_count":0,"master_deck":["Strike_B","Strike_B","Strike_B","Strike_B+1","Defend_B","Defend_B","Defend_B","Zap+1","Dualcast","Conserve Battery","Beam Cell","Cold Snap+1","Recycle","Loop+1","Gash","Ball Lightning","Panacea","Electrodynamics","Hologram","Redo","Genetic Algorithm","Scrape","Loop","Melter"],"relics":["Tiny House","Strawberry","Golden Idol","Blood Vial","Darkstone Periapt","Sozu"],"acts_visited":["Exordium","TheCity"],"potions_floor_usage":[16,19,23],"damage_taken":[{"damage":3,"enemies":"2 Louse","floor":1,"turns":4},{"damage":5,"enemies":"Small Slimes","floor":5,"turns":3},{"damage":0,"enemies":"Jaw Worm","floor":11,"turns":3},{"damage":14,"enemies":"3 Louse","floor":12,"turns":4},{"damage":10,"enemies":"Looter","floor":13,"turns":4},{"damage":28,"enemies":"Slime Boss","floor":16,"turns":8},{"damage":5,"enemies":"Chosen","floor":18,"turns":4},{"damage":5,"enemies":"3 Byrds","floor":19,"turns":2},{"damage":32,"enemies":"Centurion and Healer","floor":20,"turns":7},{"damage":13,"enemies":"Cultist and Chosen","floor":22,"turns":6},{"damage":32,"enemies":"Shelled Parasite and Fungi","floor":23,"turns":5},{"damage":0,"enemies":"Snake Plant","floor":24,"turns":1}],"seed_played":"8336969974175937302","potions_obtained":[{"floor":0,"key":"DistilledChaos"},{"floor":5,"key":"PowerPotion"},{"floor":12,"key":"SkillPotion"},{"floor":13,"key":"DuplicationPotion"}],"is_trial":false,"path_per_floor":["M","?","?","?","M","R","?","?","T","R","M","M","M","$","R","B",null,"M","M","M","?","M","M","M"],"character_chosen":"DEFECT","items_purchased":["Ball Lightning","Panacea"],"campfire_rested":0,"item_purchase_floors":[14,14],"current_hp_per_floor":[77,81,70,70,65,65,65,65,65,65,67,55,47,47,47,21,81,76,73,43,43,32,2,4,4],"gold":262,"neow_bonus":"BOSS_RELIC","is_daily":false,"chose_seed":false,"campfire_upgraded":3,"win_rate":0.0,"timestamp":1611799413,"path_taken":["M","?","?","?","?","R","?","?","T","R","M","M","M","$","R","BOSS","M","M","M","?","M","M","M"],"items_purchased_type":["Card","Card"],"build_version":"2020-12-22","purchased_purges":1,"victory":false,"max_hp_per_floor":[80,87,87,87,87,87,81,81,81,81,81,81,81,81,81,81,81,81,81,81,81,81,81,81,81],"relic_stats":{"Blood Vial":18,"Darkstone Periapt":0,"Sozu":1,"counters":[12,51],"Golden Idol":53,"obtain_stats":[{"Blood Vial":8,"Darkstone Periapt":9,"Sozu":17,"Tiny House":0,"Golden Idol":7,"Strawberry":2,"Cracked Core":0},{"Blood Vial":2,"Darkstone Periapt":2,"Sozu":6,"Tiny House":0,"Golden Idol":2,"Strawberry":1,"Cracked Core":0},{"Blood Vial":7,"Darkstone Periapt":7,"Sozu":26,"Tiny House":0,"Golden Idol":7,"Strawberry":4,"Cracked Core":0}]},"card_choices":[{"not_picked":["Aggregate","Steam"],"picked":"Conserve Battery","floor":0},{"not_picked":["Skim","Capacitor"],"picked":"Beam Cell","floor":1},{"not_picked":["Steam","Streamline"],"picked":"Cold Snap","floor":5},{"not_picked":["Conserve Battery","Fusion"],"picked":"Recycle","floor":11},{"not_picked":["Barrage","Cold Snap"],"picked":"Loop","floor":12},{"not_picked":["Streamline","Leap"],"picked":"Gash","floor":13},{"not_picked":["Hyperbeam","Amplify"],"picked":"Electrodynamics","floor":16},{"not_picked":["Redo","Capacitor"],"picked":"Hologram","floor":18},{"not_picked":["Beam Cell","Doom and Gloom"],"picked":"Redo","floor":19},{"not_picked":["Sweeping Beam","Turbo"],"picked":"Genetic Algorithm","floor":20},{"not_picked":["Go for the Eyes+1","Rebound"],"picked":"Loop","floor":22},{"not_picked":["Compile Driver+1","Recycle"],"picked":"Melter","floor":23}],"player_experience":184475,"relics_obtained":[{"floor":9,"key":"Darkstone Periapt"}],"event_choices":[{"damage_healed":0,"gold_gain":0,"player_choice":"Success","damage_taken":3,"relics_obtained":["Strawberry"],"max_hp_gain":0,"max_hp_loss":0,"event_name":"Scrap Ooze","floor":2,"gold_loss":0},{"damage_healed":0,"gold_gain":75,"player_choice":"Gather Gold","damage_taken":11,"max_hp_gain":0,"max_hp_loss":0,"event_name":"World of Goop","floor":3,"gold_loss":0},{"cards_removed":["Defend_B"],"damage_healed":0,"gold_gain":0,"player_choice":"Card Removal","damage_taken":0,"max_hp_gain":0,"max_hp_loss":0,"event_name":"The Cleric","floor":4,"gold_loss":50},{"damage_healed":0,"gold_gain":0,"player_choice":"Lose Max HP","damage_taken":0,"relics_obtained":["Golden Idol"],"max_hp_gain":0,"max_hp_loss":6,"event_name":"Golden Idol","floor":7,"gold_loss":0},{"damage_healed":0,"gold_gain":0,"player_choice":"Box","damage_taken":0,"relics_obtained":["Blood Vial"],"max_hp_gain":0,"max_hp_loss":0,"event_name":"Big Fish","floor":8,"gold_loss":0,"cards_obtained":["Regret"]},{"damage_healed":0,"gold_gain":0,"player_choice":"Read","damage_taken":0,"max_hp_gain":0,"max_hp_loss":0,"event_name":"The Library","floor":21,"gold_loss":0,"cards_obtained":["Scrape"]}],"is_beta":false,"boss_relics":[{"not_picked":["Pandora\u0027s Box","Astrolabe"],"picked":"Sozu"}],"items_purged_floors":[14],"is_endless":false,"potions_floor_spawned":[5,12,13,20],"killed_by":"Snake Plant","ascension_level":0}}