{"host":"dpbezu80jg8zk7un","time":1611855020,"event":{"mods":["BaseMod","Colored Map","Colored Powertips","Custom Start","DeckTracker","Minty Spire (QoL Compilation)","Quick Restart","StSLib","SuperFastMode"],"gold_per_floor":[118,43,43,62,72,72,99,99,99,132,148,164,196,96,96,168,168,182,182,182,198,73,73,105,105,105,105,136,150,150,180,180,257,257,268,286,286,286,306,335,335,350,350,375,120,120,130,144,144,144,144,144,144,58,88,88],"floor_reached":57,"language":"KOR","playtime":2513,"items_purged":["Defend_P","Defend_P","Crescendo"],"score":3166,"play_id":"668893f1-c90e-49d9-9f4b-bc8fac179a43","local_time":"20210129023020","is_ascension_mode":true,"campfire_choices":[{"data":"Eruption","floor":6.0,"key":"SMITH"},{"data":"Meditate","floor":8.0,"key":"SMITH"},{"data":"InnerPeace","floor":15.0,"key":"SMITH"},{"data":"Scrawl","floor":23.0,"key":"SMITH"},{"data":"CrushJoints","floor":25.0,"key":"SMITH"},{"data":"MentalFortress","floor":30.0,"key":"SMITH"},{"data":"Scrawl","floor":32.0,"key":"SMITH"},{"data":"Madness","floor":41.0,"key":"SMITH"},{"floor":49.0,"key":"RECALL"},{"data":"Adaptation","floor":53,"key":"SMITH"}],"circlet_count":0,"master_deck":["AscendersBane","Eruption+1","Vigilance+1","InnerPeace+1","Meditate+1","MentalFortress+1","FlurryOfBlows+1","Tantrum+1","Scrawl+1","Halt+1","Scrawl+1","InnerPeace+1","CrushJoints+1","Madness+1","Madness+1","LessonLearned+1","Adaptation+1","Adaptation"],"relics":["HolyWater","TeardropLocket","Pantograph","Kunai","Ornamental Fan","Pandora\u0027s Box","InkBottle","MealTicket","Pear","Prayer Wheel","Toy Ornithopter","CaptainsWheel","TungstenRod","Medical Kit","Bottled Tornado"],"acts_visited":["Exordium","TheCity","TheBeyond","TheEnding"],"potions_floor_usage":[51,56,56],"damage_taken":[{"damage":1.0,"enemies":"Cultist","floor":1.0,"turns":4.0},{"damage":2.0,"enemies":"2 Louse","floor":4.0,"turns":4.0},{"damage":0.0,"enemies":"Jaw Worm","floor":5.0,"turns":3.0},{"damage":6.0,"enemies":"Gremlin Nob","floor":7.0,"turns":3.0},{"damage":17.0,"enemies":"Lagavulin","floor":10.0,"turns":5.0},{"damage":7.0,"enemies":"Lots of Slimes","floor":11.0,"turns":5.0},{"damage":0.0,"enemies":"Red Slaver","floor":12.0,"turns":2.0},{"damage":4.0,"enemies":"3 Sentries","floor":13.0,"turns":6.0},{"damage":0.0,"enemies":"Slime Boss","floor":16.0,"turns":5.0},{"damage":0.0,"enemies":"Chosen","floor":18.0,"turns":3.0},{"damage":0.0,"enemies":"Spheric Guardian","floor":21.0,"turns":2.0},{"damage":0.0,"enemies":"Gremlin Leader","floor":24.0,"turns":3.0},{"damage":0.0,"enemies":"Book of Stabbing","floor":28.0,"turns":1.0},{"damage":21.0,"enemies":"Snake Plant","floor":29.0,"turns":2.0},{"damage":0.0,"enemies":"Slavers","floor":31.0,"turns":2.0},{"damage":0.0,"enemies":"Champ","floor":33.0,"turns":4.0},{"damage":0.0,"enemies":"3 Darklings","floor":35.0,"turns":1.0},{"damage":0.0,"enemies":"Orb Walker","floor":36.0,"turns":1.0},{"damage":0.0,"enemies":"Transient","floor":39.0,"turns":6.0},{"damage":0.0,"enemies":"Reptomancer","floor":40.0,"turns":1.0},{"damage":0.0,"enemies":"Jaw Worm Horde","floor":42.0,"turns":1.0},{"damage":0.0,"enemies":"Mind Bloom Boss Battle","floor":44.0,"turns":2.0},{"damage":12.0,"enemies":"3 Darklings","floor":47.0,"turns":2.0},{"damage":0.0,"enemies":"Sphere and 2 Shapes","floor":48.0,"turns":2.0},{"damage":17.0,"enemies":"Awakened One","floor":50.0,"turns":3.0},{"damage":38,"enemies":"Time Eater","floor":51,"turns":11},{"damage":0,"enemies":"Shield and Spear","floor":55,"turns":1},{"damage":10,"enemies":"The Heart","floor":56,"turns":4}],"seed_played":"-3932711982716493535","potions_obtained":[{"floor":1.0,"key":"BottledMiracle"},{"floor":5.0,"key":"DuplicationPotion"},{"floor":7.0,"key":"DistilledChaos"},{"floor":11.0,"key":"LiquidBronze"},{"floor":16.0,"key":"Explosive Potion"},{"floor":31.0,"key":"Block Potion"},{"floor":33.0,"key":"FearPotion"},{"floor":42.0,"key":"EntropicBrew"},{"floor":46.0,"key":"LiquidMemories"}],"is_trial":false,"path_per_floor":["M","$","?","M","M","R","E","R","T","E","M","M","E","$","R","B",null,"M","T","?","M","$","R","E","R","T","?","E","M","R","E","R","B",null,"M","M","?","?","M","E","R","M","T","?","$","?","M","M","R","B","B",null,"R","$","E","B",null],"character_chosen":"WATCHER","items_purchased":["Adaptation","Medical Kit","LiquidMemories"],"campfire_rested":0,"item_purchase_floors":[45,45,54],"current_hp_per_floor":[60,60,60,58,58,58,52,52,52,35,28,28,24,24,24,49,59,59,59,59,59,59,59,59,59,69,69,69,48,48,48,48,72,72,72,72,72,59,59,59,59,59,59,72,72,72,60,60,60,55,39,64,64,72,72,72],"gold":88,"neow_bonus":"REMOVE_TWO","is_daily":false,"chose_seed":false,"campfire_upgraded":9,"win_rate":0.0,"timestamp":1611855020,"path_taken":["M","?","?","M","M","R","E","R","T","E","M","M","E","$","R","BOSS","M","?","?","?","?","R","E","R","T","?","E","?","R","E","R","BOSS","M","M","?","?","M","E","R","M","T","?","$","?","?","M","R","BOSS","BOSS","R","$","E","BOSS"],"items_purchased_type":["Card","Relic","Potion"],"build_version":"2020-12-22","purchased_purges":3,"victory":true,"max_hp_per_floor":[62,62,62,62,62,62,62,62,62,62,62,62,62,62,62,62,62,62,62,62,62,62,62,62,62,72,72,72,72,72,72,72,72,72,72,72,72,72,72,72,72,72,72,72,72,72,72,72,72,72,72,72,72,72,72,72],"card_choices":[{"not_picked":["Indignation","FlyingSleeves","Protect"],"picked":"SKIP","floor":1.0},{"not_picked":["SashWhip","Crescendo","FlyingSleeves"],"picked":"SKIP","floor":4.0},{"not_picked":["ForeignInfluence","MentalFortress"],"picked":"InnerPeace","floor":5.0},{"not_picked":["Swivel","DeceiveReality"],"picked":"Meditate","floor":7.0},{"not_picked":["Nirvana","Meditate"],"picked":"MentalFortress","floor":10.0},{"not_picked":["InnerPeace","Evaluate"],"picked":"FlurryOfBlows","floor":11.0},{"not_picked":["SandsOfTime","InnerPeace"],"picked":"Tantrum","floor":12.0},{"not_picked":["Halt","Fasting2","CarveReality"],"picked":"SKIP","floor":13.0},{"not_picked":["Wish","SpiritShield"],"picked":"Scrawl","floor":16.0},{"not_picked":["BattleHymn+1","ThirdEye+1","Pray"],"picked":"SKIP","floor":18.0},{"not_picked":["BattleHymn","Crescendo","FollowUp"],"picked":"SKIP","floor":21.0},{"not_picked":["WaveOfTheHand","ForeignInfluence"],"picked":"CrushJoints","floor":24.0},{"not_picked":["Wireheading+1","FlurryOfBlows","FlyingSleeves"],"picked":"SKIP","floor":28.0},{"not_picked":["CarveReality","Pray","Swivel"],"picked":"SKIP","floor":29.0},{"not_picked":["FollowUp+1","Indignation+1","ClearTheMind"],"picked":"SKIP","floor":29.0},{"not_picked":["Crescendo","MasterReality","Evaluate"],"picked":"SKIP","floor":31.0},{"not_picked":["EmptyFist","BattleHymn","Sanctity+1"],"picked":"SKIP","floor":35.0},{"not_picked":["WaveOfTheHand","Protect","Collect"],"picked":"SKIP","floor":35.0},{"not_picked":["Wireheading","ClearTheMind","WindmillStrike"],"picked":"SKIP","floor":36.0},{"not_picked":["Weave","Swivel","FollowUp"],"picked":"SKIP","floor":36.0},{"not_picked":["FlurryOfBlows+1","CrushJoints","BowlingBash"],"picked":"SKIP","floor":39.0},{"not_picked":["ThirdEye","CrushJoints","FollowUp"],"picked":"SKIP","floor":39.0},{"not_picked":["CrushJoints","PathToVictory+1","Collect"],"picked":"SKIP","floor":40.0},{"not_picked":["Evaluate","SashWhip"],"picked":"LessonLearned","floor":42.0},{"not_picked":["Weave","CrushJoints","Vengeance+1"],"picked":"SKIP","floor":42.0},{"not_picked":["Halt","BowlingBash","InnerPeace+1"],"picked":"SKIP","floor":47.0},{"not_picked":["Swivel","Consecrate+1","Nirvana"],"picked":"SKIP","floor":47.0},{"not_picked":["BattleHymn","Consecrate","Ragnarok"],"picked":"SKIP","floor":48.0},{"not_picked":["EmptyMind","Swivel+1","Sanctity"],"picked":"SKIP","floor":48.0},{"not_picked":["Weave+1","ThirdEye"],"picked":"Adaptation","floor":55}],"player_experience":2936524,"relics_obtained":[{"floor":7.0,"key":"TeardropLocket"},{"floor":9.0,"key":"Pantograph"},{"floor":10.0,"key":"Kunai"},{"floor":13.0,"key":"Ornamental Fan"},{"floor":19.0,"key":"InkBottle"},{"floor":24.0,"key":"MealTicket"},{"floor":26.0,"key":"Pear"},{"floor":28.0,"key":"Prayer Wheel"},{"floor":31.0,"key":"Toy Ornithopter"},{"floor":40.0,"key":"CaptainsWheel"},{"floor":44.0,"key":"TungstenRod"},{"floor":55,"key":"Bottled Tornado"}],"event_choices":[{"damage_healed":0.0,"max_hp_gain":0.0,"max_hp_loss":0.0,"gold_gain":0.0,"cards_transformed":["Strike_P"],"event_name":"Transmorgrifier","player_choice":"Transformed","floor":3.0,"gold_loss":0.0,"damage_taken":0.0,"cards_obtained":["Crescendo"]},{"damage_healed":0.0,"max_hp_gain":0.0,"max_hp_loss":0.0,"gold_gain":0.0,"event_name":"Duplicator","player_choice":"Copied","floor":20.0,"gold_loss":0.0,"damage_taken":0.0,"cards_obtained":["InnerPeace"]},{"damage_healed":0.0,"max_hp_gain":0.0,"max_hp_loss":0.0,"gold_gain":0.0,"event_name":"N\u0027loth","player_choice":"Ignored","floor":27.0,"gold_loss":0.0,"damage_taken":0.0},{"cards_removed":["DeusExMachina"],"damage_healed":0.0,"max_hp_gain":0.0,"max_hp_loss":0.0,"gold_gain":0.0,"event_name":"Falling","player_choice":"Removed Skill","floor":37.0,"gold_loss":0.0,"damage_taken":0.0},{"damage_healed":0.0,"max_hp_gain":0.0,"max_hp_loss":0.0,"gold_gain":0.0,"event_name":"Winding Halls","player_choice":"Embrace Madness","floor":38.0,"gold_loss":0.0,"damage_taken":13.0,"cards_obtained":["Madness","Madness"]},{"damage_healed":0.0,"max_hp_gain":0.0,"max_hp_loss":0.0,"gold_gain":0.0,"event_name":"MindBloom","player_choice":"Fight","floor":44.0,"gold_loss":0.0,"damage_taken":0.0},{"damage_healed":0.0,"max_hp_gain":0.0,"max_hp_loss":0.0,"gold_gain":0.0,"event_name":"Lab","player_choice":"Got Potions","floor":46.0,"gold_loss":0.0,"damage_taken":0.0}],"is_beta":false,"boss_relics":[{"not_picked":["Cursed Key","Snecko Eye"],"picked":"Pandora\u0027s Box"},{"not_picked":["Sozu","Tiny House"],"picked":"HolyWater"}],"items_purged_floors":[2,14,22],"is_endless":false,"potions_floor_spawned":[1,5,7,11,16,29,31,33,36,40,42,48,55],"ascension_level":20}}