{"host":"gl5rgsfncjl28cj1","time":1611829186,"event":{"mods":["BaseMod","Colored Map","Highlight Path","Minty Spire (QoL Compilation)","Permanent Neow","Relic Stats","StSLib"],"gold_per_floor":[361,373,19,31,31,59,59,59,59,134,134,134,134,165,165,165,165],"floor_reached":16,"language":"KOR","playtime":4264,"items_purged":["Strike_G"],"score":212,"play_id":"f684a384-3003-497f-bcd3-f0ac326d87d4","local_time":"20210128191946","is_ascension_mode":true,"campfire_choices":[{"floor":7,"key":"REST"},{"floor":11,"key":"REST"},{"data":"Deadly Poison","floor":13,"key":"SMITH"},{"floor":15,"key":"REST"}],"circlet_count":0,"master_deck":["AscendersBane","Strike_G","Strike_G","Strike_G","Strike_G","Defend_G","Defend_G","Defend_G","Defend_G","Defend_G","Survivor","Neutralize","Footwork","Deadly Poison+1","Endless Agony","Escape Plan","Blade Dance"],"relics":["Ring of the Snake","Shuriken","Bottled Lightning","Mummified Hand","Pen Nib"],"acts_visited":["Exordium"],"potions_floor_usage":[6,14],"damage_taken":[{"damage":2,"enemies":"Small Slimes","floor":1,"turns":6},{"damage":0,"enemies":"2 Louse","floor":2,"turns":4},{"damage":1,"enemies":"Cultist","floor":4,"turns":4},{"damage":18,"enemies":"Lagavulin","floor":6,"turns":9},{"damage":18,"enemies":"3 Sentries","floor":14,"turns":14},{"damage":64,"enemies":"Slime Boss","floor":16,"turns":9}],"seed_played":"3124276968838385569","potions_obtained":[{"floor":1,"key":"SkillPotion"},{"floor":6,"key":"Swift Potion"}],"is_trial":false,"path_per_floor":["M","M","$","M","?","E","R","?","T","?","R","?","R","E","R","B"],"character_chosen":"THE_SILENT","items_purchased":["Shuriken"],"campfire_rested":3,"item_purchase_floors":[3],"current_hp_per_floor":[42,42,42,41,41,23,42,42,42,31,50,55,55,37,58,0,0],"gold":165,"neow_bonus":"TWO_FIFTY_GOLD","is_daily":false,"chose_seed":false,"campfire_upgraded":1,"win_rate":0.0,"timestamp":1611829186,"path_taken":["M","M","$","M","?","E","R","?","T","?","R","?","R","E","R","BOSS"],"items_purchased_type":["Relic"],"build_version":"2020-12-22","purchased_purges":1,"victory":false,"max_hp_per_floor":[66,66,66,66,66,66,66,66,66,66,66,71,71,71,71,71,71],"relic_stats":{"counters":[6,46],"Shuriken":[13],"Mummified Hand":[2],"Pen Nib":[2],"obtain_stats":[{"Shuriken":3,"Mummified Hand":9,"Pen Nib":14,"Bottled Lightning":6,"Ring of the Snake":0},{"Shuriken":2,"Mummified Hand":4,"Pen Nib":5,"Bottled Lightning":4,"Ring of the Snake":0},{"Shuriken":10,"Mummified Hand":23,"Pen Nib":37,"Bottled Lightning":23,"Ring of the Snake":0}],"Ring of the Snake":[12]},"card_choices":[{"not_picked":["Escape Plan","Tactician"],"picked":"Footwork","floor":1},{"not_picked":["Dodge and Roll","Sucker Punch"],"picked":"Deadly Poison","floor":2},{"not_picked":["Crippling Poison","Caltrops"],"picked":"Endless Agony","floor":4},{"not_picked":["Reflex","Dagger Throw"],"picked":"Escape Plan","floor":6},{"not_picked":["Bane","Prepared"],"picked":"Blade Dance","floor":14}],"player_experience":998351,"relics_obtained":[{"floor":6,"key":"Bottled Lightning"},{"floor":9,"key":"Mummified Hand"},{"floor":14,"key":"Pen Nib"}],"event_choices":[{"damage_healed":0,"gold_gain":0,"player_choice":"Ignored","damage_taken":0,"max_hp_gain":0,"max_hp_loss":0,"event_name":"Shining Light","floor":5,"gold_loss":0},{"damage_healed":0,"gold_gain":0,"player_choice":"Fled","damage_taken":0,"max_hp_gain":0,"max_hp_loss":0,"event_name":"Scrap Ooze","floor":8,"gold_loss":0},{"damage_healed":0,"gold_gain":75,"player_choice":"Gather Gold","damage_taken":11,"max_hp_gain":0,"max_hp_loss":0,"event_name":"World of Goop","floor":10,"gold_loss":0},{"damage_healed":0,"gold_gain":0,"player_choice":"Donut","damage_taken":0,"max_hp_gain":5,"max_hp_loss":0,"event_name":"Big Fish","floor":12,"gold_loss":0}],"is_beta":false,"boss_relics":[],"items_purged_floors":[3],"is_endless":false,"potions_floor_spawned":[1,6],"killed_by":"Slime Boss","ascension_level":20}}