{"host":"hjajo0rafoe1e6c4","time":1611798566,"event":{"mods":["AchievementEnabler","BaseMod","Bestiary","Colored Map","Colored Powertips","Highlight Path","Minty Spire (QoL Compilation)","Relic Stats"],"gold_per_floor":[116,116,134,152,168,168,199,199,199,199,211,211,225,253,253,350,350,367,386,154,154,154,154,154,154,154,172,172,188,203,232,232,232,232],"floor_reached":33,"language":"ENG","playtime":1536,"items_purged":["Regret"],"score":319,"play_id":"f0a6b1c6-0212-4a8b-97b2-f687a2eafcc7","local_time":"20210127204926","is_ascension_mode":true,"campfire_choices":[{"data":"Uppercut","floor":6,"key":"SMITH"},{"data":"True Grit","floor":8,"key":"SMITH"},{"data":"Headbutt","floor":10,"key":"SMITH"},{"floor":15,"key":"REST"},{"data":"Sword Boomerang","floor":23,"key":"SMITH"},{"floor":25,"key":"RECALL"},{"data":"Spot Weakness","floor":28,"key":"SMITH"},{"data":"Heavy Blade","floor":32,"key":"SMITH"}],"circlet_count":0,"master_deck":["Strike_R+1","Strike_R+1","Strike_R+1","Strike_R+1","Strike_R+1","Defend_R+1","Defend_R+1","Defend_R+1","Defend_R+1","Bash","Uppercut+1","Burning Pact","Headbutt+1","Spot Weakness+1","True Grit+1","Sword Boomerang+1","Armaments","Clothesline","Bludgeon+1","Twin Strike","Heavy Blade+1","Warcry+1","Thunderclap+1"],"relics":["Black Blood","NeowsBlessing","MealTicket","Kunai","Centennial Puzzle","TungstenRod","StoneCalendar","ClockworkSouvenir","Paper Frog","Pen Nib"],"acts_visited":["Exordium","TheCity"],"potions_floor_usage":[7,14,19,33,33,33],"damage_taken":[{"damage":0,"enemies":"Jaw Worm","floor":1,"turns":1},{"damage":0,"enemies":"Small Slimes","floor":3,"turns":1},{"damage":0,"enemies":"Cultist","floor":4,"turns":1},{"damage":39,"enemies":"Exordium Thugs","floor":5,"turns":5},{"damage":6,"enemies":"Gremlin Nob","floor":7,"turns":3},{"damage":2,"enemies":"Blue Slaver","floor":11,"turns":4},{"damage":5,"enemies":"Exordium Wildlife","floor":13,"turns":3},{"damage":22,"enemies":"3 Sentries","floor":14,"turns":12},{"damage":22,"enemies":"The Guardian","floor":16,"turns":9},{"damage":24,"enemies":"Shell Parasite","floor":18,"turns":6},{"damage":5,"enemies":"Chosen","floor":19,"turns":4},{"damage":9,"enemies":"Snake Plant","floor":27,"turns":3},{"damage":3,"enemies":"Snecko","floor":29,"turns":3},{"damage":6,"enemies":"Chosen and Byrds","floor":30,"turns":6},{"damage":55,"enemies":"Slavers","floor":31,"turns":5},{"damage":52,"enemies":"Collector","floor":33,"turns":6}],"seed_played":"6838952816669655947","potions_obtained":[{"floor":1,"key":"SpeedPotion"},{"floor":4,"key":"DuplicationPotion"},{"floor":7,"key":"AttackPotion"},{"floor":13,"key":"ColorlessPotion"},{"floor":16,"key":"Strength Potion"},{"floor":27,"key":"Dexterity Potion"}],"is_trial":false,"path_per_floor":["M","?","M","M","M","R","E","R","T","R","M","?","M","E","R","B",null,"M","M","$","?","?","R","$","R","T","M","R","M","M","E","R","B"],"character_chosen":"IRONCLAD","items_purchased":["ClockworkSouvenir"],"campfire_rested":1,"item_purchase_floors":[20],"current_hp_per_floor":[80,80,80,80,47,47,47,47,47,47,51,33,34,18,42,26,80,68,75,80,80,80,80,80,80,80,80,80,80,80,37,37,0,0],"gold":232,"neow_bonus":"THREE_ENEMY_KILL","is_daily":false,"chose_seed":false,"campfire_upgraded":6,"win_rate":0.0,"timestamp":1611798566,"path_taken":["M","?","M","M","M","R","E","R","T","R","M","?","M","E","R","BOSS","M","M","$","?","?","R","$","R","T","?","R","M","M","E","R","BOSS"],"items_purchased_type":["Relic"],"build_version":"2020-12-22","purchased_purges":1,"victory":false,"max_hp_per_floor":[80,80,80,80,80,80,80,80,80,80,80,80,80,80,80,80,80,80,80,80,80,80,80,80,80,80,80,80,80,80,80,80,80,80],"relic_stats":{"Centennial Puzzle":[33],"counters":[16,72],"Black Blood":90,"MealTicket":5,"StoneCalendar":[52],"Pen Nib":[1],"Kunai":[7],"obtain_stats":[{"Centennial Puzzle":9,"NeowsBlessing":0,"Black Blood":17,"MealTicket":2,"StoneCalendar":14,"Pen Nib":31,"Kunai":7,"Burning Blood":0,"TungstenRod":12,"ClockworkSouvenir":20,"Paper Frog":26},{"Centennial Puzzle":5,"NeowsBlessing":0,"Black Blood":9,"MealTicket":1,"StoneCalendar":8,"Pen Nib":15,"Kunai":5,"Burning Blood":0,"TungstenRod":6,"ClockworkSouvenir":11,"Paper Frog":11},{"Centennial Puzzle":11,"NeowsBlessing":0,"Black Blood":39,"MealTicket":1,"StoneCalendar":30,"Pen Nib":66,"Kunai":11,"Burning Blood":0,"TungstenRod":15,"ClockworkSouvenir":49,"Paper Frog":49}],"TungstenRod":45},"card_choices":[{"not_picked":["Perfected Strike","Iron Wave"],"picked":"Uppercut","floor":1},{"not_picked":["Rupture","Warcry"],"picked":"Burning Pact","floor":3},{"not_picked":["Perfected Strike","Shrug It Off"],"picked":"Headbutt","floor":4},{"not_picked":["Cleave","Battle Trance"],"picked":"Spot Weakness","floor":5},{"not_picked":["Perfected Strike","Offering"],"picked":"True Grit","floor":7},{"not_picked":["True Grit","Cleave"],"picked":"Sword Boomerang","floor":11},{"not_picked":["Blood for Blood","Searing Blow"],"picked":"Armaments","floor":13},{"not_picked":["Warcry","Armaments"],"picked":"Clothesline","floor":14},{"not_picked":["Offering","Barricade"],"picked":"Bludgeon","floor":16},{"not_picked":["Feel No Pain","Body Slam"],"picked":"Twin Strike","floor":18},{"not_picked":["True Grit","Flex","Brutality"],"picked":"SKIP","floor":19},{"not_picked":["True Grit","Wild Strike"],"picked":"Heavy Blade","floor":27},{"not_picked":["Cleave","Combust"],"picked":"Warcry+1","floor":29},{"not_picked":["Clothesline","Anger","Power Through+1"],"picked":"SKIP","floor":30},{"not_picked":["Metallicize","Rupture"],"picked":"Thunderclap+1","floor":31}],"player_experience":182939,"relics_obtained":[{"floor":7,"key":"Kunai"},{"floor":9,"key":"Centennial Puzzle"},{"floor":14,"key":"StoneCalendar"},{"floor":26,"key":"Paper Frog"},{"floor":31,"key":"Pen Nib"}],"event_choices":[{"damage_healed":0,"gold_gain":0,"player_choice":"Box","damage_taken":0,"relics_obtained":["MealTicket"],"max_hp_gain":0,"max_hp_loss":0,"event_name":"Big Fish","floor":2,"gold_loss":0,"cards_obtained":["Regret"]},{"damage_healed":0,"gold_gain":0,"player_choice":"Success","damage_taken":18,"relics_obtained":["TungstenRod"],"max_hp_gain":0,"max_hp_loss":0,"event_name":"Scrap Ooze","floor":12,"gold_loss":0},{"damage_healed":0,"gold_gain":0,"player_choice":"Simplicity","damage_taken":0,"max_hp_gain":0,"max_hp_loss":0,"event_name":"Back to Basics","floor":21,"gold_loss":0,"cards_upgraded":["Strike_R","Strike_R","Strike_R","Strike_R","Strike_R","Defend_R","Defend_R","Defend_R","Defend_R"]},{"damage_healed":0,"gold_gain":0,"player_choice":"Upgraded","damage_taken":0,"max_hp_gain":0,"max_hp_loss":0,"event_name":"Upgrade Shrine","floor":22,"gold_loss":0,"cards_upgraded":["Bludgeon"]}],"is_beta":false,"boss_relics":[{"not_picked":["Empty Cage","Tiny House"],"picked":"Black Blood"}],"items_purged_floors":[20],"is_endless":false,"potions_floor_spawned":[1,4,7,13,16,18,27,30,31],"killed_by":"Collector","ascension_level":3}}