{"host":"y76clbnovzmw9ubx","time":1611874970,"event":{"mods":["AchievementEnabler","BaseMod","Minty Spire (QoL Compilation)","Permanent Neow","Relic Stats"],"gold_per_floor":[365,365,365,19,37,81,81,125,175,175,199,199,242,48,48,144,144,168,192,192,203,18,18,18],"floor_reached":23,"language":"ENG","playtime":1108,"items_purged":["Injury","Strike_G"],"score":414,"play_id":"3525a9c5-920a-4193-b7b7-163bfa729211","local_time":"20210128180250","is_ascension_mode":true,"campfire_choices":[{"floor":7,"key":"REST"},{"data":"Noxious Fumes","floor":10,"key":"SMITH"},{"data":"Skewer","floor":12,"key":"SMITH"},{"floor":15,"key":"REST"}],"circlet_count":0,"master_deck":["AscendersBane","Strike_G","Strike_G","Strike_G","Defend_G","Defend_G","Defend_G","Defend_G","Defend_G","Survivor","Neutralize","Flying Knee","Tools of the Trade","Backstab","Noxious Fumes+1","Skewer+1","Slice","Deflect","Slice","Caltrops","Footwork","All Out Attack","Adrenaline","Acrobatics","Quick Slash"],"relics":["Ring of the Snake","Bloody Idol","Membership Card","Akabeko","Smiling Mask","Blood Vial","Art of War","Orichalcum","Omamori","Calling Bell","CeramicFish","Darkstone Periapt","Incense Burner","Strawberry","Cauldron"],"acts_visited":["Exordium","TheCity"],"potions_floor_usage":[8,13,16,18,21,22,23,23],"damage_taken":[{"damage":7,"enemies":"Small Slimes","floor":1,"turns":4},{"damage":0,"enemies":"2 Louse","floor":5,"turns":2},{"damage":24,"enemies":"Gremlin Nob","floor":6,"turns":4},{"damage":11,"enemies":"3 Sentries","floor":8,"turns":8},{"damage":0,"enemies":"Cultist","floor":11,"turns":3},{"damage":20,"enemies":"Lagavulin","floor":13,"turns":5},{"damage":16,"enemies":"Hexaghost","floor":16,"turns":8},{"damage":4,"enemies":"2 Thieves","floor":18,"turns":5},{"damage":9,"enemies":"Shell Parasite","floor":19,"turns":3},{"damage":39,"enemies":"Chosen and Byrds","floor":21,"turns":5},{"damage":39,"enemies":"Book of Stabbing","floor":23,"turns":6}],"seed_played":"9169616172563069183","potions_obtained":[{"floor":1,"key":"EssenceOfSteel"},{"floor":11,"key":"Strength Potion"},{"floor":13,"key":"FearPotion"},{"floor":16,"key":"Block Potion"},{"floor":18,"key":"Swift Potion"},{"floor":22,"key":"Fruit Juice"},{"floor":22,"key":"PowerPotion"},{"floor":22,"key":"GhostInAJar"}],"is_trial":false,"path_per_floor":["M","?","?","$","M","E","R","E","T","R","M","R","E","$","R","B",null,"M","M","?","M","$","E"],"character_chosen":"THE_SILENT","items_purchased":["Membership Card","Backstab","Noxious Fumes","Akabeko","Footwork","Omamori","All Out Attack","Strawberry","Cauldron","Acrobatics","Quick Slash"],"campfire_rested":2,"item_purchase_floors":[4,4,4,4,14,14,14,22,22,22,22],"current_hp_per_floor":[52,52,52,52,52,28,46,35,35,35,37,37,19,19,37,23,51,49,42,42,10,32,0,0],"gold":18,"neow_bonus":"TWO_FIFTY_GOLD","is_daily":false,"chose_seed":false,"campfire_upgraded":2,"win_rate":0.0,"timestamp":1611874970,"path_taken":["M","?","?","$","M","E","R","E","T","R","?","R","E","?","R","BOSS","M","M","?","M","$","E"],"items_purchased_type":["Relic","Card","Card","Relic","Card","Relic","Card","Relic","Relic","Card","Card"],"build_version":"2020-12-22","purchased_purges":2,"victory":false,"max_hp_per_floor":[60,60,60,60,60,60,60,60,60,60,60,60,60,60,60,60,60,60,60,60,60,72,72,72],"relic_stats":{"Blood Vial":14,"Darkstone Periapt":0,"counters":[11,53],"Bloody Idol":15,"CeramicFish":18,"Art of War":[11],"Orichalcum":[42],"Smiling Mask":0,"obtain_stats":[{"Darkstone Periapt":17,"Golden Idol":2,"CeramicFish":17,"Omamori":14,"Incense Burner":17,"Orichalcum":13,"Smiling Mask":6,"Akabeko":4,"Blood Vial":8,"Calling Bell":17,"Cauldron":22,"Bloody Idol":20,"Strawberry":22,"Art of War":9,"Membership Card":4,"Ring of the Snake":0},{"Darkstone Periapt":7,"Golden Idol":1,"CeramicFish":7,"Omamori":6,"Incense Burner":7,"Orichalcum":6,"Smiling Mask":3,"Akabeko":1,"Blood Vial":4,"Calling Bell":7,"Cauldron":10,"Bloody Idol":9,"Strawberry":10,"Art of War":4,"Membership Card":1,"Ring of the Snake":0},{"Darkstone Periapt":34,"Golden Idol":4,"CeramicFish":34,"Omamori":26,"Incense Burner":34,"Orichalcum":26,"Smiling Mask":10,"Akabeko":4,"Blood Vial":18,"Calling Bell":34,"Cauldron":47,"Bloody Idol":42,"Strawberry":47,"Art of War":18,"Membership Card":4,"Ring of the Snake":0}],"Ring of the Snake":[22]},"card_choices":[{"not_picked":["Flechettes","Riddle With Holes"],"picked":"Flying Knee","floor":1},{"not_picked":["Terror","Quick Slash"],"picked":"Skewer","floor":5},{"not_picked":["Blade Dance","PiercingWail"],"picked":"Slice","floor":6},{"not_picked":["Masterful Stab","Sucker Punch"],"picked":"Deflect","floor":8},{"not_picked":["Dagger Throw","Finisher"],"picked":"Slice","floor":11},{"not_picked":["Flying Knee","Envenom"],"picked":"Caltrops","floor":13},{"not_picked":["A Thousand Cuts","Grand Finale"],"picked":"Adrenaline","floor":16},{"not_picked":["Underhanded Strike","Outmaneuver","Poisoned Stab"],"picked":"SKIP","floor":18},{"not_picked":["Acrobatics","Poisoned Stab","Skewer"],"picked":"SKIP","floor":19},{"not_picked":["Acrobatics","Backstab","Poisoned Stab"],"picked":"SKIP","floor":21}],"player_experience":3138421,"relics_obtained":[{"floor":6,"key":"Smiling Mask"},{"floor":8,"key":"Blood Vial"},{"floor":9,"key":"Art of War"},{"floor":13,"key":"Orichalcum"},{"floor":17,"key":"CeramicFish"},{"floor":17,"key":"Darkstone Periapt"},{"floor":17,"key":"Incense Burner"}],"event_choices":[{"damage_healed":0,"gold_gain":0,"player_choice":"Take Wound","damage_taken":0,"relics_obtained":["Golden Idol"],"max_hp_gain":0,"max_hp_loss":0,"event_name":"Golden Idol","floor":2,"gold_loss":0,"cards_obtained":["Injury"]},{"damage_healed":0,"gold_gain":0,"cards_transformed":["Strike_G"],"player_choice":"Transformed","damage_taken":0,"max_hp_gain":0,"max_hp_loss":0,"event_name":"Transmorgrifier","floor":3,"gold_loss":0,"cards_obtained":["Tools of the Trade"]},{"damage_healed":0,"gold_gain":0,"player_choice":"Gave Idol","damage_taken":0,"relics_obtained":["Bloody Idol"],"max_hp_gain":0,"max_hp_loss":0,"event_name":"Forgotten Altar","floor":20,"relics_lost":["Golden Idol"],"gold_loss":0}],"is_beta":false,"boss_relics":[{"not_picked":["Black Star","Velvet Choker"],"picked":"Calling Bell"}],"items_purged_floors":[4,14],"is_endless":false,"potions_floor_spawned":[1,11,13,16,18],"killed_by":"Book of Stabbing","ascension_level":20}}