{"host":"q2l6xtlpu05lrop8","time":1611806243,"event":{"mods":["AchievementEnabler","BaseMod","Colored Map","Downfall","Googly Eyes","Minty Spire (QoL Compilation)","StSLib","The IronCluck","slay the spire mod where everything is the same but ironclad has a cowboy hat"],"gold_per_floor":[99,118,130,280,280,295,295,330,330,350,385,395,407,423,434,529,529,529,545,59,59,59,59,59,59,44,57,90,109,109,123,139,236,236,236,246,272,136,151,171,171,188,200,23,23,73,73,73,85,85],"floor_reached":51,"language":"ENG","playtime":4867,"items_purged":["champ:Strike"],"score":683,"play_id":"bf93766c-e066-4e93-8ec2-42834f2bb6a7","local_time":"20210127195723","is_ascension_mode":false,"campfire_choices":[{"data":"champ:Taunt","floor":1,"key":"SMITH"},{"data":"champ:RapidStrikes","floor":9,"key":"SMITH"},{"data":"champ:Improvising","floor":18,"key":"SMITH"},{"data":"Pride","floor":23,"key":"PURGE"},{"data":"champ:RapidStrikes","floor":25,"key":"SMITH"},{"data":"champ:DancingMaster","floor":35,"key":"SMITH"},{"data":"expansioncontent:DashGenerateEvil","floor":47,"key":"SMITH"}],"circlet_count":0,"master_deck":["champ:Defend","champ:Defend","champ:Defend","champ:Defend","champ:Execute","champ:Taunt+1","champ:ArenaPreparation","champ:CrownThrow","downfall:Icky","champ:RapidStrikes+1","champ:EnGarde","champ:Lariat","champ:Backstep","champ:EnragedBash","champ:LastStand","champ:RapidStrikes+1","champ:Improvising+1","champ:DefensiveShout+1","champ:StanceDance+1","champ:Lariat+1","champ:IronFortress","champ:ShieldWall+1","champ:CalledShot","champ:FancyFootwork+1","champ:SkillfulDodge","RitualDagger","champ:Circumvent","champ:ArenaPreparation+1","champ:DancingMaster+1","champ:StanceDance+1","champ:DeathBlow+1","champ:IgnorePain","champ:Encircle+1","champ:TornadoPunch+1","champ:Duel","expansioncontent:DashGenerateEvil+1","CurseOfTheBell","CurseOfTheBell"],"relics":["champ:ChampionCrown","champ:LiftRelic","Peace Pipe","champ:FightingForDummies","Astrolabe","OrangePellets","Gremlin Horn","downfall:RedIOU","Akabeko","Meat on the Bone","White Beast Statue","Snecko Eye","Bag of Marbles","Kunai","Toy Ornithopter","downfall:ExtraCursedBell","Centennial Puzzle","Singing Bowl","Shovel","Ice Cream"],"acts_visited":["Exordium","TheCity","TheBeyond"],"potions_floor_usage":[11,28,31,33,38,50,50,50],"damage_taken":[{"damage":10,"enemies":"Small Slimes","floor":2,"turns":3},{"damage":10,"enemies":"2 Louse","floor":3,"turns":4},{"damage":11,"enemies":"Jaw Worm","floor":6,"turns":4},{"damage":41,"enemies":"3 Sentries","floor":8,"turns":9},{"damage":20,"enemies":"3 Louse","floor":10,"turns":4},{"damage":24,"enemies":"Gremlin Nob","floor":11,"turns":4},{"damage":15,"enemies":"Blue Slaver","floor":12,"turns":4},{"damage":0,"enemies":"2 Fungi Beasts","floor":13,"turns":3},{"damage":10,"enemies":"Blue Slaver","floor":14,"turns":3},{"damage":15,"enemies":"Gremlin Gang","floor":15,"turns":4},{"damage":46,"enemies":"SI_SHIV_ARCHETYPE","floor":16,"turns":9},{"damage":21,"enemies":"Chosen","floor":19,"turns":5},{"damage":25,"enemies":"downfall:FleeingMerchant","floor":20,"turns":4},{"damage":35,"enemies":"downfall:FleeingMerchant","floor":26,"turns":4},{"damage":37,"enemies":"Spheric Guardian","floor":27,"turns":4},{"damage":71,"enemies":"Gremlin Leader","floor":28,"turns":6},{"damage":18,"enemies":"Snecko","floor":29,"turns":4},{"damage":45,"enemies":"3 Cultists","floor":31,"turns":4},{"damage":30,"enemies":"Cultist and Chosen","floor":32,"turns":4},{"damage":81,"enemies":"DF_ARCHETYPE_CLAW","floor":33,"turns":6},{"damage":20,"enemies":"3 Shapes","floor":36,"turns":4},{"damage":30,"enemies":"downfall:FleeingMerchant","floor":38,"turns":1},{"damage":25,"enemies":"3 Darklings","floor":39,"turns":3},{"damage":44,"enemies":"Maw","floor":40,"turns":5},{"damage":6,"enemies":"4 Shapes","floor":42,"turns":2},{"damage":17,"enemies":"Jaw Worm Horde","floor":43,"turns":2},{"damage":37,"enemies":"Jaw Worm Horde","floor":46,"turns":9},{"damage":40,"enemies":"Sphere and 2 Shapes","floor":49,"turns":2},{"damage":11,"enemies":"WA_ARCHETYPE_DIVINITY","floor":50,"turns":11}],"seed_played":"-714102669750908161","potions_obtained":[{"floor":2,"key":"Strength Potion"},{"floor":3,"key":"ColorlessPotion"},{"floor":13,"key":"CultistPotion"},{"floor":15,"key":"PowerPotion"},{"floor":27,"key":"DistilledChaos"},{"floor":29,"key":"DistilledChaos"},{"floor":31,"key":"PowerPotion"},{"floor":33,"key":"champ:TechniquePotion"},{"floor":38,"key":"DuplicationPotion"},{"floor":43,"key":"champ:TechniquePotion"}],"is_trial":false,"path_per_floor":["R","M","M","?","?","M","T","E","R","M","E","M","M","M","M","B",null,"R","M","$","?","?","R","T","R","$","M","E","M","?","M","M","B",null,"R","M","?","$","M","M","T","M","M","$","?","?","R","$","M","B",null],"character_chosen":"THE_CHAMP","items_purchased":["OrangePellets","champ:IronFortress","Gremlin Horn","Kunai","champ:IgnorePain","expansioncontent:DashGenerateEvil"],"campfire_rested":0,"item_purchase_floors":[20,20,20,38,38,44],"current_hp_per_floor":[99,99,99,99,99,98,98,87,87,82,58,58,58,58,58,42,99,99,93,93,93,93,93,93,93,93,81,72,64,58,70,82,86,99,99,99,99,99,99,90,90,84,82,82,82,77,77,77,91,95],"gold":85,"neow_bonus":"TEN_PERCENT_HP_BONUS","is_daily":false,"chose_seed":false,"campfire_upgraded":6,"win_rate":0.0,"timestamp":1611806243,"path_taken":["R","M","M","?","?","M","T","E","R","M","E","M","M","M","M","BOSS","R","M","$","?","?","R","T","R","$","M","E","M","?","M","M","BOSS","R","M","?","$","M","M","T","M","M","$","?","?","R","$","M","BOSS"],"items_purchased_type":["Relic","Card","Relic","Relic","Card","Card"],"build_version":"2020-12-22","purchased_purges":1,"victory":true,"max_hp_per_floor":[99,99,99,99,99,99,99,99,99,99,99,99,99,99,99,99,99,99,99,99,99,99,99,99,99,99,99,99,99,99,99,99,99,99,99,99,99,99,99,99,99,99,99,99,99,101,101,101,103,103],"card_choices":[{"not_picked":["champ:SetATrap","champ:PerfectedStrike"],"picked":"champ:ArenaPreparation","floor":2},{"not_picked":["champ:AdrenalArmor","champ:StanceDance"],"picked":"champ:CrownThrow","floor":3},{"not_picked":["champ:DefensiveShout","champ:Parry","champ:PerfectedStrike"],"picked":"SKIP","floor":6},{"not_picked":["champ:FlashCut","champ:DefensiveShout"],"picked":"champ:RapidStrikes","floor":8},{"not_picked":["champ:Shatter","champ:BringItOn"],"picked":"champ:EnGarde","floor":10},{"not_picked":["champ:PreciseThrust","champ:EndlessRage"],"picked":"champ:Lariat","floor":11},{"not_picked":["champ:PerfectedStrike","champ:ShieldSlam"],"picked":"champ:Backstep","floor":12},{"not_picked":["champ:ArenaPreparation","champ:RecklessLeap"],"picked":"champ:EnragedBash","floor":13},{"not_picked":["champ:PerfectedStrike","champ:Duel"],"picked":"champ:LastStand","floor":14},{"not_picked":["champ:HeartStrike","champ:FlashCut"],"picked":"champ:RapidStrikes","floor":15},{"not_picked":["champ:CheapShot","champ:DancingMaster"],"picked":"champ:Improvising","floor":16},{"not_picked":["champ:FocusedDefense","champ:PreciseThrust","champ:AdrenalArmor"],"picked":"SKIP","floor":19},{"not_picked":["champ:DefensiveShout","champ:PreciseThrust+1","champ:SetATrap"],"picked":"SKIP","floor":20},{"not_picked":["champ:BladeFlurry","champ:Shatter"],"picked":"champ:ShieldWall+1","floor":26},{"not_picked":["champ:EndlessRage","champ:BringItOn+1"],"picked":"champ:CalledShot","floor":27},{"not_picked":["champ:FocusedBerserking+1","champ:FanOfKnives"],"picked":"champ:FancyFootwork+1","floor":28},{"not_picked":["champ:Haymaker","champ:Duel"],"picked":"champ:SkillfulDodge","floor":29},{"not_picked":["champ:Parry","champ:BladeFlurry"],"picked":"champ:Circumvent","floor":31},{"not_picked":["champ:DefensiveShout","champ:CrownThrow"],"picked":"champ:ArenaPreparation+1","floor":32},{"not_picked":["champ:Improvising","champ:LastStand"],"picked":"champ:DancingMaster","floor":33},{"not_picked":["champ:PerfectedStrike","champ:Endure"],"picked":"champ:StanceDance+1","floor":36},{"not_picked":["champ:SteelEdge","champ:FlashCut"],"picked":"champ:DeathBlow+1","floor":38},{"not_picked":["champ:TornadoPunch","champ:DefensiveShout"],"picked":"champ:Encircle+1","floor":39},{"not_picked":["champ:GladiatorStyle","champ:Shatter+1"],"picked":"champ:TornadoPunch+1","floor":40},{"not_picked":["champ:Haymaker+1","champ:BringItOn"],"picked":"champ:Duel","floor":42},{"not_picked":["champ:AdrenalArmor","champ:EnGarde","champ:Circumvent+1"],"picked":"SKIP","floor":43},{"not_picked":["champ:TornadoPunch","champ:EnGarde","champ:HeartStrike"],"picked":"Singing Bowl","floor":46},{"not_picked":["champ:EnGarde+1","champ:GladiatorStyle","champ:Circumvent"],"picked":"Singing Bowl","floor":49}],"player_experience":896330,"relics_obtained":[{"floor":7,"key":"Peace Pipe"},{"floor":8,"key":"Omamori"},{"floor":11,"key":"champ:FightingForDummies"},{"floor":24,"key":"Meat on the Bone"},{"floor":28,"key":"White Beast Statue"},{"floor":37,"key":"Bag of Marbles"},{"floor":41,"key":"Toy Ornithopter"},{"floor":45,"key":"Centennial Puzzle"},{"floor":45,"key":"Singing Bowl"},{"floor":45,"key":"Shovel"},{"floor":46,"key":"Ice Cream"}],"event_choices":[{"damage_healed":0,"gold_gain":0,"player_choice":"Stole Relic","damage_taken":0,"relics_obtained":["Akabeko"],"max_hp_gain":0,"max_hp_loss":0,"event_name":"Addict","floor":22,"gold_loss":0,"cards_obtained":["Pride"]}],"is_beta":false,"boss_relics":[{"not_picked":["Coffee Dripper","Velvet Choker"],"picked":"Astrolabe"},{"not_picked":["champ:ChampionCrownUpgraded","Runic Dome"],"picked":"Snecko Eye"}],"items_purged_floors":[38],"is_endless":false,"potions_floor_spawned":[2,3,13,15,19,27,29,31,32,33,36,38,39,40,42,43,46,49],"ascension_level":0}}