{"host":"ucx3368bquyf080x","time":1611811990,"event":{"mods":["BaseMod","Minty Spire (QoL Compilation)","Replay The Spire","StSLib","[IsaacMod]ÒÔÈö¼âËþ"],"gold_per_floor":[117,157,232,232,247,276,276,276,276],"floor_reached":8,"language":"ZHS","playtime":116,"items_purged":[],"score":103,"play_id":"2c9361bc-99e5-4b2e-9823-0a54d16d2abc","local_time":"20210128133310","is_ascension_mode":true,"campfire_choices":[{"data":"Eruption","floor":7,"key":"SMITH"}],"circlet_count":0,"master_deck":["Strike_P+1","Strike_P+1","Strike_P+1","Strike_P+1","Defend_P","Defend_P+1","Defend_P+1","Defend_P","Eruption+1","Vigilance","SuicideKing","Consecrate","FollowUp"],"relics":["PureWater","HushsDoor","Damocles","NeowsBlessing","Replay:Bottled Eggs","Golden Egg","War Paint","StrikeDummy"],"acts_visited":["Exordium"],"potions_floor_usage":[8],"damage_taken":[{"damage":0,"enemies":"Cultist","floor":1,"turns":1},{"damage":0,"enemies":"Small Slimes","floor":5,"turns":1},{"damage":0,"enemies":"Gremlin Nob","floor":6,"turns":1},{"damage":4,"enemies":"3 Sentries","floor":8,"turns":2}],"seed_played":"3294711195431462514","potions_obtained":[{"floor":1,"key":"Block Potion"},{"floor":2,"key":"Elixir"},{"floor":2,"key":"Regen Potion"}],"is_trial":false,"path_per_floor":["M","?","?","?","M","E","R","E"],"character_chosen":"WATCHER","items_purchased":[],"campfire_rested":0,"item_purchase_floors":[],"current_hp_per_floor":[65,47,36,60,60,60,60,0,0],"gold":276,"neow_bonus":"THREE_ENEMY_KILL","is_daily":false,"chose_seed":false,"campfire_upgraded":1,"win_rate":0.0,"timestamp":1611811990,"path_taken":["M","?","?","?","M","E","R","E"],"items_purchased_type":[],"build_version":"2020-12-22","purchased_purges":0,"victory":false,"max_hp_per_floor":[72,72,72,72,72,72,72,72,72],"card_choices":[{"not_picked":[],"picked":"SuicideKing","floor":0},{"not_picked":["Prostrate","CrushJoints"],"picked":"Consecrate","floor":1},{"not_picked":["Protect","JustLucky","WreathOfFlame"],"picked":"SKIP","floor":5},{"not_picked":["SashWhip","Weave"],"picked":"FollowUp","floor":6}],"player_experience":620739,"relics_obtained":[{"floor":1,"key":"Replay:Bottled Eggs"},{"floor":5,"key":"Golden Egg"},{"floor":6,"key":"War Paint"},{"floor":6,"key":"StrikeDummy"}],"event_choices":[{"damage_healed":0,"gold_gain":75,"player_choice":"Gather Gold","damage_taken":11,"max_hp_gain":0,"max_hp_loss":0,"event_name":"World of Goop","floor":3,"gold_loss":0},{"damage_healed":24,"gold_gain":0,"player_choice":"Banana","damage_taken":0,"max_hp_gain":0,"max_hp_loss":0,"event_name":"Big Fish","floor":4,"gold_loss":0}],"is_beta":false,"boss_relics":[],"items_purged_floors":[],"is_endless":false,"potions_floor_spawned":[1],"killed_by":"3 Sentries","ascension_level":6}}