{"host":"nwz9s93nkn2ush8t","time":1611801978,"event":{"mods":["AchievementEnabler","Act Like it!","BaseMod","Block Reminder","Colored Powertips","Googly Eyes","Minty Spire (QoL Compilation)","Quick Restart","Rare Cards Sparkle","StSLib","everything is the same but u backflip on backflip","slay the spire mod where everything is the same but ironclad has a cowboy hat"],"gold_per_floor":[112,112,112,37,52,88,115,115,141,164,164,114,64,99,99,99,99],"floor_reached":16,"language":"ENG","playtime":558,"items_purged":["Regret","Defend_R","Defend_R"],"score":170,"play_id":"72e52db9-6179-4ef6-9a19-0ce8cd243eb8","local_time":"20210127214618","is_ascension_mode":true,"campfire_choices":[{"data":"True Grit","floor":11,"key":"SMITH"},{"floor":15,"key":"REST"}],"circlet_count":0,"master_deck":["Strike_R","Strike_R","Strike_R+1","Strike_R+1","Strike_R","Defend_R","Defend_R","Bash","Warcry","True Grit+1","Disarm"],"relics":["Burning Blood","NeowsBlessing","Golden Idol","Omamori","Smiling Mask","Art of War","Lantern","Oddly Smooth Stone"],"acts_visited":["Exordium"],"potions_floor_usage":[14,16],"damage_taken":[{"damage":0,"enemies":"2 Louse","floor":1,"turns":1},{"damage":0,"enemies":"Small Slimes","floor":5,"turns":1},{"damage":0,"enemies":"Lagavulin","floor":6,"turns":1},{"damage":9,"enemies":"Jaw Worm","floor":10,"turns":3},{"damage":24,"enemies":"Gremlin Nob","floor":14,"turns":4},{"damage":57,"enemies":"Hexaghost","floor":16,"turns":14}],"seed_played":"-6438518845354957654","potions_obtained":[{"floor":1,"key":"Weak Potion"},{"floor":6,"key":"FearPotion"}],"is_trial":false,"path_per_floor":["M","?","?","$","M","E","T","?","T","M","R","$","$","E","R","B"],"character_chosen":"IRONCLAD","items_purchased":[],"campfire_rested":1,"item_purchase_floors":[],"current_hp_per_floor":[78,58,58,58,64,70,70,54,54,51,51,51,51,33,57,0,0],"gold":99,"neow_bonus":"THREE_ENEMY_KILL","is_daily":false,"chose_seed":false,"campfire_upgraded":1,"win_rate":0.0,"timestamp":1611801978,"path_taken":["M","?","?","?","?","E","?","?","T","M","R","?","$","E","R","BOSS"],"items_purchased_type":[],"build_version":"2020-12-22","purchased_purges":3,"victory":false,"max_hp_per_floor":[80,80,80,80,80,80,80,80,80,80,80,80,80,80,80,80,80],"card_choices":[{"not_picked":["Power Through","Fire Breathing","Rampage"],"picked":"SKIP","floor":1},{"not_picked":["Iron Wave","Flex","Havoc"],"picked":"SKIP","floor":5},{"not_picked":["Immolate","Pummel"],"picked":"Warcry","floor":6},{"not_picked":["Anger","Twin Strike"],"picked":"True Grit","floor":10},{"not_picked":["Twin Strike","Havoc"],"picked":"Disarm","floor":14}],"player_experience":393217,"relics_obtained":[{"floor":6,"key":"Smiling Mask"},{"floor":7,"key":"Art of War"},{"floor":9,"key":"Lantern"},{"floor":14,"key":"Oddly Smooth Stone"}],"event_choices":[{"damage_healed":0,"gold_gain":0,"player_choice":"Take Damage","damage_taken":20,"relics_obtained":["Golden Idol"],"max_hp_gain":0,"max_hp_loss":0,"event_name":"Golden Idol","floor":2,"gold_loss":0},{"damage_healed":0,"gold_gain":0,"player_choice":"Box","damage_taken":0,"relics_obtained":["Omamori"],"max_hp_gain":0,"max_hp_loss":0,"event_name":"Big Fish","floor":3,"gold_loss":0,"cards_obtained":["Regret"]},{"damage_healed":0,"gold_gain":0,"player_choice":"Entered Light","damage_taken":16,"max_hp_gain":0,"max_hp_loss":0,"event_name":"Shining Light","floor":8,"gold_loss":0,"cards_upgraded":["Strike_R","Strike_R"]}],"is_beta":false,"boss_relics":[],"items_purged_floors":[4,12,13],"is_endless":false,"potions_floor_spawned":[1,6],"killed_by":"Hexaghost","ascension_level":6}}