{"host":"97gqqvl04geh4ia8","time":1611818323,"event":{"mods":["BaseMod","Curses Come First","Downfall","Minty Spire (QoL Compilation)","Robot Space Explorer","Say the Spire","StSLib","TestMod","UnlockEverythingMod","[IsaacMod]以撒尖塔"],"gold_per_floor":[99,99,99,112,128,128,128,128,141,141,160,189,89,158,175,279,279,179,199,199,216,270,281,281,48,48,48,447,461,461,538,555,653,653,653,668,335,345,362,247,269,288,297,306,320,345,345,345,361,361,361],"floor_reached":50,"language":"ZHS","playtime":3203,"items_purged":["Strike_G","Strike_G"],"score":601,"play_id":"ac64b925-1787-45e1-b124-aa5c0ff33512","local_time":"20210128151843","is_ascension_mode":false,"campfire_choices":[{"data":"Neutralize","floor":1,"key":"SMITH"},{"data":"Noxious Fumes","floor":8,"key":"SMITH"},{"data":"Dagger Spray","floor":10,"key":"SMITH"},{"floor":13,"key":"RECALL"},{"data":"Adrenaline","floor":18,"key":"SMITH"},{"data":"Backflip","floor":27,"key":"SMITH"},{"data":"Survivor","floor":35,"key":"SMITH"},{"floor":47,"key":"REST"}],"circlet_count":0,"master_deck":["Defend_G","Defend_G+1","Defend_G","Defend_G+1","Defend_G","Survivor+1","Neutralize+1","Noxious Fumes+1","Dagger Spray+1","Adrenaline+1","Footwork+1","Backflip+1"],"relics":["BookofShadows","testmod-IntensifyImprint","bronze:MakeshiftBattery","testmod-ConstraintPeriapt","Lantern","InkBottle","DeathBook","downfall:HeartBlessingGreen","Empty Cage","downfall:HeartBlessingRed","Ninja Scroll","testmod-Charity","Enchiridion","Bottled Tornado","testmod-DeterminationOfClimber","Dream Catcher","SharpPlug","War Paint"],"acts_visited":["Exordium","TheCity","TheBeyond"],"potions_floor_usage":[20,50,50,50],"damage_taken":[{"damage":0,"enemies":"2 Louse","floor":4,"turns":3},{"damage":1,"enemies":"Jaw Worm","floor":5,"turns":3},{"damage":0,"enemies":"Cultist","floor":9,"turns":3},{"damage":0,"enemies":"2 Fungi Beasts","floor":11,"turns":3},{"damage":7,"enemies":"3 Sentries","floor":12,"turns":3},{"damage":4,"enemies":"Lots of Slimes","floor":15,"turns":2},{"damage":15,"enemies":"Hexaghost","floor":16,"turns":9},{"damage":0,"enemies":"3 Byrds","floor":19,"turns":2},{"damage":0,"enemies":"Spheric Guardian","floor":21,"turns":3},{"damage":15,"enemies":"Snake Plant","floor":23,"turns":5},{"damage":0,"enemies":"downfall:FleeingMerchant","floor":25,"turns":4},{"damage":0,"enemies":"3 Cultists","floor":29,"turns":2},{"damage":7,"enemies":"Sentry and Sphere","floor":32,"turns":4},{"damage":13,"enemies":"SI_MIRROR_ARCHETYPE","floor":33,"turns":10},{"damage":0,"enemies":"Orb Walker","floor":36,"turns":2},{"damage":0,"enemies":"3 Shapes","floor":38,"turns":1},{"damage":12,"enemies":"Maw","floor":39,"turns":7},{"damage":0,"enemies":"downfall:FleeingMerchant","floor":40,"turns":4},{"damage":0,"enemies":"3 Darklings","floor":42,"turns":1},{"damage":0,"enemies":"4 Shapes","floor":43,"turns":1},{"damage":0,"enemies":"Sphere and 2 Shapes","floor":44,"turns":2},{"damage":0,"enemies":"Writhing Mass","floor":45,"turns":3},{"damage":0,"enemies":"Reptomancer","floor":46,"turns":1},{"damage":0,"enemies":"4 Shapes","floor":49,"turns":1},{"damage":163,"enemies":"WA_ARCHETYPE_DIVINITY","floor":50,"turns":5}],"seed_played":"1986689044108018446","potions_obtained":[{"floor":9,"key":"CultistPotion"},{"floor":11,"key":"Fire Potion"},{"floor":16,"key":"Fruit Juice"},{"floor":21,"key":"FearPotion"},{"floor":30,"key":"CultistPotion"}],"is_trial":false,"path_per_floor":["R","?","T","M","M","?","T","R","M","R","M","E","R","?","M","B",null,"R","M","?","M","?","M","T","$","?","R","?","M","?","T","M","B",null,"R","M","?","M","M","$","T","M","M","M","M","E","R","T","M","B"],"character_chosen":"THE_SILENT","items_purchased":["testmod-Charity"],"campfire_rested":1,"item_purchase_floors":[25],"current_hp_per_floor":[70,70,70,70,70,70,70,70,70,70,70,65,65,50,46,39,70,70,70,75,75,60,49,49,53,37,37,38,41,41,42,38,41,80,80,84,95,98,92,107,108,115,119,124,133,140,140,140,144,0,0],"gold":361,"neow_bonus":"BOSS_RELIC","is_daily":false,"chose_seed":false,"campfire_upgraded":6,"win_rate":0.0,"timestamp":1611818323,"path_taken":["R","?","?","M","M","?","T","R","?","R","M","E","R","?","M","BOSS","R","M","?","M","?","M","T","?","?","R","?","?","?","?","M","BOSS","R","M","?","M","M","$","T","M","M","?","M","E","R","?","M","BOSS"],"items_purchased_type":["Relic"],"build_version":"2020-12-22","purchased_purges":2,"victory":false,"max_hp_per_floor":[70,70,70,70,70,70,70,70,70,70,70,70,70,70,70,70,70,70,70,75,75,75,75,75,75,75,75,76,77,77,78,79,80,80,80,84,95,98,103,108,109,115,119,124,133,140,140,140,144,151,151],"card_choices":[{"not_picked":["Bane","Eviscerate","Tactician"],"picked":"SKIP","floor":4},{"not_picked":["Bouncing Flask","Backstab"],"picked":"Noxious Fumes","floor":5},{"not_picked":["Distraction","Reflex"],"picked":"Dagger Spray","floor":9},{"not_picked":["Cloak And Dagger","Bane","Accuracy"],"picked":"SKIP","floor":11},{"not_picked":["Die Die Die","Quick Slash","Calculated Gamble"],"picked":"SKIP","floor":12},{"not_picked":["PiercingWail","Concentrate"],"picked":"Bomb","floor":15},{"not_picked":["Doppelganger","Storm of Steel"],"picked":"Adrenaline","floor":16},{"not_picked":["Sucker Punch","Underhanded Strike"],"picked":"Footwork+1","floor":19},{"not_picked":["Flying Knee","Slice+1","Underhanded Strike+1"],"picked":"SKIP","floor":21},{"not_picked":["Endless Agony","Flying Knee+1","Calculated Gamble"],"picked":"SKIP","floor":23},{"not_picked":["Doppelganger","Cloak And Dagger"],"picked":"Backflip","floor":25},{"not_picked":["Blade Dance","Dodge and Roll","Flying Knee+1"],"picked":"SKIP","floor":29},{"not_picked":["Deflect","Sucker Punch","Deadly Poison"],"picked":"SKIP","floor":32},{"not_picked":["Acrobatics","Distraction+1","Bane+1"],"picked":"SKIP","floor":36},{"not_picked":["Predator","Backflip","Tactician+1"],"picked":"SKIP","floor":38},{"not_picked":["All Out Attack+1","Concentrate","Slice+1"],"picked":"SKIP","floor":39},{"not_picked":["Bane+1","Poisoned Stab+1","Dagger Throw+1"],"picked":"SKIP","floor":40},{"not_picked":["Endless Agony","Deflect","Flying Knee"],"picked":"SKIP","floor":42},{"not_picked":["Quick Slash","Distraction+1","Flying Knee+1"],"picked":"SKIP","floor":43},{"not_picked":["Flying Knee","Underhanded Strike","Acrobatics+1"],"picked":"SKIP","floor":44},{"not_picked":["Blade Dance","Escape Plan","Footwork+1"],"picked":"SKIP","floor":45},{"not_picked":["Reflex","Phantasmal Killer","Deadly Poison+1"],"picked":"SKIP","floor":46},{"not_picked":["Poisoned Stab","Backflip+1","Quick Slash"],"picked":"SKIP","floor":49}],"player_experience":16458,"relics_obtained":[{"floor":3,"key":"testmod-ConstraintPeriapt"},{"floor":7,"key":"InkBottle"},{"floor":12,"key":"DeathBook"},{"floor":24,"key":"Ninja Scroll"},{"floor":26,"key":"Enchiridion"},{"floor":31,"key":"Bottled Tornado"},{"floor":41,"key":"Dream Catcher"},{"floor":46,"key":"SharpPlug"},{"floor":48,"key":"War Paint"}],"event_choices":[{"cards_removed":["Strike_G"],"damage_healed":0,"gold_gain":0,"player_choice":"Card Removal","damage_taken":7,"max_hp_gain":0,"max_hp_loss":0,"event_name":"Golden Wing","floor":2,"gold_loss":0},{"damage_healed":0,"gold_gain":0,"player_choice":"Swap Relic","damage_taken":0,"relics_obtained":["Lantern"],"max_hp_gain":0,"max_hp_loss":0,"event_name":"给自己的盒子","floor":6,"relics_lost":["testmod-TestBox"],"gold_loss":0},{"damage_healed":0,"gold_gain":400,"player_choice":"Sell","damage_taken":0,"max_hp_gain":0,"max_hp_loss":0,"event_name":"恩洛斯的盘子","floor":28,"relics_lost":["HushsDoor"],"gold_loss":0}],"is_beta":false,"boss_relics":[{"not_picked":["HoveringKite","testmod-EnergyCheck"],"picked":"Empty Cage"},{"not_picked":[]},{"not_picked":["Cursed Key","testmod-IncinerationGenerator"],"picked":"testmod-DeterminationOfClimber"}],"items_purged_floors":[25,40],"is_endless":false,"potions_floor_spawned":[9,11,16,19,21,29,33,36,42,44,45,46],"killed_by":"WA_ARCHETYPE_DIVINITY","ascension_level":0}}