{"host":"fv4u04bzswzfg5qa","time":1611810145,"event":{"mods":["BaseMod","Colored Map","Colored Powertips","Highlight Path","Minty Spire (QoL Compilation)","StSLib","Synergy Search"],"gold_per_floor":[114,125,86,86,103,103,128,128,174,207,217,230,230,244,244,244,244],"floor_reached":16,"language":"ENG","playtime":1885,"items_purged":[],"score":118,"play_id":"5ec6e287-a480-4c77-86dd-aef4a4553f2a","local_time":"20210128000225","is_ascension_mode":true,"campfire_choices":[{"data":"Eruption","floor":6.0,"key":"SMITH"},{"data":"Adaptation","floor":8.0,"key":"SMITH"},{"floor":13,"key":"REST"},{"data":"Establishment","floor":15,"key":"SMITH"}],"circlet_count":0,"master_deck":["Strike_P","Strike_P","Strike_P","Strike_P","Defend_P","Defend_P","Defend_P","Defend_P","Eruption+1","Vigilance","EmptyBody","Vengeance","Adaptation+1","FlurryOfBlows","Tantrum","Establishment+1","Swivel","BowlingBash","Protect"],"relics":["PureWater","NeowsBlessing","Lantern","Smiling Mask","HornCleat"],"acts_visited":[],"potions_floor_usage":[12,16,16,16],"damage_taken":[{"damage":0.0,"enemies":"2 Louse","floor":1.0,"turns":1.0},{"damage":0.0,"enemies":"Cultist","floor":2.0,"turns":1.0},{"damage":0.0,"enemies":"Small Slimes","floor":5.0,"turns":1.0},{"damage":11.0,"enemies":"Lagavulin","floor":7.0,"turns":5.0},{"damage":14.0,"enemies":"3 Sentries","floor":10.0,"turns":7.0},{"damage":13.0,"enemies":"3 Louse","floor":11.0,"turns":4.0},{"damage":0,"enemies":"Lots of Slimes","floor":12,"turns":4},{"damage":0,"enemies":"Gremlin Gang","floor":14,"turns":4},{"damage":61,"enemies":"The Guardian","floor":16,"turns":9}],"seed_played":"367140033133365692","potions_obtained":[{"floor":5.0,"key":"Weak Potion"},{"floor":10.0,"key":"SteroidPotion"},{"floor":11.0,"key":"DuplicationPotion"},{"floor":12,"key":"Swift Potion"}],"is_trial":false,"path_per_floor":["M","M","$","?","M","R","E","R","T","E","M","M","R","M","R","B"],"character_chosen":"WATCHER","items_purchased":["Adaptation"],"campfire_rested":1,"item_purchase_floors":[3],"current_hp_per_floor":[72,72,72,65,65,65,54,54,54,40,27,27,48,48,48,0,0],"gold":244,"neow_bonus":"THREE_ENEMY_KILL","is_daily":false,"chose_seed":false,"campfire_upgraded":3,"win_rate":0.0,"timestamp":1611810145,"path_taken":["M","M","$","?","M","R","E","R","T","E","?","M","R","M","R","BOSS"],"items_purchased_type":["Card"],"build_version":"2020-12-22","purchased_purges":0,"victory":false,"max_hp_per_floor":[72,72,72,72,72,72,72,72,72,72,72,72,72,72,72,72,72],"card_choices":[{"not_picked":["ClearTheMind","SashWhip"],"picked":"EmptyBody","floor":1.0},{"not_picked":["PathToVictory","ClearTheMind"],"picked":"Vengeance","floor":2.0},{"not_picked":["PathToVictory","Worship"],"picked":"FlurryOfBlows","floor":5.0},{"not_picked":["SashWhip","Indignation"],"picked":"Tantrum","floor":7.0},{"not_picked":["LikeWater","Swivel"],"picked":"Establishment","floor":10.0},{"not_picked":["Evaluate","SashWhip"],"picked":"Swivel","floor":11.0},{"not_picked":["CrushJoints","PathToVictory"],"picked":"BowlingBash","floor":12},{"not_picked":["PathToVictory","Evaluate"],"picked":"Protect","floor":14}],"player_experience":208795,"relics_obtained":[{"floor":7.0,"key":"Lantern"},{"floor":9.0,"key":"Smiling Mask"},{"floor":10.0,"key":"HornCleat"}],"event_choices":[{"damage_healed":0.0,"max_hp_gain":0.0,"max_hp_loss":0.0,"gold_gain":0.0,"event_name":"Wheel of Change","player_choice":"Damaged","floor":4.0,"gold_loss":0.0,"damage_taken":7.0}],"is_beta":false,"boss_relics":[],"items_purged_floors":[],"is_endless":false,"potions_floor_spawned":[5,10,11,12],"killed_by":"The Guardian","ascension_level":1}}