{"host":"neeznpvpgo0qgfkd","time":1611796223,"event":{"mods":["AchievementEnabler","BaseMod","BetterRewards","Colored Map","Colored Powertips","Exacting","Minty Spire (QoL Compilation)","Permanent Neow","Quick Restart","Shop Mod"],"gold_per_floor":[130,130,130,142,159,194,194,224,224,301,301,334,356,383,395,498,510,533,563,592,158,175,204,238,238,265,275,190,190,225,235,235,235,235],"floor_reached":33,"language":"ENG","playtime":1687,"items_purged":["Defend_G"],"score":719,"play_id":"cf239f04-004a-4d3d-bec6-dcc5b0b10dc4","local_time":"20210127201023","is_ascension_mode":true,"campfire_choices":[{"floor":11.0,"key":"REST"},{"floor":15.0,"key":"REST"},{"floor":29,"key":"REST"},{"floor":32,"key":"REST"}],"circlet_count":0,"master_deck":["AscendersBane","Strike_G","Strike_G","Strike_G","Strike_G","Defend_G","Defend_G","Defend_G","Defend_G","Survivor","Neutralize","Accuracy","Dagger Spray","Leg Sweep","Cloak And Dagger","Underhanded Strike","Cloak And Dagger","Flying Knee+1","Die Die Die+1","Backstab+1","Dash+1","Burst","Blade Dance","Dodge and Roll","Blade Dance+1","Infinite Blades","All Out Attack+1","Infinite Blades","Riddle With Holes+1","Decay","Dash+1"],"relics":["Ring of the Snake","StrikeDummy","MealTicket","TungstenRod","White Beast Statue","CultistMask","Molten Egg 2","Darkstone Periapt","MawBank","Cursed Key","Sling","Regal Pillow","Unceasing Top","The Courier","Happy Flower"],"acts_visited":["TheCity"],"potions_floor_usage":[27,33],"damage_taken":[{"damage":2.0,"enemies":"2 Louse","floor":1.0,"turns":3.0},{"damage":2.0,"enemies":"Small Slimes","floor":4.0,"turns":2.0},{"damage":0.0,"enemies":"Cultist","floor":5.0,"turns":3.0},{"damage":22.0,"enemies":"Gremlin Nob","floor":6.0,"turns":4.0},{"damage":14.0,"enemies":"3 Sentries","floor":8.0,"turns":8.0},{"damage":12.0,"enemies":"Lots of Slimes","floor":10.0,"turns":5.0},{"damage":21.0,"enemies":"Gremlin Nob","floor":12.0,"turns":5.0},{"damage":0.0,"enemies":"Large Slime","floor":13.0,"turns":4.0},{"damage":0.0,"enemies":"Exordium Wildlife","floor":14.0,"turns":2.0},{"damage":27.0,"enemies":"Slime Boss","floor":16.0,"turns":9.0},{"damage":0.0,"enemies":"Spheric Guardian","floor":18.0,"turns":3.0},{"damage":11.0,"enemies":"Shell Parasite","floor":19.0,"turns":4.0},{"damage":2.0,"enemies":"Snecko","floor":20.0,"turns":4.0},{"damage":9.0,"enemies":"3 Cultists","floor":22.0,"turns":5.0},{"damage":27.0,"enemies":"Slavers","floor":23.0,"turns":3.0},{"damage":16.0,"enemies":"Snake Plant","floor":24.0,"turns":4.0},{"damage":8,"enemies":"Centurion and Healer","floor":27,"turns":5},{"damage":13,"enemies":"Book of Stabbing","floor":30,"turns":4},{"damage":4,"enemies":"Shelled Parasite and Fungi","floor":31,"turns":3},{"damage":85,"enemies":"Automaton","floor":33,"turns":6}],"seed_played":"-5658954658057322768","potions_obtained":[{"floor":4.0,"key":"AttackPotion"},{"floor":6.0,"key":"PowerPotion"},{"floor":8.0,"key":"SpeedPotion"},{"floor":10.0,"key":"CunningPotion"},{"floor":12.0,"key":"Ancient Potion"},{"floor":13.0,"key":"SpeedPotion"},{"floor":14.0,"key":"FairyPotion"},{"floor":16.0,"key":"Poison Potion"},{"floor":20.0,"key":"CultistPotion"},{"floor":27,"key":"AttackPotion"}],"is_trial":false,"path_per_floor":["M","?","$","M","M","E","?","E","T","M","R","E","M","M","R","B",null,"M","M","M","$","M","E","M","?","T","M","?","R","E","M","R","B"],"character_chosen":"THE_SILENT","items_purchased":["StrikeDummy","MealTicket","Accuracy","Infinite Blades","Sling","Regal Pillow"],"campfire_rested":4,"item_purchase_floors":[0,0,0,21,21,21],"current_hp_per_floor":[57,39,54,52,52,30,30,16,16,4,23,2,2,2,21,19,54,54,43,41,56,47,22,6,6,12,4,4,41,28,35,72,0,0],"gold":235,"neow_bonus":"","is_daily":false,"chose_seed":false,"campfire_upgraded":0,"win_rate":0.0,"timestamp":1611796223,"path_taken":["M","?","$","M","M","E","?","E","T","M","R","E","M","M","R","BOSS","M","M","M","$","M","E","M","?","T","?","?","R","E","M","R","BOSS"],"items_purchased_type":["Relic","Relic","Card","Card","Relic","Relic"],"build_version":"2020-12-22","purchased_purges":1,"victory":false,"max_hp_per_floor":[66,66,66,66,66,66,66,66,66,66,66,66,66,66,66,66,66,66,66,66,66,66,68,68,68,74,74,74,74,74,74,74,74,74],"card_choices":[{"not_picked":["Reflex","Deflect"],"picked":"Dagger Spray","floor":1.0},{"not_picked":["Backflip","PiercingWail"],"picked":"Leg Sweep","floor":4.0},{"not_picked":["Deadly Poison","Leg Sweep"],"picked":"Cloak And Dagger","floor":5.0},{"not_picked":["Acrobatics","Eviscerate"],"picked":"Underhanded Strike","floor":6.0},{"not_picked":["Crippling Poison","Slice+1"],"picked":"Cloak And Dagger","floor":8.0},{"not_picked":["Dagger Throw+1","Poisoned Stab+1"],"picked":"Flying Knee+1","floor":10.0},{"not_picked":["Footwork","PiercingWail"],"picked":"Die Die Die+1","floor":12.0},{"not_picked":["Deadly Poison","Skewer+1"],"picked":"Backstab+1","floor":13.0},{"not_picked":["Skewer+1","Tactician"],"picked":"Dash+1","floor":14.0},{"not_picked":["Malaise","Unload+1"],"picked":"Burst","floor":16.0},{"not_picked":["Dodge and Roll","Deadly Poison+1"],"picked":"Blade Dance","floor":18.0},{"not_picked":["PiercingWail","Reflex"],"picked":"Dodge and Roll","floor":19.0},{"not_picked":["PiercingWail+1","Bullet Time"],"picked":"Blade Dance+1","floor":20.0},{"not_picked":["Leg Sweep","Outmaneuver+1"],"picked":"All Out Attack+1","floor":22.0},{"not_picked":["Dash+1","Flying Knee+1"],"picked":"Infinite Blades","floor":23.0},{"not_picked":["Acrobatics","Outmaneuver"],"picked":"Riddle With Holes+1","floor":24.0},{"not_picked":["Choke+1","Dagger Throw+1","Flechettes+1"],"picked":"SKIP","floor":27},{"not_picked":["PiercingWail","Skewer+1"],"picked":"Dash+1","floor":30},{"not_picked":["Slice+1","Prepared","Deflect"],"picked":"SKIP","floor":31}],"player_experience":1933448,"relics_obtained":[{"floor":6.0,"key":"White Beast Statue"},{"floor":8.0,"key":"Molten Egg 2"},{"floor":9.0,"key":"Darkstone Periapt"},{"floor":12.0,"key":"MawBank"},{"floor":23.0,"key":"Unceasing Top"},{"floor":30,"key":"Happy Flower"}],"event_choices":[{"damage_healed":0.0,"max_hp_gain":0.0,"max_hp_loss":0.0,"gold_gain":0.0,"event_name":"Scrap Ooze","player_choice":"Success","floor":2.0,"gold_loss":0.0,"damage_taken":18.0,"relics_obtained":["TungstenRod"]},{"damage_healed":0.0,"max_hp_gain":0.0,"max_hp_loss":0.0,"gold_gain":0.0,"event_name":"FaceTrader","player_choice":"Trade","floor":7.0,"gold_loss":0.0,"damage_taken":0.0,"relics_obtained":["CultistMask"]},{"cards_removed":["Strike_G"],"damage_healed":0.0,"max_hp_gain":0.0,"max_hp_loss":0.0,"gold_gain":0.0,"event_name":"Purifier","player_choice":"Purged","floor":25.0,"gold_loss":0.0,"damage_taken":0.0},{"damage_healed":0,"gold_gain":0,"player_choice":"Obtained Relic","damage_taken":0,"relics_obtained":["The Courier"],"max_hp_gain":0,"max_hp_loss":0,"event_name":"Addict","floor":28,"gold_loss":85}],"is_beta":false,"boss_relics":[{"not_picked":["Tiny House","Astrolabe"],"picked":"Cursed Key"}],"items_purged_floors":[21],"is_endless":false,"potions_floor_spawned":[4,6,8,10,12,13,14,16,18,19,20,22,23,24,27,30,31],"killed_by":"Automaton","ascension_level":15}}