{"host":"11728qvdvolffudn","time":1611843836,"event":{"mods":["BaseMod","Block Reminder","Colored Powertips","Curses Come First","Custom Start","Displayed Cursed Tome","Highlight Path","Minty Spire (QoL Compilation)","Permanent Neow","Quick Restart","Rare Cards Sparkle","Relic Stats","StSLib"],"gold_per_floor":[116,132,132,132,48,48,66,66,66,80,355,234,270,285,285,285,285],"floor_reached":16,"language":"ENG","playtime":922,"items_purged":["Regret"],"score":100,"play_id":"68fe9bec-ad75-481c-8069-7bf00b4a6c0e","local_time":"20210128142356","is_ascension_mode":false,"campfire_choices":[{"data":"Infernal Blade","floor":6,"key":"SMITH"},{"data":"Good Instincts","floor":8,"key":"SMITH"},{"floor":15,"key":"REST"}],"circlet_count":0,"master_deck":["Strike_R","Strike_R","Strike_R","Strike_R","Strike_R","Defend_R","Defend_R+1","Defend_R","Defend_R+1","Bash","Infernal Blade+1","Good Instincts+1","Iron Wave","Iron Wave"],"relics":["Burning Blood","Nunchaku","Golden Idol","Ancient Tea Set","Orichalcum"],"acts_visited":["Exordium"],"potions_floor_usage":[7,16],"damage_taken":[{"damage":0,"enemies":"2 Louse","floor":1,"turns":3},{"damage":9,"enemies":"Small Slimes","floor":2,"turns":5},{"damage":0,"enemies":"Jaw Worm","floor":7,"turns":3},{"damage":23,"enemies":"Exordium Thugs","floor":10,"turns":8},{"damage":26,"enemies":"Lagavulin","floor":13,"turns":10},{"damage":2,"enemies":"Looter","floor":14,"turns":3},{"damage":39,"enemies":"Slime Boss","floor":16,"turns":8}],"seed_played":"5940518880931265033","potions_obtained":[{"floor":1,"key":"Block Potion"},{"floor":13,"key":"ElixirPotion"},{"floor":14,"key":"Strength Potion"}],"is_trial":false,"path_per_floor":["M","M","?","?","$","R","M","R","T","M","?","$","E","M","R","B"],"character_chosen":"IRONCLAD","items_purchased":["Good Instincts","Iron Wave"],"campfire_rested":1,"item_purchase_floors":[5,12],"current_hp_per_floor":[80,77,57,41,41,41,47,47,47,30,30,30,10,14,38,0,0],"gold":285,"neow_bonus":"RANDOM_COMMON_RELIC","is_daily":false,"chose_seed":false,"campfire_upgraded":2,"win_rate":0.0,"timestamp":1611843836,"path_taken":["M","M","?","?","?","R","?","R","T","M","?","$","E","M","R","BOSS"],"items_purchased_type":["Card","Card"],"build_version":"2020-12-22","purchased_purges":1,"victory":false,"max_hp_per_floor":[80,80,80,80,80,80,80,80,80,80,80,80,80,80,80,80,80],"relic_stats":{"Nunchaku":[6],"counters":[7,40],"Golden Idol":17,"Orichalcum":[18],"obtain_stats":[{"Nunchaku":0,"Golden Idol":3,"Orichalcum":13,"Ancient Tea Set":9,"Burning Blood":0},{"Nunchaku":0,"Golden Idol":2,"Orichalcum":5,"Ancient Tea Set":3,"Burning Blood":0},{"Nunchaku":0,"Golden Idol":8,"Orichalcum":29,"Ancient Tea Set":11,"Burning Blood":0}],"Burning Blood":30},"card_choices":[{"not_picked":["Entrench","Second Wind","Armaments"],"picked":"SKIP","floor":1},{"not_picked":["Shockwave","Shrug It Off"],"picked":"Infernal Blade","floor":2},{"not_picked":["Heavy Blade","Flame Barrier","Twin Strike"],"picked":"SKIP","floor":7},{"not_picked":["Warcry","Clash","True Grit"],"picked":"SKIP","floor":10},{"not_picked":["Heavy Blade","Uppercut","Dual Wield"],"picked":"SKIP","floor":13},{"not_picked":["Ghostly Armor","Juggernaut"],"picked":"Iron Wave","floor":14}],"player_experience":155863,"relics_obtained":[{"floor":9,"key":"Ancient Tea Set"},{"floor":13,"key":"Orichalcum"}],"event_choices":[{"damage_healed":0,"gold_gain":0,"player_choice":"Take Damage","damage_taken":20,"relics_obtained":["Golden Idol"],"max_hp_gain":0,"max_hp_loss":0,"event_name":"Golden Idol","floor":3,"gold_loss":0},{"damage_healed":0,"gold_gain":0,"player_choice":"Entered Light","damage_taken":16,"max_hp_gain":0,"max_hp_loss":0,"event_name":"Shining Light","floor":4,"gold_loss":0,"cards_upgraded":["Defend_R","Defend_R"]},{"damage_healed":0,"gold_gain":275,"player_choice":"Desecrate","damage_taken":0,"max_hp_gain":0,"max_hp_loss":0,"event_name":"Golden Shrine","floor":11,"gold_loss":0,"cards_obtained":["Regret"]}],"is_beta":false,"boss_relics":[],"items_purged_floors":[12],"is_endless":false,"potions_floor_spawned":[1,13,14],"killed_by":"Slime Boss","ascension_level":0}}