{"host":"c3lc60y5x60jlt1y","time":1611872677,"event":{"mods":["AchievementEnabler","BaseMod","Bestiary","Colored Map","Minty Spire (QoL Compilation)","Quick Restart","StSLib","ojb\u0027s Info Mod"],"gold_per_floor":[112,112,128,128,142,142,157,157,157,157,44,73,73,83,83,83,83],"floor_reached":16,"language":"ENG","playtime":409,"items_purged":[],"score":125,"play_id":"c8d1461f-05a8-434a-93cf-d89d34767190","local_time":"20210129002437","is_ascension_mode":false,"campfire_choices":[{"data":"Eruption","floor":6,"key":"SMITH"},{"data":"PathToVictory","floor":8,"key":"SMITH"},{"data":"PathToVictory","floor":10,"key":"SMITH"},{"floor":15,"key":"REST"}],"circlet_count":0,"master_deck":["Strike_P","Strike_P","Strike_P","Strike_P","Defend_P","Defend_P","Defend_P","Defend_P","Eruption+1","Vigilance","PathToVictory+1","PathToVictory+1","CarveReality","Tantrum","Wallop","EmptyBody"],"relics":["PureWater","Centennial Puzzle"],"acts_visited":["Exordium"],"potions_floor_usage":[12],"damage_taken":[{"damage":10,"enemies":"Small Slimes","floor":1,"turns":5},{"damage":3,"enemies":"Jaw Worm","floor":3,"turns":4},{"damage":1,"enemies":"2 Louse","floor":5,"turns":3},{"damage":7,"enemies":"Blue Slaver","floor":7,"turns":4},{"damage":0,"enemies":"Gremlin Nob","floor":12,"turns":2},{"damage":5,"enemies":"Exordium Wildlife","floor":14,"turns":2},{"damage":0,"enemies":"Hexaghost","floor":16,"turns":1}],"seed_played":"-4628062560309889115","potions_obtained":[{"floor":3,"key":"SteroidPotion"},{"floor":5,"key":"FearPotion"},{"floor":14,"key":"Dexterity Potion"}],"is_trial":false,"path_per_floor":["M","?","M","?","M","R","M","R","T","R","$","E","?","M","R","B"],"character_chosen":"WATCHER","items_purchased":["Tantrum","Wallop"],"campfire_rested":1,"item_purchase_floors":[11,11],"current_hp_per_floor":[69,74,71,71,70,70,63,63,63,63,63,63,63,58,83,83,83],"gold":83,"neow_bonus":"TEN_PERCENT_HP_BONUS","is_daily":false,"chose_seed":false,"campfire_upgraded":3,"win_rate":0.0,"timestamp":1611872677,"path_taken":["M","?","M","?","M","R","M","R","T","R","$","E","?","M","R","BOSS"],"items_purchased_type":["Card","Card"],"build_version":"2020-12-22","purchased_purges":0,"victory":false,"max_hp_per_floor":[79,84,84,84,84,84,84,84,84,84,84,84,84,84,84,84,84],"card_choices":[{"not_picked":["FlyingSleeves","Wireheading"],"picked":"PathToVictory","floor":1},{"not_picked":["Collect","CrushJoints","ClearTheMind"],"picked":"SKIP","floor":3},{"not_picked":["ForeignInfluence","EmptyFist"],"picked":"PathToVictory","floor":5},{"not_picked":["JustLucky","Consecrate"],"picked":"CarveReality","floor":7},{"not_picked":["SashWhip","WindmillStrike","Sanctity"],"picked":"SKIP","floor":12},{"not_picked":["JustLucky","Halt"],"picked":"EmptyBody","floor":14}],"player_experience":8747582,"relics_obtained":[{"floor":12,"key":"Centennial Puzzle"}],"event_choices":[{"damage_healed":0,"gold_gain":0,"player_choice":"Donut","damage_taken":0,"max_hp_gain":5,"max_hp_loss":0,"event_name":"Big Fish","floor":2,"gold_loss":0},{"damage_healed":0,"gold_gain":0,"player_choice":"Ignored","damage_taken":0,"max_hp_gain":0,"max_hp_loss":0,"event_name":"Golden Idol","floor":4,"gold_loss":0},{"damage_healed":0,"gold_gain":0,"player_choice":"Searched \u00270\u0027 times","damage_taken":0,"max_hp_gain":0,"max_hp_loss":0,"event_name":"Dead Adventurer","floor":13,"gold_loss":0}],"is_beta":false,"boss_relics":[],"items_purged_floors":[],"is_endless":false,"potions_floor_spawned":[3,5,14],"killed_by":"Hexaghost","ascension_level":0}}