{"host":"mlerl2sxhcwd6xvy","time":1611801116,"event":{"mods":["BaseMod","Downfall","Minty Spire (QoL Compilation)","StSLib"],"gold_per_floor":[113,127,138,18,18,18,46,46,46,46,61,72,102,177,177,275,275,288,288,305,305,317,317,328,655,655,666,283,198,198,213,213,308,308,321,335,385,405,405,438,438,454,501,501,501],"floor_reached":44,"language":"ENG","playtime":2373,"items_purged":["Strike_P"],"score":572,"play_id":"613c1b2a-2e99-41d9-949a-6a7d200d1e9d","local_time":"20210127213156","is_ascension_mode":true,"campfire_choices":[{"data":"Eruption","floor":6,"key":"SMITH"},{"data":"1","floor":8,"key":"LIFT"},{"data":"2","floor":10,"key":"LIFT"},{"data":"EmptyFist","floor":15,"key":"SMITH"},{"data":"Ragnarok","floor":23,"key":"SMITH"},{"floor":30,"key":"REST"},{"data":"Ragnarok","floor":32,"key":"SMITH"},{"floor":41,"key":"REST"}],"circlet_count":0,"master_deck":["Strike_P","Strike_P","Strike_P","Defend_P","Defend_P","Defend_P","Defend_P","Eruption+1","Vigilance","EmptyFist+1","Evaluate","FearNoEvil","ReachHeaven","DevaForm","FlurryOfBlows","ThirdEye","CutThroughFate","Ragnarok+1","MentalFortress","Protect","FollowUp","Blasphemy","FollowUp","CutThroughFate+1","Ragnarok+1","BowlingBash","Scrawl","Indignation","WheelKick","Clumsy","downfall:Haunted"],"relics":["SacredBark","downfall:ExtraCursedKey","Girya","Gremlin Horn","Black Star","Slimebound:StickyStick","Old Coin","Nunchaku","Regal Pillow","Centennial Puzzle","Snecko Eye","Bird Faced Urn","Art of War","Lizard Tail","Boot"],"acts_visited":["Exordium","TheCity","TheBeyond"],"potions_floor_usage":[2,7,13,16,25,33,33,40],"damage_taken":[{"damage":0,"enemies":"Cultist","floor":1,"turns":4},{"damage":0,"enemies":"Jaw Worm","floor":2,"turns":3},{"damage":0,"enemies":"2 Louse","floor":3,"turns":4},{"damage":2,"enemies":"Lagavulin","floor":7,"turns":5},{"damage":3,"enemies":"2 Fungi Beasts","floor":11,"turns":3},{"damage":0,"enemies":"3 Louse","floor":12,"turns":1},{"damage":19,"enemies":"3 Sentries","floor":13,"turns":5},{"damage":10,"enemies":"The Guardian","floor":16,"turns":6},{"damage":5,"enemies":"3 Byrds","floor":18,"turns":3},{"damage":5,"enemies":"Shell Parasite","floor":20,"turns":2},{"damage":1,"enemies":"Cultist and Chosen","floor":22,"turns":4},{"damage":5,"enemies":"Shelled Parasite and Fungi","floor":24,"turns":3},{"damage":45,"enemies":"Slavers","floor":25,"turns":4},{"damage":0,"enemies":"Centurion and Healer","floor":27,"turns":3},{"damage":0,"enemies":"3 Cultists","floor":31,"turns":2},{"damage":0,"enemies":"Collector","floor":33,"turns":2},{"damage":7,"enemies":"3 Shapes","floor":35,"turns":2},{"damage":0,"enemies":"Orb Walker","floor":36,"turns":2},{"damage":24,"enemies":"Mind Bloom Boss Battle","floor":37,"turns":4},{"damage":0,"enemies":"3 Darklings","floor":38,"turns":1},{"damage":0,"enemies":"Reptomancer","floor":40,"turns":3},{"damage":44,"enemies":"Maw","floor":42,"turns":5},{"damage":0,"enemies":"Jaw Worm Horde","floor":44,"turns":1}],"seed_played":"1814248725560793436","potions_obtained":[{"floor":1,"key":"Fruit Juice"},{"floor":7,"key":"Swift Potion"},{"floor":12,"key":"Block Potion"},{"floor":16,"key":"Ancient Potion"},{"floor":18,"key":"Regen Potion"},{"floor":22,"key":"Swift Potion"},{"floor":25,"key":"AttackPotion"},{"floor":36,"key":"SkillPotion"},{"floor":37,"key":"Guardian:BlockOnCardUsePotion"}],"is_trial":false,"path_per_floor":["M","M","M","$","?","R","E","R","T","R","M","M","E","?","R","B",null,"M","?","M","?","M","R","M","E","T","M","$","?","R","M","R","B",null,"M","M","?","M","?","E","R","M","T","M"],"character_chosen":"WATCHER","items_purchased":["ReachHeaven","Block Potion","Ragnarok","Regal Pillow"],"campfire_rested":2,"item_purchase_floors":[4,4,28,28],"current_hp_per_floor":[72,82,82,82,82,82,80,80,80,80,77,77,58,47,47,37,82,77,77,72,72,71,71,66,48,48,48,48,48,82,82,82,82,82,75,75,51,51,51,55,82,40,40,40,40],"gold":501,"neow_bonus":"BOSS_RELIC","is_daily":false,"chose_seed":false,"campfire_upgraded":4,"win_rate":0.0,"timestamp":1611801116,"path_taken":["M","M","?","$","?","R","E","R","T","R","M","M","E","?","R","BOSS","M","?","M","?","?","R","M","E","T","M","$","?","R","M","R","BOSS","M","M","?","M","?","E","R","M","T","M"],"items_purchased_type":["Card","Potion","Card","Relic"],"build_version":"2020-12-22","purchased_purges":1,"victory":false,"max_hp_per_floor":[72,82,82,82,82,82,82,82,82,82,82,82,82,82,82,82,82,82,82,82,82,82,82,82,82,82,82,82,82,82,82,82,82,82,82,82,82,82,82,82,82,82,82,82,82],"card_choices":[{"not_picked":["LikeWater","ClearTheMind"],"picked":"EmptyFist","floor":1},{"not_picked":["LikeWater","Nirvana"],"picked":"Evaluate","floor":2},{"not_picked":["JustLucky","CrushJoints"],"picked":"FearNoEvil","floor":3},{"not_picked":["CarveReality","Alpha"],"picked":"FlurryOfBlows","floor":7},{"not_picked":["LikeWater","Protect"],"picked":"ThirdEye","floor":11},{"not_picked":["WreathOfFlame","Pray","ThirdEye"],"picked":"SKIP","floor":12},{"not_picked":["Swivel","Protect"],"picked":"CutThroughFate","floor":13},{"not_picked":["MasterReality","Establishment"],"picked":"Ragnarok","floor":16},{"not_picked":["Evaluate+1","ThirdEye"],"picked":"MentalFortress","floor":18},{"not_picked":["Evaluate","BattleHymn"],"picked":"Protect","floor":20},{"not_picked":["ClearTheMind","CutThroughFate"],"picked":"FollowUp","floor":22},{"not_picked":["LikeWater","Crescendo"],"picked":"Blasphemy","floor":24},{"not_picked":["PathToVictory","Protect"],"picked":"FollowUp","floor":25},{"not_picked":["FlyingSleeves","Vengeance+1"],"picked":"CutThroughFate+1","floor":27},{"not_picked":["WaveOfTheHand","Halt+1"],"picked":"BowlingBash","floor":31},{"not_picked":["Brilliance","DeusExMachina"],"picked":"Scrawl","floor":33},{"not_picked":["Prostrate","SashWhip"],"picked":"Indignation","floor":35},{"not_picked":["Halt","Consecrate+1"],"picked":"WheelKick","floor":36},{"not_picked":["Halt","Collect+1","PathToVictory"],"picked":"SKIP","floor":38},{"not_picked":["ClearTheMind+1","Perseverance+1","SashWhip+1"],"picked":"SKIP","floor":40},{"not_picked":["Brilliance","Sanctity","Halt"],"picked":"SKIP","floor":42}],"player_experience":224076,"relics_obtained":[{"floor":7,"key":"Girya"},{"floor":13,"key":"Gremlin Horn"},{"floor":25,"key":"Old Coin"},{"floor":25,"key":"Nunchaku"},{"floor":37,"key":"Bird Faced Urn"},{"floor":40,"key":"Art of War"},{"floor":40,"key":"Lizard Tail"},{"floor":43,"key":"Boot"}],"event_choices":[{"damage_healed":0,"gold_gain":75,"player_choice":"Gather Gold","damage_taken":11,"max_hp_gain":0,"max_hp_loss":0,"event_name":"World of Goop","floor":14,"gold_loss":0},{"damage_healed":0,"gold_gain":0,"player_choice":"Opened","damage_taken":0,"relics_obtained":["Slimebound:StickyStick"],"max_hp_gain":0,"max_hp_loss":0,"event_name":"The Mausoleum","floor":19,"gold_loss":0},{"cards_removed":["Injury"],"damage_healed":0,"gold_gain":0,"player_choice":"Removed Curses","damage_taken":0,"max_hp_gain":0,"max_hp_loss":0,"event_name":"Fountain of Cleansing","floor":21,"gold_loss":0},{"damage_healed":0,"gold_gain":0,"player_choice":"Obtained Relic","damage_taken":0,"relics_obtained":["Centennial Puzzle"],"max_hp_gain":0,"max_hp_loss":0,"event_name":"Addict","floor":29,"gold_loss":85},{"damage_healed":0,"gold_gain":0,"player_choice":"Fight","damage_taken":0,"max_hp_gain":0,"max_hp_loss":0,"event_name":"MindBloom","floor":37,"gold_loss":0},{"damage_healed":0,"gold_gain":0,"player_choice":"Ignored","damage_taken":0,"max_hp_gain":0,"max_hp_loss":0,"event_name":"Tomb of Lord Red Mask","floor":39,"gold_loss":0}],"is_beta":false,"boss_relics":[{"not_picked":["Sozu","VioletLotus"],"picked":"Black Star"},{"not_picked":["Tiny House","Philosopher\u0027s Stone"],"picked":"Snecko Eye"}],"items_purged_floors":[28],"is_endless":false,"potions_floor_spawned":[1,7,12,16,18,22,25,36,37],"killed_by":"Jaw Worm Horde","ascension_level":1}}