{"host":"fligtxqnrbjmaaid","time":1611831363,"event":{"mods":["ATMod(°¢èªMod)","AchievementEnabler","Act Like it!","BaseMod","Dota2Spire","Downfall","Hallownest","Infinite Spire","Lobotomy","Marisa£¨ìFÓê¡¡Ä§ÀíÉ³£©","Minty Spire (QoL Compilation)","Replay The Spire","StSLib","The Blackbeard","The Construct","The Cursed","The Gatherer","The Runesmith","The Senshi","[IsaacMod]ÒÔÈö¼âËþ"],"gold_per_floor":[118,131,131,95,106,137,137,157,157,131,131,147,147,247,247,348,348,366,366,366,325,343,357,357,357,382,394,414,414,414],"floor_reached":29,"language":"ZHS","playtime":1497,"items_purged":[],"score":225,"play_id":"1d71291c-0d1a-462d-b7fc-78509265f168","local_time":"20210128185603","is_ascension_mode":false,"campfire_choices":[{"data":"Feel No Pain","floor":7,"key":"SMITH"},{"data":"Power Through","floor":11,"key":"SMITH"},{"data":"Armaments","floor":13,"key":"SMITH"},{"data":"AT_BodySlamDance","floor":15,"key":"SMITH"},{"floor":24,"key":"REST"}],"circlet_count":0,"master_deck":["Strike_R","Strike_R","Strike_R","Strike_R","Strike_R","Defend_R","Defend_R","Defend_R","Defend_R","AT_FamilyPortrait+1","Feel No Pain+1","Anger","Combust","Power Through+1","Armaments+1","AT_BodySlamDance+1","Shrug It Off","Metallicize","AT_ShrugMaster+1","Shrug It Off+1","Evolve+1"],"relics":["Burning Blood","AT_ATBox","HushsDoor","SteamSale","AT_ChloranthyRing","Bottled Tornado","Velvet Choker","Nilry\u0027s Codex","theSenshi:SailorFukuRelic"],"acts_visited":["Exordium","TheCity"],"potions_floor_usage":[],"damage_taken":[{"damage":6,"enemies":"Jaw Worm","floor":1,"turns":4},{"damage":0,"enemies":"infinitespire:Voidling","floor":2,"turns":1},{"damage":0,"enemies":"Cultist","floor":5,"turns":5},{"damage":8,"enemies":"3 Sentries","floor":6,"turns":5},{"damage":2,"enemies":"2 Fungi Beasts","floor":8,"turns":2},{"damage":10,"enemies":"Gremlin Gang","floor":12,"turns":3},{"damage":8,"enemies":"Hexaghost","floor":16,"turns":6},{"damage":8,"enemies":"Chosen","floor":18,"turns":5},{"damage":4,"enemies":"3 Byrds","floor":22,"turns":5},{"damage":14,"enemies":"Centurion and Healer","floor":23,"turns":8},{"damage":9,"enemies":"Cultist and Chosen","floor":27,"turns":11},{"damage":7,"enemies":"Sentry and Sphere","floor":28,"turns":5},{"damage":15,"enemies":"Chosen and Byrds","floor":29,"turns":2}],"seed_played":"-8711677358329691461","potions_obtained":[{"floor":2,"key":"Explosive Potion"},{"floor":6,"key":"ElixirPotion"},{"floor":16,"key":"Reflective Coating"},{"floor":22,"key":"PowerPotion"}],"is_trial":false,"path_per_floor":["M","M","?","$","M","E","R","M","T","$","R","M","R","?","R","B",null,"M","?","?","$","M","M","R","?","T","M","M","M"],"character_chosen":"IRONCLAD","items_purchased":["Combust","Armaments","Metallicize"],"campfire_rested":1,"item_purchase_floors":[4,10,21],"current_hp_per_floor":[80,80,80,80,80,78,78,80,80,80,80,76,76,76,76,74,80,78,78,62,62,64,56,80,80,80,77,76,61,61],"gold":414,"neow_bonus":"TRANSFORM_CARD","is_daily":false,"chose_seed":false,"campfire_upgraded":4,"win_rate":0.0,"timestamp":1611831363,"path_taken":["M","M","?","$","?","E","R","M","T","$","R","M","R","?","R","BOSS","M","?","?","$","?","M","R","?","T","M","M","M"],"items_purchased_type":["Card","Card","Card"],"build_version":"2020-12-22","purchased_purges":0,"victory":false,"max_hp_per_floor":[80,80,80,80,80,80,80,80,80,80,80,80,80,80,80,80,80,80,80,80,80,80,80,80,80,80,80,80,80,80],"card_choices":[{"not_picked":["Second Wind","Sword Boomerang","ReplayTheSpireMod:LeadingStrike"],"picked":"SKIP","floor":1},{"not_picked":["Battle Trance","Havoc"],"picked":"Anger","floor":2},{"not_picked":["AT_CaressingTears","Warcry","Reckless Charge"],"picked":"SKIP","floor":5},{"not_picked":["Run Through","Replay:Undeath\u0027s Touch","Double Tap"],"picked":"SKIP","floor":6},{"not_picked":["Clash","ReplayTheSpireMod:LeadingStrike"],"picked":"Power Through","floor":8},{"not_picked":["Twin Strike","Rupture"],"picked":"AT_BodySlamDance","floor":12},{"not_picked":["AT_DrawKnifeCut+1","Shockwave"],"picked":"Shrug It Off","floor":18},{"not_picked":["Infernal Blade","Thunderclap","AT_DiedThrough+1"],"picked":"SKIP","floor":22},{"not_picked":["Replay:Undeath\u0027s Touch","Defy Death"],"picked":"AT_ShrugMaster+1","floor":23},{"not_picked":["Cleave","Defy Death"],"picked":"Shrug It Off+1","floor":27},{"not_picked":["Warcry","Heavy Blade"],"picked":"Evolve+1","floor":28}],"player_experience":112861,"relics_obtained":[{"floor":6,"key":"AT_ChloranthyRing"},{"floor":9,"key":"Bottled Tornado"},{"floor":20,"key":"Nilry\u0027s Codex"},{"floor":26,"key":"theSenshi:SailorFukuRelic"}],"event_choices":[{"damage_healed":0,"gold_gain":100,"player_choice":"Pray","damage_taken":0,"max_hp_gain":0,"max_hp_loss":0,"event_name":"Golden Shrine","floor":14,"gold_loss":0},{"damage_healed":0,"gold_gain":0,"player_choice":"Forge","damage_taken":0,"max_hp_gain":0,"max_hp_loss":0,"event_name":"Accursed Blacksmith","floor":19,"gold_loss":0,"cards_upgraded":["AT_FamilyPortrait"]},{"damage_healed":0,"gold_gain":0,"player_choice":"Obtained Book","damage_taken":16,"max_hp_gain":0,"max_hp_loss":0,"event_name":"Cursed Tome","floor":20,"gold_loss":0}],"is_beta":false,"boss_relics":[{"not_picked":["Electric Blood","Runic Pyramid"],"picked":"Velvet Choker"},{"not_picked":[]}],"items_purged_floors":[],"is_endless":false,"potions_floor_spawned":[2,6,16,22,23],"killed_by":"Chosen and Byrds","ascension_level":0}}