{"host":"2sct7qpnpunnnd84","time":1611803629,"event":{"mods":["BaseMod","Googly Eyes","Minty Spire (QoL Compilation)","Quick Restart","Shop Mod","StSLib","The IronCluck"],"gold_per_floor":[119,129,129,54,54,54,69,81,81,81,81,81,81,81,81,186,186,200,299,317,317,332,332,332,332,356,271,101,101,111,121,121,222,222,234,160,160,6,21,21,0,19,66,84,84,84,21,33,33,33],"floor_reached":51,"language":"ENG","playtime":4614,"items_purged":["Decay","Decay"],"score":633,"play_id":"0b3e37b0-9461-4a19-8ed0-82f70b8c5270","local_time":"20210127191349","is_ascension_mode":false,"campfire_choices":[{"floor":6.0,"key":"REST"},{"data":"Backstab","floor":13.0,"key":"SMITH"},{"floor":15.0,"key":"REST"},{"floor":23.0,"key":"REST"},{"data":"After Image","floor":25.0,"key":"SMITH"},{"floor":32.0,"key":"REST"},{"floor":40.0,"key":"REST"},{"floor":45.0,"key":"REST"},{"floor":49.0,"key":"REST"}],"circlet_count":0,"master_deck":["Strike_G","Strike_G","Strike_G","Defend_G","Defend_G","Defend_G","Defend_G","Survivor","Neutralize","Flying Knee","Crippling Poison","Backstab+1","Flying Knee","After Image+1","CurseOfTheBell","Backflip+1","Deflect+1","Crippling Poison+1","Acrobatics+1","Finisher","Envenom","Infinite Blades+1","Footwork+1","PiercingWail+1","Flying Knee+1","Well Laid Plans","Deadly Poison+1","Accuracy+1","Underhanded Strike+1","Madness+1","Madness+1","Footwork","Deadly Poison+1","Parasite","Bouncing Flask+1"],"relics":["Ring of the Snake","Tough Bandages","WarpedTongs","Ice Cream","Toxic Egg 2","Dead Branch","Calling Bell","Gambling Chip","White Beast Statue","Nunchaku","Pen Nib","Darkstone Periapt","Astrolabe","Membership Card","Red Mask","Smiling Mask"],"acts_visited":["Exordium","TheCity","TheBeyond"],"potions_floor_usage":[50,50,50],"damage_taken":[{"damage":0.0,"enemies":"Cultist","floor":1.0,"turns":3.0},{"damage":0.0,"enemies":"2 Louse","floor":2.0,"turns":3.0},{"damage":1.0,"enemies":"Small Slimes","floor":7.0,"turns":3.0},{"damage":7.0,"enemies":"Exordium Thugs","floor":8.0,"turns":5.0},{"damage":74.0,"enemies":"The Guardian","floor":16.0,"turns":12.0},{"damage":6.0,"enemies":"2 Thieves","floor":18.0,"turns":4.0},{"damage":1.0,"enemies":"Spheric Guardian","floor":20.0,"turns":4.0},{"damage":19.0,"enemies":"Cultist and Chosen","floor":22.0,"turns":7.0},{"damage":7.0,"enemies":"3 Cultists","floor":30.0,"turns":5.0},{"damage":0.0,"enemies":"Shelled Parasite and Fungi","floor":31.0,"turns":5.0},{"damage":47.0,"enemies":"Champ","floor":33.0,"turns":18.0},{"damage":14.0,"enemies":"Orb Walker","floor":35.0,"turns":6.0},{"damage":1.0,"enemies":"3 Shapes","floor":39.0,"turns":5.0},{"damage":11.0,"enemies":"Sphere and 2 Shapes","floor":42.0,"turns":5.0},{"damage":7.0,"enemies":"4 Shapes","floor":44.0,"turns":4.0},{"damage":11.0,"enemies":"Writhing Mass","floor":48.0,"turns":6.0},{"damage":35,"enemies":"Donu and Deca","floor":50,"turns":7}],"seed_played":"-6356037002745457173","potions_obtained":[{"floor":1.0,"key":"AttackPotion"},{"floor":8.0,"key":"Energy Potion"},{"floor":18.0,"key":"SpeedPotion"},{"floor":20.0,"key":"Energy Potion"},{"floor":22.0,"key":"Dexterity Potion"},{"floor":30.0,"key":"PowerPotion"},{"floor":31.0,"key":"Explosive Potion"},{"floor":33.0,"key":"Swift Potion"},{"floor":35.0,"key":"SpeedPotion"},{"floor":39.0,"key":"SkillPotion"},{"floor":42.0,"key":"Strength Potion"},{"floor":44.0,"key":"Block Potion"},{"floor":48.0,"key":"CunningPotion"}],"is_trial":false,"path_per_floor":["M","M","?","$","?","R","M","M","T","?","$","T","R","?","R","B",null,"M","?","M","?","M","R","?","R","T","?","$","$","M","M","R","B",null,"M","$","?","$","M","R","?","M","T","M","R","?","$","M","R","B",null],"character_chosen":"THE_SILENT","items_purchased":["Crippling Poison+1","Well Laid Plans","Membership Card","Footwork","Deadly Poison+1"],"campfire_rested":7,"item_purchase_floors":[28,36,38,47,47],"current_hp_per_floor":[49,49,49,49,49,70,69,62,62,67,67,67,67,60,75,1,75,69,69,68,68,49,71,71,71,71,71,71,71,64,64,75,28,75,61,61,61,61,60,75,75,64,64,57,75,66,66,61,81,46],"gold":33,"neow_bonus":"ONE_RARE_RELIC","is_daily":false,"chose_seed":false,"campfire_upgraded":2,"win_rate":0.0,"timestamp":1611803629,"path_taken":["M","?","?","?","?","R","M","?","T","?","$","?","R","?","R","BOSS","M","?","M","?","?","R","?","R","T","?","?","$","M","M","R","BOSS","M","?","?","$","?","R","?","M","T","M","R","?","$","?","R","BOSS"],"items_purchased_type":["Card","Card","Relic","Card","Card"],"build_version":"2020-12-22","purchased_purges":2,"victory":true,"max_hp_per_floor":[70,70,70,70,70,70,70,70,70,75,75,75,75,75,75,75,75,75,75,75,75,75,75,75,75,75,75,75,75,75,75,75,75,75,75,75,75,75,75,75,75,75,75,75,75,75,75,81,81,81],"card_choices":[{"not_picked":["Skewer","Bouncing Flask"],"picked":"Flying Knee","floor":1.0},{"not_picked":["Slice","Concentrate"],"picked":"Crippling Poison","floor":2.0},{"not_picked":["Blade Dance","Dash"],"picked":"Backstab","floor":7.0},{"not_picked":["Heel Hook","Prepared"],"picked":"Flying Knee","floor":8.0},{"not_picked":["Grand Finale","Tools of the Trade"],"picked":"After Image","floor":16.0},{"not_picked":["Sucker Punch","Dagger Throw"],"picked":"Backflip+1","floor":18.0},{"not_picked":["Dagger Throw","Outmaneuver+1"],"picked":"Acrobatics+1","floor":20.0},{"not_picked":["Leg Sweep+1","Slice"],"picked":"Deflect+1","floor":22.0},{"not_picked":["Underhanded Strike","Quick Slash"],"picked":"Acrobatics+1","floor":30.0},{"not_picked":["Endless Agony","Dagger Throw"],"picked":"Finisher","floor":31.0},{"not_picked":["Glass Knife","Adrenaline+1"],"picked":"Envenom","floor":33.0},{"not_picked":["Slice","Bouncing Flask+1"],"picked":"Flying Knee+1","floor":35.0},{"not_picked":["Quick Slash","Well Laid Plans"],"picked":"Deadly Poison+1","floor":39.0},{"not_picked":["Reflex+1","Deadly Poison+1"],"picked":"Accuracy+1","floor":42.0},{"not_picked":["Underhanded Strike+1","Acrobatics+1","Riddle With Holes+1"],"picked":"SKIP","floor":44.0},{"not_picked":["Acrobatics+1","Riddle With Holes+1"],"picked":"Underhanded Strike+1","floor":44.0},{"not_picked":["Dodge and Roll+1","Dagger Throw"],"picked":"Bouncing Flask+1","floor":48.0}],"player_experience":3412406,"relics_obtained":[{"floor":9.0,"key":"Ice Cream"},{"floor":12.0,"key":"Toxic Egg 2"},{"floor":17.0,"key":"Gambling Chip"},{"floor":17.0,"key":"White Beast Statue"},{"floor":17.0,"key":"Nunchaku"},{"floor":26.0,"key":"Pen Nib"},{"floor":43.0,"key":"Smiling Mask"}],"event_choices":[{"damage_healed":0.0,"max_hp_gain":0.0,"max_hp_loss":0.0,"gold_gain":0.0,"event_name":"Wheel of Change","player_choice":"Cursed","floor":3.0,"gold_loss":0.0,"damage_taken":0.0,"cards_obtained":["Decay"]},{"damage_healed":0.0,"max_hp_gain":0.0,"max_hp_loss":0.0,"gold_gain":0.0,"event_name":"Accursed Blacksmith","player_choice":"Rummage","floor":5.0,"gold_loss":0.0,"damage_taken":0.0,"relics_obtained":["WarpedTongs"],"cards_obtained":["Pain"]},{"damage_healed":0.0,"max_hp_gain":5.0,"max_hp_loss":0.0,"gold_gain":0.0,"event_name":"Big Fish","player_choice":"Donut","floor":10.0,"gold_loss":0.0,"damage_taken":0.0},{"damage_healed":0.0,"max_hp_gain":0.0,"max_hp_loss":0.0,"gold_gain":0.0,"event_name":"Scrap Ooze","player_choice":"Success","floor":14.0,"gold_loss":0.0,"damage_taken":7.0,"relics_obtained":["Dead Branch"]},{"damage_healed":0.0,"max_hp_gain":0.0,"max_hp_loss":0.0,"gold_gain":99.0,"event_name":"Nest","player_choice":"Stole From Cult","floor":19.0,"gold_loss":0.0,"damage_taken":0.0},{"damage_healed":0.0,"max_hp_gain":0.0,"max_hp_loss":0.0,"gold_gain":0.0,"cards_transformed":["Pain"],"event_name":"Transmorgrifier","player_choice":"Transformed","floor":21.0,"gold_loss":0.0,"damage_taken":0.0,"cards_obtained":["Decay"]},{"damage_healed":0.0,"max_hp_gain":0.0,"max_hp_loss":0.0,"gold_gain":0.0,"event_name":"Ghosts","player_choice":"Ignored","floor":24.0,"gold_loss":0.0,"damage_taken":0.0},{"damage_healed":0.0,"max_hp_gain":0.0,"max_hp_loss":0.0,"gold_gain":0.0,"event_name":"Addict","player_choice":"Obtained Relic","floor":27.0,"gold_loss":85.0,"damage_taken":0.0,"relics_obtained":["Darkstone Periapt"]},{"cards_removed":["Defend_G"],"damage_healed":0.0,"max_hp_gain":0.0,"max_hp_loss":0.0,"gold_gain":0.0,"event_name":"Falling","player_choice":"Removed Skill","floor":37.0,"gold_loss":0.0,"damage_taken":0.0},{"damage_healed":0.0,"max_hp_gain":0.0,"max_hp_loss":0.0,"gold_gain":0.0,"event_name":"Tomb of Lord Red Mask","player_choice":"Paid","floor":41.0,"gold_loss":21.0,"damage_taken":0.0,"relics_obtained":["Red Mask"]},{"damage_healed":0.0,"max_hp_gain":0.0,"max_hp_loss":0.0,"gold_gain":0.0,"event_name":"Winding Halls","player_choice":"Embrace Madness","floor":46.0,"gold_loss":0.0,"damage_taken":9.0,"cards_obtained":["Madness","Madness"]}],"is_beta":false,"boss_relics":[{"not_picked":["Tiny House","Busted Crown"],"picked":"Calling Bell"},{"not_picked":["HoveringKite","Velvet Choker"],"picked":"Astrolabe"}],"items_purged_floors":[4,28],"is_endless":false,"potions_floor_spawned":[1,8,18,20,22,30,31,33,35,39,42,44,48],"ascension_level":0}}