{"host":"a5lz0e76zb3fcwkm","time":1611851066,"event":{"mods":["AchievementEnabler","BaseMod","Colored Map","Colored Powertips","Minty Spire (QoL Compilation)","StSLib","SuperFastMode"],"gold_per_floor":[118,137,187,205,205,205,245,245,245,286,152,152,167,188,188,282,345,321,321,12,30,30,30,30,30],"floor_reached":24,"language":"KOR","playtime":530,"items_purged":["Strike_G","Defend_G"],"score":408,"play_id":"197a6cc3-6f80-4c8a-be0e-401ae27eb855","local_time":"20210129012426","is_ascension_mode":true,"campfire_choices":[{"data":"Deadly Poison","floor":6,"key":"SMITH"},{"data":"Deadly Poison","floor":8,"key":"SMITH"},{"data":"Tactician","floor":12,"key":"SMITH"},{"floor":15,"key":"REST"},{"data":"Crippling Poison","floor":23,"key":"SMITH"}],"circlet_count":0,"master_deck":["AscendersBane","Strike_G","Strike_G","Strike_G","Defend_G","Defend_G","Defend_G","Defend_G","Survivor","Neutralize+1","Deadly Poison+1","Deadly Poison+1","Tactician+1","Escape Plan","Acrobatics","Reflex","Calculated Gamble","Backflip","Crippling Poison+1"],"relics":["Ring of the Snake","NeowsBlessing","Golden Idol","InkBottle","Toy Ornithopter","Akabeko","Tiny House","Membership Card","PreservedInsect"],"acts_visited":["Exordium","TheCity"],"potions_floor_usage":[7,10,14,16,24],"damage_taken":[{"damage":0.0,"enemies":"Cultist","floor":1.0,"turns":1.0},{"damage":0.0,"enemies":"2 Louse","floor":2.0,"turns":1.0},{"damage":0,"enemies":"Small Slimes","floor":4,"turns":1},{"damage":17,"enemies":"Lagavulin","floor":7,"turns":5},{"damage":29,"enemies":"3 Sentries","floor":10,"turns":11},{"damage":1,"enemies":"Blue Slaver","floor":13,"turns":3},{"damage":7,"enemies":"Exordium Thugs","floor":14,"turns":4},{"damage":22,"enemies":"The Guardian","floor":16,"turns":10},{"damage":2,"enemies":"2 Thieves","floor":18,"turns":4},{"damage":0,"enemies":"3 Byrds","floor":21,"turns":5},{"damage":72,"enemies":"Cultist and Chosen","floor":24,"turns":7}],"seed_played":"-1717634225946457420","potions_obtained":[{"floor":2.0,"key":"SteroidPotion"},{"floor":7,"key":"Block Potion"},{"floor":10,"key":"LiquidMemories"},{"floor":14,"key":"LiquidMemories"},{"floor":17,"key":"FearPotion"},{"floor":21,"key":"EssenceOfSteel"}],"is_trial":false,"path_per_floor":["M","M","?","M","?","R","E","R","T","E","$","R","M","M","R","B",null,"M","?","$","M","?","R","M"],"character_chosen":"THE_SILENT","items_purchased":["Acrobatics","Membership Card","PreservedInsect"],"campfire_rested":1,"item_purchase_floors":[11,20,20],"current_hp_per_floor":[59,59,53,53,53,53,36,36,36,12,12,12,11,9,27,10,53,51,51,51,51,45,45,0,0],"gold":30,"neow_bonus":"THREE_ENEMY_KILL","is_daily":false,"chose_seed":false,"campfire_upgraded":4,"win_rate":0.0,"timestamp":1611851066,"path_taken":["M","?","?","?","?","R","E","R","T","E","$","R","M","M","R","BOSS","M","?","?","M","?","R","M"],"items_purchased_type":["Card","Relic","Relic"],"build_version":"2020-12-22","purchased_purges":2,"victory":false,"max_hp_per_floor":[66,66,66,66,60,60,60,60,60,60,60,60,60,60,60,60,65,65,65,65,65,65,65,65,65],"card_choices":[{"not_picked":["Footwork","Predator"],"picked":"Deadly Poison","floor":1.0},{"not_picked":["Dagger Spray","Blade Dance"],"picked":"Deadly Poison","floor":2.0},{"not_picked":["Setup","Dodge and Roll"],"picked":"Tactician","floor":4},{"not_picked":["All Out Attack","Glass Knife","Tactician"],"picked":"SKIP","floor":7},{"not_picked":["Prepared","Doppelganger"],"picked":"Escape Plan","floor":10},{"not_picked":["Dash","Deadly Poison"],"picked":"Reflex","floor":13},{"not_picked":["Acrobatics","Poisoned Stab"],"picked":"Calculated Gamble","floor":14},{"not_picked":["Dagger Spray","Setup"],"picked":"Backflip","floor":18},{"not_picked":["Sucker Punch","Underhanded Strike"],"picked":"Crippling Poison","floor":21}],"player_experience":1820906,"relics_obtained":[{"floor":7,"key":"InkBottle"},{"floor":9,"key":"Toy Ornithopter"},{"floor":10,"key":"Akabeko"}],"event_choices":[{"damage_healed":0,"gold_gain":50,"player_choice":"Touch","damage_taken":6,"max_hp_gain":0,"max_hp_loss":0,"event_name":"FaceTrader","floor":3,"gold_loss":0},{"damage_healed":0,"gold_gain":0,"player_choice":"Lose Max HP","damage_taken":0,"relics_obtained":["Golden Idol"],"max_hp_gain":0,"max_hp_loss":6,"event_name":"Golden Idol","floor":5,"gold_loss":0},{"cards_removed":["Strike_G"],"damage_healed":0,"gold_gain":0,"player_choice":"Purged","damage_taken":0,"max_hp_gain":0,"max_hp_loss":0,"event_name":"Purifier","floor":19,"gold_loss":0},{"damage_healed":0,"gold_gain":0,"player_choice":"","damage_taken":6,"max_hp_gain":0,"max_hp_loss":0,"event_name":"Knowing Skull","floor":22,"potions_obtained":[],"gold_loss":0,"cards_obtained":[]}],"is_beta":false,"boss_relics":[{"not_picked":["Velvet Choker","Fusion Hammer"],"picked":"Tiny House"}],"items_purged_floors":[11,20],"is_endless":false,"potions_floor_spawned":[2,7,10,14,21],"killed_by":"Cultist and Chosen","ascension_level":20}}