{"host":"hqsnl0mtmp1qafm7","time":1611831334,"event":{"mods":["AchievementEnabler","Aspiration","BaseMod","Better Altar","Better Match","Better Note","Better Sensory Stone","Better Skull","Better Third Choice","Colored Map","Colored Powertips","Conspire","Curses Come First","Downfall","Friendly Minions","Hermit","Highlight Path","Hubris","Ironclad Rager","Minty Spire (QoL Compilation)","Permanent Neow","Quick Restart","Rare Cards Sparkle","Replay The Spire","Retaliation","StSLib","The Blue Laboratory","The Runesmith","Wandering Minibosses","egg"],"gold_per_floor":[110,127,127,127,147,147,175,175,222,240,240,275,275,290,290,390,390,409,421,431,209,224,249,5,5,5,5,37,51,51,69,69,166,166,182,25,44,55,55,55,72,72,72,85,85,85,85,105,105,105],"floor_reached":51,"language":"ENG","playtime":2289,"items_purged":["conspire:GhostlyDefend","conspire:GhostlyStrike"],"score":704,"play_id":"916ac0a6-c9f2-41c0-bf9a-501eb87b4d47","local_time":"20210128055534","is_ascension_mode":true,"campfire_choices":[{"data":"Bash","floor":6.0,"key":"SMITH"},{"floor":8.0,"key":"REST"},{"floor":11.0,"key":"REST"},{"data":"hubris:EnhanceAbility","floor":15.0,"key":"SMITH"},{"floor":25.0,"key":"REST"},{"floor":27.0,"key":"REST"},{"floor":32.0,"key":"REST"}],"circlet_count":0,"master_deck":["conspire:GhostlyStrike","conspire:GhostlyStrike","conspire:GhostlyStrike","conspire:GhostlyStrike","conspire:GhostlyDefend","conspire:GhostlyDefend","conspire:GhostlyDefend","Bash+1","Clash","Thunderclap","Twin Strike+1","hubris:EnhanceAbility+1","Feed","Sword Boomerang","Flex+1","hubris:StunningStrike","DDmod:RapidStrikeAttack","Intimidate","Inflame","Evolve+1","hubris:ReadiedAction","Berserk","Whirlwind","Inflame","DDmod:SpikedSkill+1","DDmod:SpikeMailSkill","Infernal Blade","Madness","Madness","Dropkick+1"],"relics":["Burning Blood","Lizard Tail","DDmod:BarbedSlagRelic","Gremlin Horn","Nunchaku","hubris:TerracottaHorce","Replay:WaspNest","Red Skull","Sundial","Replay:Multitool","conspire:Boomerang","Nloth\u0027s Gift","Fusion Hammer","Strange Spoon","hubris:Towel","ReplayTheSpireMod:TigerMarble","Bronze Scales"],"acts_visited":["Exordium","TheCity","TheBeyond"],"potions_floor_usage":[50],"damage_taken":[{"damage":13.0,"enemies":"Jaw Worm","floor":1.0,"turns":4.0},{"damage":5.0,"enemies":"2 Louse","floor":2.0,"turns":3.0},{"damage":0.0,"enemies":"Small Slimes","floor":5.0,"turns":3.0},{"damage":33.0,"enemies":"Gremlin Nob","floor":7.0,"turns":5.0},{"damage":5.0,"enemies":"Gremlin Gang","floor":10.0,"turns":3.0},{"damage":36.0,"enemies":"Lagavulin","floor":12.0,"turns":4.0},{"damage":0.0,"enemies":"Red Slaver","floor":14.0,"turns":2.0},{"damage":3.0,"enemies":"Slime Boss","floor":16.0,"turns":6.0},{"damage":7.0,"enemies":"Spheric Guardian","floor":18.0,"turns":3.0},{"damage":6.0,"enemies":"3 Byrds","floor":19.0,"turns":4.0},{"damage":18.0,"enemies":"Snake Plant","floor":20.0,"turns":4.0},{"damage":21.0,"enemies":"Centurion and Healer","floor":22.0,"turns":5.0},{"damage":53.0,"enemies":"Gremlin Leader","floor":23.0,"turns":9.0},{"damage":28.0,"enemies":"conspire:SneckoGhost","floor":28.0,"turns":7.0},{"damage":5.0,"enemies":"Snecko","floor":29.0,"turns":4.0},{"damage":24.0,"enemies":"Snake Plant","floor":31.0,"turns":3.0},{"damage":39.0,"enemies":"Pondfish","floor":33.0,"turns":4.0},{"damage":21.0,"enemies":"Orb Walker","floor":35.0,"turns":4.0},{"damage":39.0,"enemies":"3 Shapes","floor":37.0,"turns":5.0},{"damage":32.0,"enemies":"Writhing Mass","floor":38.0,"turns":5.0},{"damage":55.0,"enemies":"3 Darklings","floor":41.0,"turns":4.0},{"damage":6.0,"enemies":"Sphere and 2 Shapes","floor":44.0,"turns":3.0},{"damage":0.0,"enemies":"Transient","floor":48.0,"turns":5.0},{"damage":80,"enemies":"Replay:Hell Engine","floor":50,"turns":8}],"seed_played":"-8320955925120699420","potions_obtained":[{"floor":5.0,"key":"SkillPotion"},{"floor":12.0,"key":"blueLaboratory:FruitPunch"},{"floor":18.0,"key":"Flashbang"},{"floor":28.0,"key":"blueLaboratory:FruitPunch"},{"floor":29.0,"key":"CultistPotion"},{"floor":37.0,"key":"blueLaboratory:IronCompound"},{"floor":44.0,"key":"Adrenaline Potion"}],"is_trial":false,"path_per_floor":["M","M","?","?","M","R","E","R","T","M","R","E","?","M","R_BF","B",null,"M","M","M","$","M","E","$","R","T","R","E","M","?","M","R","B",null,"M","$","M","M","?","R","M","?","T","M","R","$","?","M","R","B",null],"character_chosen":"IRONCLAD","items_purchased":["hubris:StunningStrike","Red Skull","Strange Spoon","Bronze Scales"],"campfire_rested":5,"item_purchase_floors":[21,24,36,46],"current_hp_per_floor":[49,50,50,50,56,56,29,53,53,54,78,48,48,56,56,59,76,78,81,72,72,60,13,13,41,41,69,47,51,51,35,64,31,82,67,67,34,8,99,99,50,50,50,53,83,73,60,66,96,22],"gold":105,"neow_bonus":"ONE_RARE_RELIC","is_daily":false,"chose_seed":false,"campfire_upgraded":2,"win_rate":0.0,"timestamp":1611831334,"path_taken":["M","M","?","?","M","R","E","R","T","M","R","E","?","M","R_BF","BOSS","M","?","M","$","M","E","?","R","T","R","E","?","?","M","R","BOSS","M","$","M","M","?","R","?","?","T","M","R","?","?","M","R","BOSS"],"items_purchased_type":["Card","Relic","Relic","Relic"],"build_version":"2020-12-22","purchased_purges":2,"victory":true,"max_hp_per_floor":[80,80,80,80,80,80,80,80,80,80,80,80,80,82,82,82,82,85,88,91,91,94,94,94,94,94,94,94,97,97,99,99,99,99,99,99,99,99,99,99,99,99,99,102,102,102,102,102,102,102],"card_choices":[{"not_picked":["Iron Wave","ReplayTheSpireMod:Limb From Limb"],"picked":"Clash","floor":1.0},{"not_picked":["Pummel","DDmod:EasePowerCard"],"picked":"Thunderclap","floor":2.0},{"not_picked":["Cleave","Headbutt"],"picked":"Twin Strike","floor":5.0},{"not_picked":["Wild Strike","ReplayTheSpireMod:Strike From Hell","Shrug It Off"],"picked":"SKIP","floor":7.0},{"not_picked":["True Grit","Burning Pact","Abandon"],"picked":"SKIP","floor":10.0},{"not_picked":["Havoc","Pommel Strike"],"picked":"Bloodletting","floor":12.0},{"not_picked":["Deep Breath","Panache"],"picked":"hubris:EnhanceAbility","floor":13.0},{"not_picked":["Iron Wave","Cleave","Thunderclap"],"picked":"SKIP","floor":14.0},{"not_picked":["DDmod:PlatedThornsSkill","Corruption"],"picked":"Feed","floor":16.0},{"not_picked":["Run Through","Replay:Undeath\u0027s Touch"],"picked":"Sword Boomerang","floor":18.0},{"not_picked":["Iron Wave","Heavy Blade"],"picked":"Flex+1","floor":19.0},{"not_picked":["Flex","Wild Strike"],"picked":"Fire Breathing","floor":20.0},{"not_picked":["Twin Strike","Sword Boomerang"],"picked":"DDmod:RapidStrikeAttack","floor":22.0},{"not_picked":["Replay:Many Hands","Armaments"],"picked":"Intimidate","floor":23.0},{"not_picked":["Combust","Heavy Blade"],"picked":"Inflame","floor":28.0},{"not_picked":["Blood for Blood","Feel No Pain+1"],"picked":"Evolve","floor":29.0},{"not_picked":["Immolate","conspire:ExplosiveBarrier+1"],"picked":"hubris:ReadiedAction","floor":31.0},{"not_picked":["DDmod:AllInSkill","Impervious"],"picked":"Berserk","floor":33.0},{"not_picked":["Twin Strike","Pommel Strike"],"picked":"Whirlwind","floor":35.0},{"not_picked":["Dark Embrace+1","Power Through+1"],"picked":"Inflame","floor":37.0},{"not_picked":["Havoc","DDmod:EasePowerCard"],"picked":"DDmod:SpikedSkill+1","floor":38.0},{"not_picked":["Shrug It Off","Burning Pact","Clothesline"],"picked":"SKIP","floor":41.0},{"not_picked":["Warcry+1","Cleave"],"picked":"Infernal Blade","floor":44.0},{"not_picked":["Disarm","Perfected Strike"],"picked":"Dropkick+1","floor":48.0}],"player_experience":93051,"relics_obtained":[{"floor":7.0,"key":"Gremlin Horn"},{"floor":9.0,"key":"Nunchaku"},{"floor":12.0,"key":"hubris:64BitClover"},{"floor":23.0,"key":"Replay:WaspNest"},{"floor":26.0,"key":"Sundial"},{"floor":28.0,"key":"Replay:Multitool"},{"floor":29.0,"key":"conspire:Boomerang"},{"floor":43.0,"key":"ReplayTheSpireMod:TigerMarble"}],"event_choices":[{"damage_healed":0.0,"max_hp_gain":0.0,"max_hp_loss":0.0,"gold_gain":0.0,"event_name":"conspire:LoneGhost","player_choice":"Agree","floor":4.0,"gold_loss":0.0,"damage_taken":0.0},{"damage_healed":0.0,"max_hp_gain":0.0,"max_hp_loss":0.0,"gold_gain":1.0,"event_name":"betterStone:BetterStone","player_choice":"1","floor":13.0,"gold_loss":0.0,"damage_taken":0.0},{"damage_healed":0.0,"max_hp_gain":0.0,"max_hp_loss":0.0,"gold_gain":0.0,"event_name":"N\u0027loth","player_choice":"Traded Relic","floor":30.0,"relics_lost":["hubris:64BitClover"],"gold_loss":0.0,"damage_taken":0.0,"relics_obtained":["Nloth\u0027s Gift"]},{"cards_removed":["Bloodletting"],"damage_healed":91.0,"max_hp_gain":0.0,"max_hp_loss":0.0,"gold_gain":0.0,"event_name":"Bonfire Elementals","player_choice":"Offered Uncommon","floor":39.0,"gold_loss":0.0,"damage_taken":0.0},{"damage_healed":0.0,"max_hp_gain":0.0,"max_hp_loss":0.0,"gold_gain":0.0,"event_name":"Winding Halls","player_choice":"Embrace Madness","floor":47.0,"gold_loss":0.0,"damage_taken":13.0,"cards_obtained":["Madness","Madness"]}],"is_beta":false,"boss_relics":[{"not_picked":["conspire:RunicOctahedron","hubris:CrackedHourglass"],"picked":"hubris:TerracottaHorce"},{"not_picked":["Replay:Bronze Core","Pandora\u0027s Box"],"picked":"Fusion Hammer"}],"items_purged_floors":[21,24],"is_endless":false,"potions_floor_spawned":[5,12,18,28,29,37,44],"ascension_level":2}}