{"host":"tr12w2fixbnujl15","time":1611847928,"event":{"mods":["100% Spire Juice","2.2 Compatiblity","A Penny For Your Troubles","Arknights The Spire","BaseMod","Better Skull","Better Vampires","BetterRewards","CapriCore","Clockwork Mod","Colored Powertips","Evolution","Gremlin Skip","Hermit","Hubris","Infinite Spire","JesterMod","Kalas","KinomotoSakuraMod(????)","Koishi","Mad Scientist","Magitek Elite","Mathematician","Minty Spire (QoL Compilation)","Permanent Neow","Quick Restart","Reimu??????","Relic Filter","Remilia_Scarlet Moed?????·?????3.3.5","Replay The Spire","Shop Mod","StSLib","SuperFastMode","The Accelerator","The Animator","The Bug Knight","The Construct","The Cursed","The Hayseed","The Hierophant","The Immortal","The Mystic","The Necromancer","The Runesmith","The Sage","The Senshi","The Servant 0.9.4","The Spell Scribe","The Vixen","TheFirefly","TheSwordswoman","TheVelvet","Transform Curses","WarShipGirlsR/????R mod","Yakumo Yukari mod","[IsaacMod]????"],"gold_per_floor":[114,114,125,135,66,96,96,96,96,26,43,43,43,58,58,58,58,158,158,174,242,255,268,282,296,296,296,296,296,296,256,276,291,291,388,388,404,225,225,235,235,235],"floor_reached":41,"language":"ENG","playtime":1113,"items_purged":[],"score":493,"play_id":"bffe500c-852e-4828-8c37-53e561aaef00","local_time":"20210128103208","is_ascension_mode":false,"campfire_choices":[{"floor":7,"key":"REST"},{"floor":15,"key":"REST"},{"data":"Crystallizer","floor":17,"key":"SMITH"},{"data":"Creative AI","floor":27,"key":"SMITH"},{"floor":29,"key":"RECALL"},{"floor":34,"key":"REST"}],"circlet_count":0,"master_deck":["Compile Driver+1","Compile Driver","Compile Driver","Compile Driver","Leap+1","Leap","Leap+1","Leap","Zap+1","Dualcast","Doom and Gloom","Cold Snap","Time Bomb","Hello World","Static Discharge","Redo","Crystallizer+1","ReplayTheSpireMod:Omega Cannon+1","Creative AI+1","Sweeping Beam","Static Discharge","Hello World","Melter+1","Compile Driver","Self Repair","Sweeping Beam","Mirror Shield","Barrage","FTL","Genetic Algorithm+1","Rip and Tear","Time Bomb","Capacitor+1","Double Energy","Streamline","Rainbow","Barrage+1","Storm+1","Stack+1","Genetic Algorithm+1"],"relics":["Cracked Core","EVO:Axolotl","HushsDoor","NeowsBlessing","NineVolt","hubris:BallOfYels","hubris:Towel","War Paint","Prayer Wheel","infinitespire:DarkRift","Geode","hubris:ScarierMask","infinitespire:Bottled Soul","infinitespire:ShieldingShard","Tintinnabulum","sagemod:Falmels_Amulet","MerchantsRug","sagemod:The_Guidebook_Guide","Lantern"],"acts_visited":["Exordium","TheCity","TheBeyond"],"potions_floor_usage":[23,35,35,35,40],"damage_taken":[{"damage":0,"enemies":"2 Louse","floor":1,"turns":1},{"damage":0,"enemies":"Small Slimes","floor":3,"turns":1},{"damage":0,"enemies":"Jaw Worm","floor":4,"turns":1},{"damage":30,"enemies":"Gremlin Nob","floor":6,"turns":4},{"damage":16,"enemies":"Large Slime","floor":11,"turns":4},{"damage":0,"enemies":"Looter","floor":14,"turns":1},{"damage":12,"enemies":"Slime Boss","floor":18,"turns":7},{"damage":0,"enemies":"Spheric Guardian","floor":20,"turns":2},{"damage":1,"enemies":"3 Byrds","floor":22,"turns":2},{"damage":4,"enemies":"Centurion and Healer","floor":23,"turns":5},{"damage":9,"enemies":"Snecko","floor":24,"turns":5},{"damage":0,"enemies":"3 Cultists","floor":25,"turns":3},{"damage":6,"enemies":"Sentry and Sphere","floor":32,"turns":2},{"damage":6,"enemies":"Cultist and Chosen","floor":33,"turns":4},{"damage":47,"enemies":"hubris:MusketHawk","floor":35,"turns":11},{"damage":38,"enemies":"3 Shapes","floor":37,"turns":2},{"damage":24,"enemies":"Orb Walker","floor":40,"turns":1},{"damage":22,"enemies":"4 Shapes","floor":41,"turns":3}],"seed_played":"-7412657329228576757","potions_obtained":[{"floor":4,"key":"Strength Potion"},{"floor":14,"key":"Elixir"},{"floor":20,"key":"Block Potion"},{"floor":21,"key":"EssenceOfSteel"},{"floor":24,"key":"Explosive Potion"},{"floor":32,"key":"EssenceOfDarkness"},{"floor":35,"key":"GamblersBrew"},{"floor":37,"key":"Adrenaline Potion"}],"is_trial":false,"path_per_floor":["M","?","M","M","$","E","R","?","T","$","M","PTL","PTL","M","R","?","R","B",null,"M","?","M","M","M","M","AVR","R","T","R","?","?","M","M","R","B",null,"M","$","AVR","M","M"],"character_chosen":"DEFECT","items_purchased":["Hello World","Static Discharge","MerchantsRug","sagemod:The_Guidebook_Guide"],"campfire_rested":3,"item_purchase_floors":[5,10,38,38],"current_hp_per_floor":[78,78,78,78,78,48,71,71,71,71,55,55,55,55,78,62,62,50,78,78,59,58,61,52,52,52,52,52,52,52,52,54,49,73,34,78,40,41,42,19,0,0],"gold":235,"neow_bonus":"THREE_ENEMY_KILL","is_daily":false,"chose_seed":false,"campfire_upgraded":2,"win_rate":0.0,"timestamp":1611847928,"path_taken":["M","?","M","M","$","E","R","?","T","$","M","PTL","PTL","M","R","?","R","BOSS","M","?","M","M","M","M","AVR","R","T","R","?","?","M","M","R","BOSS","M","?","AVR","M","M"],"items_purchased_type":["Card","Card","Relic","Relic"],"build_version":"2020-12-22","purchased_purges":0,"victory":false,"max_hp_per_floor":[78,78,78,78,78,78,78,78,78,78,78,78,78,78,78,78,78,78,78,78,78,78,78,78,78,78,78,78,78,78,78,78,78,78,78,78,78,78,78,78,78,78],"card_choices":[{"not_picked":[],"picked":"ChaosCard","floor":0},{"not_picked":["Steam","Go for the Eyes"],"picked":"Doom and Gloom","floor":1},{"not_picked":["Coolheaded","ReplayTheSpireMod:Reroute Power"],"picked":"Cold Snap","floor":3},{"not_picked":["Bomb","Turbo"],"picked":"Time Bomb","floor":4},{"not_picked":["Streamline","Steam"],"picked":"ReplayTheSpireMod:Fabricate Wheel","floor":6},{"not_picked":["Leap","ReplaySort"],"picked":"Redo","floor":11},{"not_picked":["Coolheaded","Steam"],"picked":"Bomb","floor":11},{"not_picked":["Streamline","BasicCrystalCard"],"picked":"Crystallizer","floor":14},{"not_picked":["Streamline","Lockon"],"picked":"ReplayTheSpireMod:Omega Cannon","floor":14},{"not_picked":["Machine Learning","All For One"],"picked":"Creative AI","floor":18},{"not_picked":["BasicCrystalCard","Conserve Battery"],"picked":"Sweeping Beam","floor":20},{"not_picked":["Leap","Aggregate+1"],"picked":"Static Discharge","floor":20},{"not_picked":["Chill","Hologram+1"],"picked":"Hello World","floor":21},{"not_picked":["Steam","Barrage"],"picked":"Melter+1","floor":21},{"not_picked":["Stack","Crystallizer+1"],"picked":"Compile Driver","floor":22},{"not_picked":["ReplayTheSpireMod:Calculation Training","Auto Shields"],"picked":"Self Repair","floor":22},{"not_picked":["Hologram+1","Coolheaded"],"picked":"Sweeping Beam","floor":23},{"not_picked":["ReplaySort","Go for the Eyes"],"picked":"Mirror Shield","floor":23},{"not_picked":["Streamline","Biased Cognition"],"picked":"Barrage","floor":24},{"not_picked":["Leap+1","Ball Lightning+1"],"picked":"FTL","floor":24},{"not_picked":["Ball Lightning","Panic Button"],"picked":"Genetic Algorithm+1","floor":25},{"not_picked":["Streamline","Go for the Eyes"],"picked":"Rip and Tear","floor":25},{"not_picked":["Compile Driver+1","Rebound"],"picked":"Time Bomb","floor":32},{"not_picked":["Reprogram","Skim"],"picked":"Capacitor+1","floor":32},{"not_picked":["Conserve Battery","Sunder"],"picked":"Double Energy","floor":33},{"not_picked":["Cancel+1","Steam"],"picked":"Streamline","floor":33},{"not_picked":["Thunder Strike","ElectricPowerLearning"],"picked":"Rainbow","floor":35},{"not_picked":["Conserve Battery+1","BasicCrystalCard"],"picked":"Barrage+1","floor":37},{"not_picked":["Panic Button","Leap"],"picked":"Storm+1","floor":37},{"not_picked":["Hologram","Redo"],"picked":"Stack+1","floor":40},{"not_picked":["Gash+1","Go for the Eyes+1"],"picked":"Genetic Algorithm+1","floor":40}],"player_experience":87737,"relics_obtained":[{"floor":6,"key":"hubris:BallOfYels"},{"floor":9,"key":"War Paint"},{"floor":21,"key":"Geode"},{"floor":28,"key":"infinitespire:ShieldingShard"}],"event_choices":[{"damage_healed":0,"gold_gain":0,"player_choice":"Entered Light","damage_taken":16,"max_hp_gain":0,"max_hp_loss":0,"event_name":"Shining Light","floor":16,"gold_loss":0,"cards_upgraded":["ReplayTheSpireMod:Omega Cannon","Compile Driver"]}],"is_beta":false,"boss_relics":[{"not_picked":["hubris:CrackedHourglass","RedLine:ReiMu"],"picked":"hubris:Backtick"},{"not_picked":[]},{"not_picked":["Runesmith:UraniumAnvil","hubris:Stopwatch"],"picked":"sagemod:Falmels_Amulet"},{"not_picked":[]}],"items_purged_floors":[],"is_endless":false,"potions_floor_spawned":[4,14,20,24,32,35,37],"killed_by":"4 Shapes","ascension_level":0}}