{"host":"fjjc8m05dtccy69s","time":1611793280,"event":{"mods":["AchievementEnabler","BaseMod","Better Note","Better Third Choice","BetterRewards","Card Forge","CatGirl Mod","Colored Map","Conspire","Defuse TimeMaze Blight","Displayed Cursed Tome","Infinite Spire","Marisa????????","Minty Spire (QoL Compilation)","Permanent Neow","Remilia??????","Replay The Spire","Spikes Relics","StSLib","The Animator","The Servant 0.9.4","Useless Jewels Mod","Waifu the Spire","??????REMEMod"],"gold_per_floor":[119,138,154,165,175,209,226,253,253,253,268,300,323,336,336,440,440,459,19,34,34,51,86,86,105,105,105,134,134,34,52,52,52,52],"floor_reached":33,"language":"ENG","playtime":3139,"items_purged":["theCatGirl:Strike","theCatGirl:Strike"],"score":336,"play_id":"d716cc36-7a36-4230-b733-35e7a66b6a93","local_time":"20210127182120","is_ascension_mode":false,"campfire_choices":[{"floor":15,"key":"REST"},{"floor":27,"key":"REST"}],"circlet_count":0,"master_deck":["theCatGirl:Strike","theCatGirl:Defend","theCatGirl:Defend","theCatGirl:Defend","theCatGirl:Defend","theCatGirl:ClawStrike","theCatGirl:Evasion","Bandage Up","Backstab","theCatGirl:QuickStrike","theCatGirl:SpinningStrike","theCatGirl:FocusedStrike","theCatGirl:DefensiveStance","theCatGirl:TwoStep","theCatGirl:RageClaws","Pot Of Greed","Pot Of Greed","theCatGirl:Counterattack","theCatGirl:PlayAround","theCatGirl:ElegantStrike","theCatGirl:SevenLives","theCatGirl:ComboAttack","theCatGirl:ComboAttack","theCatGirl:FocusedStrike","Pot Of Greed","theCatGirl:Parry+1","theCatGirl:SpinningStrike","REME_PuzzleBox","theCatGirl:Counterattack","theCatGirl:GoddessOfMisfortune","theCatGirl:Beastification"],"relics":["theCatGirl:TrainedRelic","Hammer of Thor","Seething Fire","Anvil of the Gods","REME_ComplimentaryCards","Omamori","Grinning Jar","infinitespire:ShieldingShard","MealTicket","REME_HandOfSuture","Calling Bell","Tiny Chest","conspire:Dentures","Mango","Eternal Feather","infinitespire:Bottled Soul","theCatGirl:ThrowingDagger","infinitespire:Broken Mirror","Bottled Flame"],"acts_visited":["Exordium","TheCity"],"potions_floor_usage":[8,8,12,16,18,22,25,25],"damage_taken":[{"damage":14,"enemies":"infinitespire:Voidling","floor":1,"turns":3},{"damage":0,"enemies":"Small Slimes","floor":2,"turns":2},{"damage":2,"enemies":"Jaw Worm","floor":3,"turns":2},{"damage":8,"enemies":"Large Slime","floor":4,"turns":4},{"damage":4,"enemies":"2 Fungi Beasts","floor":5,"turns":4},{"damage":28,"enemies":"Gremlin Nob","floor":6,"turns":5},{"damage":8,"enemies":"Exordium Thugs","floor":7,"turns":6},{"damage":30,"enemies":"Lagavulin","floor":8,"turns":8},{"damage":1,"enemies":"Gremlin Gang","floor":11,"turns":3},{"damage":14,"enemies":"Replay:BlueRogue","floor":12,"turns":5},{"damage":0,"enemies":"2 Fungi Beasts","floor":14,"turns":3},{"damage":39,"enemies":"Fading Forest","floor":16,"turns":11},{"damage":11,"enemies":"Shell Parasite","floor":18,"turns":8},{"damage":22,"enemies":"conspire:FuzzyDice","floor":20,"turns":9},{"damage":15,"enemies":"Centurion and Healer","floor":22,"turns":6},{"damage":24,"enemies":"conspire:SneckoGhost","floor":23,"turns":6},{"damage":19,"enemies":"Snecko","floor":25,"turns":5},{"damage":23,"enemies":"conspire:Head Lice","floor":28,"turns":6},{"damage":37,"enemies":"Shelled Parasite and Fungi","floor":31,"turns":10},{"damage":62,"enemies":"conspire:MysteriousRune","floor":33,"turns":9}],"seed_played":"-5161720896688517971","potions_obtained":[{"floor":2,"key":"SkillPotion"},{"floor":3,"key":"Energy Potion"},{"floor":7,"key":"AttackPotion"},{"floor":12,"key":"ColorlessPotion"},{"floor":16,"key":"Block Potion"},{"floor":22,"key":"Swift Potion"},{"floor":23,"key":"Toxic Potion"}],"is_trial":false,"path_per_floor":["M","M","M","M","M","E","M","E","T","?","M","E","T","M","R","B",null,"M","$","M","?","M","E","?","M","T","R","E","T","$","M","R_BF","B"],"character_chosen":"THE_CATGIRL","items_purchased":["Eternal Feather","theCatGirl:ComboAttack","theCatGirl:FocusedStrike"],"campfire_rested":2,"item_purchase_floors":[19,19,19],"current_hp_per_floor":[56,60,62,58,58,34,30,4,4,27,30,20,20,24,45,20,84,73,84,62,35,29,9,9,23,23,67,44,44,59,34,52,0,0],"gold":52,"neow_bonus":"RANDOM_COLORLESS","is_daily":false,"chose_seed":false,"campfire_upgraded":0,"win_rate":0.0,"timestamp":1611793280,"path_taken":["M","?","M","M","M","E","M","E","T","?","M","E","?","M","R","BOSS","M","$","M","?","M","E","?","?","T","R","E","?","?","M","R_BF","BOSS"],"items_purchased_type":["Relic","Card","Card"],"build_version":"2020-12-22","purchased_purges":2,"victory":false,"max_hp_per_floor":[70,70,70,70,70,70,70,70,70,70,70,70,70,70,70,70,84,84,84,84,84,89,89,89,89,89,89,89,89,89,89,89,89,89],"card_choices":[{"not_picked":["Trip","Blind"],"picked":"Bandage Up","floor":0},{"not_picked":["theCatGirl:ExtremeSpeed","theCatGirl:TryingMyBest"],"picked":"theCatGirl:QuickStrike","floor":1},{"not_picked":["theCatGirl:ShockedWitness","theCatGirl:FumblingBlow"],"picked":"theCatGirl:SpinningStrike","floor":2},{"not_picked":["theCatGirl:Claws","theCatGirl:ShockedWitness"],"picked":"theCatGirl:FocusedStrike","floor":3},{"not_picked":["theCatGirl:ClawScratch","theCatGirl:Prepared"],"picked":"theCatGirl:DefensiveStance","floor":4},{"not_picked":["theCatGirl:KeepAlert","theCatGirl:Howl"],"picked":"theCatGirl:TwoStep","floor":5},{"not_picked":["theCatGirl:BloodScent","theCatGirl:BloodBath"],"picked":"theCatGirl:RageClaws","floor":6},{"not_picked":["theCatGirl:Growl","theCatGirl:Meow","theCatGirl:Stalk"],"picked":"SKIP","floor":7},{"not_picked":["theCatGirl:BodyBlow","theCatGirl:SmellFear"],"picked":"theCatGirl:Counterattack","floor":8},{"not_picked":["theCatGirl:ClawScratch","theCatGirl:TrainWreck","theCatGirl:FinishingMove"],"picked":"SKIP","floor":11},{"not_picked":["theCatGirl:RunningWithDaggers","theCatGirl:KeepAlert"],"picked":"theCatGirl:PlayAround","floor":12},{"not_picked":["theCatGirl:PoisedStrike","theCatGirl:FumblingBlow"],"picked":"theCatGirl:ElegantStrike","floor":14},{"not_picked":["theCatGirl:Howl","theCatGirl:Enrage"],"picked":"theCatGirl:SevenLives","floor":16},{"not_picked":["theCatGirl:SpinningStrike","theCatGirl:LostTrinket"],"picked":"theCatGirl:ComboAttack","floor":18},{"not_picked":["theCatGirl:DefensiveStance","theCatGirl:FinishingMove"],"picked":"theCatGirl:Parry+1","floor":20},{"not_picked":["theCatGirl:PlayAround","theCatGirl:DefensiveStance","theCatGirl:FinishingMove"],"picked":"SKIP","floor":22},{"not_picked":["theCatGirl:ClenchYourTeeth","theCatGirl:BloodScent"],"picked":"theCatGirl:SpinningStrike","floor":23},{"not_picked":["theCatGirl:ClawScratch","theCatGirl:BloodBath","theCatGirl:BodyBlow"],"picked":"SKIP","floor":25},{"not_picked":["theCatGirl:TryingMyBest+1","theCatGirl:ClenchYourTeeth"],"picked":"theCatGirl:Counterattack","floor":28},{"not_picked":["theCatGirl:PoisedStrike","theCatGirl:Growl+1"],"picked":"theCatGirl:GoddessOfMisfortune","floor":31}],"player_experience":309462,"relics_obtained":[{"floor":6,"key":"Omamori"},{"floor":8,"key":"Grinning Jar"},{"floor":9,"key":"infinitespire:ShieldingShard"},{"floor":12,"key":"MealTicket"},{"floor":13,"key":"REME_HandOfSuture"},{"floor":17,"key":"Tiny Chest"},{"floor":17,"key":"conspire:Dentures"},{"floor":17,"key":"Mango"},{"floor":23,"key":"infinitespire:Bottled Soul"},{"floor":26,"key":"theCatGirl:ThrowingDagger"},{"floor":28,"key":"infinitespire:Broken Mirror"},{"floor":29,"key":"Bottled Flame"}],"event_choices":[{"damage_healed":23,"gold_gain":0,"player_choice":"Banana","damage_taken":0,"max_hp_gain":0,"max_hp_loss":0,"event_name":"Big Fish","floor":10,"gold_loss":0},{"damage_healed":0,"gold_gain":0,"player_choice":"POTION POTION POTION ","damage_taken":27,"max_hp_gain":0,"max_hp_loss":0,"event_name":"Knowing Skull","floor":21,"potions_obtained":["Fruit Juice","FairyPotion","EssenceOfSteel"],"gold_loss":0,"cards_obtained":[]},{"cards_removed":["Backstab"],"damage_healed":0,"gold_gain":0,"player_choice":"Take \u0026 Give","damage_taken":0,"max_hp_gain":0,"max_hp_loss":0,"event_name":"betterNote:BetterNote","floor":24,"gold_loss":0,"cards_obtained":["REME_PuzzleBox"]}],"is_beta":false,"boss_relics":[{"not_picked":["Sandwich","REME_LowDesire"],"picked":"Calling Bell"}],"items_purged_floors":[19,30],"is_endless":false,"potions_floor_spawned":[2,3,7,12,16,22,23],"killed_by":"conspire:MysteriousRune","ascension_level":0}}