{"host":"h1qktzcccqnez8tx","time":1611866496,"event":{"mods":["AchievementEnabler","BaseMod","Bestiary","Better Note","Block Reminder","Colored Map","Colored Powertips","Curses Come First","Downfall","Highlight Path","Infinite Spire","Minty Spire (QoL Compilation)","Permanent Neow","Quick Restart","Relic Stats","Replay The Spire","Say the Spire","StSLib","UnlockEverythingMod"],"gold_per_floor":[118,118,128,51,66,98,111,145,145,110,124,144,213,227,227,332,332,343,343,358,358,378,412,412,412,412],"floor_reached":25,"language":"ENG","playtime":864,"items_purged":["Injury"],"score":294,"play_id":"2814aa12-3a9c-4bea-8d4d-a8926912d18b","local_time":"20210128214136","is_ascension_mode":true,"campfire_choices":[{"data":"Heavy Blade","floor":15,"key":"SMITH"},{"floor":24,"key":"REST"}],"circlet_count":0,"master_deck":["Strike_R","Strike_R","Strike_R","Strike_R","Strike_R+1","Defend_R","Defend_R","Defend_R","Defend_R","Bash","Spot Weakness+1","Heavy Blade+1","Inflame","ReplayTheSpireMod:Stacked","Run Through","Pommel Strike","Clothesline","Ghostly Armor","Berserk","Sword Boomerang","ReplayTheSpireMod:Muscle Training","BattleHymn+1","Shockwave"],"relics":["Burning Blood","Unceasing Top","sneckomod:BlankCard","Bottled Lightning","Question Card","White Beast Statue","infinitespire:Burning Sword","ReplayTheSpireMod:Spearhead","Prayer Wheel"],"acts_visited":["Exordium","TheCity"],"potions_floor_usage":[6,22,25],"damage_taken":[{"damage":0.0,"enemies":"Small Slimes","floor":1.0,"turns":3.0},{"damage":4,"enemies":"Jaw Worm","floor":3,"turns":4},{"damage":1,"enemies":"Cultist","floor":5,"turns":3},{"damage":16,"enemies":"Gremlin Nob","floor":6,"turns":3},{"damage":9,"enemies":"Red Slaver","floor":7,"turns":3},{"damage":36,"enemies":"Lagavulin","floor":8,"turns":7},{"damage":15,"enemies":"2 Fungi Beasts","floor":11,"turns":3},{"damage":13,"enemies":"Large Slime","floor":12,"turns":4},{"damage":1,"enemies":"Exordium Wildlife","floor":14,"turns":4},{"damage":44,"enemies":"Fading Forest","floor":16,"turns":11},{"damage":0,"enemies":"Spheric Guardian","floor":18,"turns":1},{"damage":4,"enemies":"Shell Parasite","floor":20,"turns":2},{"damage":12,"enemies":"Snake Plant","floor":22,"turns":2},{"damage":61,"enemies":"Book of Stabbing","floor":23,"turns":5},{"damage":31,"enemies":"Replay:Snechameleon","floor":25,"turns":5}],"seed_played":"5119135633988490217","potions_obtained":[{"floor":1.0,"key":"Dexterity Potion"},{"floor":3,"key":"ColorlessPotion"},{"floor":6,"key":"SpeedPotion"},{"floor":14,"key":"Languid Potion"},{"floor":22,"key":"FairyPotion"},{"floor":23,"key":"LifebloodPotion"}],"is_trial":false,"path_per_floor":["M","?","M","$","M","E","M","E","T","?","M","M","T","M","R","B",null,"M","AVR","M","?","M","E","R","E"],"character_chosen":"IRONCLAD","items_purchased":["Inflame"],"campfire_rested":1,"item_purchase_floors":[4],"current_hp_per_floor":[80,64,66,66,71,61,58,28,28,48,39,32,32,37,37,19,65,71,71,73,73,67,12,36,5,5],"gold":412,"neow_bonus":"ONE_RARE_RELIC","is_daily":false,"chose_seed":false,"campfire_upgraded":1,"win_rate":0.0,"timestamp":1611866496,"path_taken":["M","?","M","$","M","E","M","E","T","?","M","M","?","M","R","BOSS","M","AVR","M","?","M","E","R","E"],"items_purchased_type":["Card"],"build_version":"2020-12-22","purchased_purges":1,"victory":false,"max_hp_per_floor":[80,80,80,80,80,80,80,80,80,80,80,80,80,80,80,80,80,80,80,80,80,80,80,80,80,80],"relic_stats":{"counters":[15,59],"Prayer Wheel":0,"Question Card":11,"obtain_stats":[{"ReplayTheSpireMod:Spearhead":19,"sneckomod:BlankCard":6,"Prayer Wheel":23,"infinitespire:Burning Sword":17,"Bottled Lightning":8,"Question Card":9,"Burning Blood":0,"Unceasing Top":0,"White Beast Statue":13},{"ReplayTheSpireMod:Spearhead":11,"sneckomod:BlankCard":4,"Prayer Wheel":14,"infinitespire:Burning Sword":10,"Bottled Lightning":6,"Question Card":6,"Burning Blood":0,"Unceasing Top":0,"White Beast Statue":8},{"ReplayTheSpireMod:Spearhead":46,"sneckomod:BlankCard":13,"Prayer Wheel":55,"infinitespire:Burning Sword":45,"Bottled Lightning":23,"Question Card":23,"Burning Blood":0,"Unceasing Top":0,"White Beast Statue":30}],"Burning Blood":78,"Unceasing Top":[0]},"card_choices":[{"not_picked":["Flex","Replay:Undeath\u0027s Touch"],"picked":"Spot Weakness","floor":1.0},{"not_picked":["Replay:Undeath\u0027s Touch","Headbutt"],"picked":"Heavy Blade","floor":3},{"not_picked":["ReplayTheSpireMod:Corrosion Curse","Flex"],"picked":"ReplayTheSpireMod:Stacked","floor":5},{"not_picked":["Fiend Fire","Abandon","Heavy Blade"],"picked":"SKIP","floor":6},{"not_picked":["Iron Wave","ReplayTheSpireMod:Strike From Hell"],"picked":"Run Through","floor":7},{"not_picked":["Headbutt","True Grit"],"picked":"Pommel Strike","floor":8},{"not_picked":["ReplayTheSpireMod:Stacked","Anger","Headbutt"],"picked":"Clothesline","floor":11},{"not_picked":["Dual Wield","ReplayTheSpireMod:Strike From Hell","Cleave"],"picked":"Ghostly Armor","floor":12},{"not_picked":["Dual Wield","True Grit","Carnage","Offering"],"picked":"SKIP","floor":14},{"not_picked":["Bludgeon","Fiend Fire","Hemogenesis"],"picked":"Berserk","floor":16},{"not_picked":["Rupture","Clothesline","Spot Weakness"],"picked":"Sword Boomerang","floor":18},{"not_picked":["Feel No Pain","Iron Wave+1","ReplayTheSpireMod:Strike From Hell"],"picked":"ReplayTheSpireMod:Muscle Training","floor":20},{"not_picked":["Pommel Strike","Infernal Blade+1","Headbutt","Massacre"],"picked":"SKIP","floor":22},{"not_picked":["Rupture","Intimidate","Anger"],"picked":"Shockwave","floor":23}],"player_experience":247553,"relics_obtained":[{"floor":6,"key":"sneckomod:BlankCard"},{"floor":8,"key":"Bottled Lightning"},{"floor":9,"key":"Question Card"},{"floor":13,"key":"White Beast Statue"},{"floor":23,"key":"Prayer Wheel"}],"event_choices":[{"damage_healed":0.0,"max_hp_gain":0.0,"max_hp_loss":0.0,"gold_gain":0.0,"event_name":"Shining Light","player_choice":"Entered Light","floor":2.0,"gold_loss":0.0,"damage_taken":16.0,"cards_upgraded":["Strike_R","Spot Weakness"]},{"damage_healed":20,"gold_gain":0,"player_choice":"Healed","damage_taken":0,"max_hp_gain":0,"max_hp_loss":0,"event_name":"The Cleric","floor":10,"gold_loss":35},{"cards_removed":["Berserk"],"damage_healed":0,"gold_gain":0,"player_choice":"Take \u0026 Give","damage_taken":0,"max_hp_gain":0,"max_hp_loss":0,"event_name":"betterNote:BetterNote","floor":21,"gold_loss":0,"cards_obtained":["BattleHymn"]}],"is_beta":false,"boss_relics":[{"not_picked":["Ring of Chaos","Snecko Eye"],"picked":"infinitespire:Burning Sword"}],"items_purged_floors":[19],"is_endless":false,"potions_floor_spawned":[1,3,6,14,16,18,20,22,23],"killed_by":"Replay:Snechameleon","ascension_level":5}}