{"host":"sav7uxregyirlf69","time":1611839073,"event":{"mods":["AchievementEnabler","BaseMod","Colored Map","DeckTracker","Keyboard Shortcuts","Minty Spire (QoL Compilation)","READ ME - Guardian Mod","StSLib","SuperFastMode"],"gold_per_floor":[110,54,71,71,82,82,115,115,141,160,160,175,175,100,100,172,172,186,196,13,63,63,63],"floor_reached":22,"language":"KOR","playtime":306,"items_purged":["Strike_G","Strike_G"],"score":368,"play_id":"24757246-a6e3-48ae-920c-e28cdba6a30c","local_time":"20210128220433","is_ascension_mode":true,"campfire_choices":[{"data":"Noxious Fumes","floor":6,"key":"SMITH"},{"data":"Blade Dance","floor":8,"key":"SMITH"},{"data":"Neutralize","floor":11,"key":"SMITH"},{"data":"Blade Dance","floor":13,"key":"SMITH"},{"floor":15,"key":"RECALL"}],"circlet_count":0,"master_deck":["AscendersBane","Strike_G","Strike_G","Strike_G","Defend_G","Defend_G","Defend_G","Defend_G","Defend_G","Survivor","Neutralize+1","Noxious Fumes+1","Blade Dance+1","Blade Dance+1","Accuracy"],"relics":["Ring of the Snake","NeowsBlessing","Boot","Pear","Lantern","Sozu"],"acts_visited":["Exordium","TheCity"],"potions_floor_usage":[16,16],"damage_taken":[{"damage":0,"enemies":"Cultist","floor":1,"turns":1},{"damage":0,"enemies":"2 Louse","floor":3,"turns":1},{"damage":0,"enemies":"Small Slimes","floor":5,"turns":1},{"damage":34,"enemies":"3 Sentries","floor":7,"turns":8},{"damage":3,"enemies":"Exordium Wildlife","floor":10,"turns":3},{"damage":8,"enemies":"Large Slime","floor":12,"turns":5},{"damage":22,"enemies":"Hexaghost","floor":16,"turns":8},{"damage":31,"enemies":"Spheric Guardian","floor":18,"turns":7},{"damage":15,"enemies":"2 Thieves","floor":19,"turns":4},{"damage":17,"enemies":"Snecko","floor":22,"turns":4}],"seed_played":"-5026413296502498409","potions_obtained":[{"floor":7,"key":"DistilledChaos"},{"floor":10,"key":"FearPotion"},{"floor":16,"key":"Strength Potion"}],"is_trial":false,"path_per_floor":["M","$","M","?","M","R","E","R","T","M","R","M","R","$","R","B",null,"M","M","$","?","M"],"character_chosen":"THE_SILENT","items_purchased":["Blade Dance","Accuracy"],"campfire_rested":0,"item_purchase_floors":[2,20],"current_hp_per_floor":[59,59,59,59,59,59,35,35,35,32,32,24,24,24,24,2,58,27,12,12,12,0,0],"gold":63,"neow_bonus":"THREE_ENEMY_KILL","is_daily":false,"chose_seed":false,"campfire_upgraded":4,"win_rate":0.0,"timestamp":1611839073,"path_taken":["M","$","?","?","M","R","E","R","T","M","R","M","R","$","R","BOSS","M","?","$","?","M"],"items_purchased_type":["Card","Card"],"build_version":"2020-12-22","purchased_purges":2,"victory":false,"max_hp_per_floor":[66,66,66,66,66,66,76,76,76,76,76,76,76,76,76,76,76,76,76,76,76,76,76],"card_choices":[{"not_picked":["Dodge and Roll","Bane"],"picked":"Noxious Fumes","floor":1},{"not_picked":["Skewer","All Out Attack"],"picked":"Dash","floor":3},{"not_picked":["Flying Knee","Expertise","Bane"],"picked":"SKIP","floor":5},{"not_picked":["Flechettes","Underhanded Strike","Skewer"],"picked":"SKIP","floor":7},{"not_picked":["Skewer","Quick Slash"],"picked":"Blade Dance","floor":10},{"not_picked":["Sucker Punch","Bane","Deflect"],"picked":"SKIP","floor":12},{"not_picked":["Riddle With Holes","Sucker Punch","Catalyst"],"picked":"SKIP","floor":18},{"not_picked":["Quick Slash","Prepared","Dagger Spray"],"picked":"SKIP","floor":19}],"player_experience":1422015,"relics_obtained":[{"floor":7,"key":"Pear"},{"floor":9,"key":"Lantern"}],"event_choices":[{"cards_removed":["Dash"],"damage_healed":0,"gold_gain":0,"player_choice":"Gave Card","damage_taken":0,"relics_obtained":["Boot"],"max_hp_gain":0,"max_hp_loss":0,"event_name":"WeMeetAgain","floor":4,"gold_loss":0},{"damage_healed":0,"gold_gain":50,"player_choice":"Stole From Cult","damage_taken":0,"max_hp_gain":0,"max_hp_loss":0,"event_name":"Nest","floor":21,"gold_loss":0}],"is_beta":false,"boss_relics":[{"not_picked":["Coffee Dripper","Snecko Eye"],"picked":"Sozu"}],"items_purged_floors":[14,20],"is_endless":false,"potions_floor_spawned":[7,10,12,16],"killed_by":"Snecko","ascension_level":20}}