{"host":"yx5rao87132cy5xq","time":1611876606,"event":{"mods":["2.2 Compatiblity","AchievementEnabler","BaseMod","Bestiary","Colored Map","Colored Powertips","Minty Spire (QoL Compilation)","Quick Restart","Relic Stats","Slay-I","SuperFastMode"],"gold_per_floor":[116,116,131,92,118,158,182,217,217,217,217,239,274,120,120,120,120],"floor_reached":16,"language":"ENG","playtime":2579,"items_purged":[],"score":236,"play_id":"b10d5623-5c5f-4567-8221-67b84f7e23c7","local_time":"20210129003006","is_ascension_mode":true,"campfire_choices":[{"floor":15.0,"key":"REST"}],"circlet_count":0,"master_deck":["AscendersBane","Strike_R","Strike_R","Strike_R","Strike_R","Strike_R","Defend_R","Defend_R+1","Defend_R","Defend_R","Bash","Iron Wave","Wild Strike","Evolve","Shrug It Off+1","Metallicize","Corruption","Second Wind","Power Through"],"relics":["Burning Blood","NeowsBlessing","Art of War","CeramicFish","Meat on the Bone","Blue Candle","Omamori","War Paint"],"acts_visited":[],"potions_floor_usage":[16,16],"damage_taken":[{"damage":0.0,"enemies":"2 Louse","floor":1.0,"turns":1.0},{"damage":0.0,"enemies":"Cultist","floor":3.0,"turns":1.0},{"damage":0.0,"enemies":"Gremlin Nob","floor":6.0,"turns":1.0},{"damage":0.0,"enemies":"Small Slimes","floor":7.0,"turns":3.0},{"damage":13.0,"enemies":"3 Sentries","floor":8.0,"turns":11.0},{"damage":10.0,"enemies":"Blue Slaver","floor":12.0,"turns":4.0},{"damage":50.0,"enemies":"Gremlin Nob","floor":13.0,"turns":6.0},{"damage":54,"enemies":"The Guardian","floor":16,"turns":19}],"seed_played":"-1558245178547367729","potions_obtained":[{"floor":2.0,"key":"Swift Potion"},{"floor":2.0,"key":"Energy Potion"}],"is_trial":false,"path_per_floor":["M","?","M","$","T","E","M","E","T","?","$","M","E","$","R","B"],"character_chosen":"IRONCLAD","items_purchased":["Evolve","War Paint"],"campfire_rested":1,"item_purchase_floors":[4,14],"current_hp_per_floor":[78,78,80,80,80,80,80,73,73,78,78,74,42,42,67,13,13],"gold":120,"neow_bonus":"THREE_ENEMY_KILL","is_daily":false,"chose_seed":false,"campfire_upgraded":0,"win_rate":0.0,"timestamp":1611876606,"path_taken":["M","?","M","$","?","E","M","E","T","?","$","M","E","?","R","BOSS"],"items_purchased_type":["Card","Relic"],"build_version":"2020-12-22","purchased_purges":0,"victory":false,"max_hp_per_floor":[80,80,80,80,80,80,80,80,80,85,85,85,85,85,85,85,85],"relic_stats":{"counters":[8,46],"CeramicFish":45,"Blue Candle":[0],"Art of War":[1],"War Paint":["Shrug It Off","Defend_R"],"obtain_stats":[{"NeowsBlessing":0,"CeramicFish":6,"Blue Candle":9,"Art of War":5,"Omamori":13,"War Paint":14,"Burning Blood":0,"Meat on the Bone":8},{"NeowsBlessing":0,"CeramicFish":3,"Blue Candle":5,"Art of War":2,"Omamori":7,"War Paint":7,"Burning Blood":0,"Meat on the Bone":5},{"NeowsBlessing":0,"CeramicFish":3,"Blue Candle":17,"Art of War":2,"Omamori":27,"War Paint":27,"Burning Blood":0,"Meat on the Bone":17}],"Burning Blood":26,"Meat on the Bone":12},"card_choices":[{"not_picked":["Flex","Infernal Blade"],"picked":"Iron Wave","floor":1.0},{"not_picked":["Disarm","Sever Soul"],"picked":"Wild Strike","floor":3.0},{"not_picked":["Sentinel","Rampage"],"picked":"Shrug It Off","floor":6.0},{"not_picked":["Heavy Blade","Headbutt"],"picked":"Metallicize","floor":7.0},{"not_picked":["Twin Strike","Armaments"],"picked":"Corruption","floor":8.0},{"not_picked":["Pommel Strike","Searing Blow"],"picked":"Second Wind","floor":12.0},{"not_picked":["Thunderclap","Havoc"],"picked":"Power Through","floor":13.0}],"player_experience":882249,"relics_obtained":[{"floor":5.0,"key":"Art of War"},{"floor":6.0,"key":"CeramicFish"},{"floor":8.0,"key":"Meat on the Bone"},{"floor":9.0,"key":"Blue Candle"},{"floor":13.0,"key":"Omamori"}],"event_choices":[{"damage_healed":0.0,"max_hp_gain":0.0,"max_hp_loss":0.0,"gold_gain":0.0,"event_name":"Lab","player_choice":"Got Potions","floor":2.0,"gold_loss":0.0,"damage_taken":0.0},{"damage_healed":0.0,"max_hp_gain":5.0,"max_hp_loss":0.0,"gold_gain":0.0,"event_name":"Big Fish","player_choice":"Donut","floor":10.0,"gold_loss":0.0,"damage_taken":0.0}],"is_beta":false,"boss_relics":[],"items_purged_floors":[],"is_endless":false,"potions_floor_spawned":[3,6,12],"killed_by":"The Guardian","ascension_level":13}}