{"host":"kh4wzxwh3q3yppxp","time":1611810517,"event":{"mods":["AchievementEnabler","BaseMod","Colored Map","DeckTracker","Minty Spire (QoL Compilation)","Quick Restart","StSLib"],"gold_per_floor":[112,127,127,138,213,213,11,24,48,60,60,74,100,100,100,100,100],"floor_reached":16,"language":"ENG","playtime":580,"items_purged":[],"score":102,"play_id":"9e6bf0b7-953a-485e-b56f-a468a050b145","local_time":"20210128070837","is_ascension_mode":false,"campfire_choices":[{"data":"Double Energy","floor":6,"key":"SMITH"},{"data":"Double Energy","floor":11,"key":"SMITH"},{"floor":15,"key":"REST"}],"circlet_count":0,"master_deck":["Strike_B","Strike_B","Strike_B","Defend_B","Defend_B","Defend_B","Defend_B","Zap","Dualcast","Sweeping Beam","Double Energy+1","Coolheaded","Double Energy+1","Darkness","White Noise+1"],"relics":["Cracked Core","MealTicket","Medical Kit","Pen Nib","Bronze Scales"],"acts_visited":["Exordium"],"potions_floor_usage":[13],"damage_taken":[{"damage":2,"enemies":"2 Louse","floor":1,"turns":3},{"damage":1,"enemies":"Jaw Worm","floor":2,"turns":4},{"damage":4,"enemies":"Small Slimes","floor":4,"turns":3},{"damage":6,"enemies":"2 Fungi Beasts","floor":8,"turns":4},{"damage":16,"enemies":"Exordium Wildlife","floor":10,"turns":4},{"damage":2,"enemies":"3 Louse","floor":12,"turns":3},{"damage":28,"enemies":"Lagavulin","floor":13,"turns":6},{"damage":35,"enemies":"The Guardian","floor":16,"turns":5}],"seed_played":"3734078950470391578","potions_obtained":[{"floor":1,"key":"AttackPotion"},{"floor":4,"key":"Strength Potion"},{"floor":12,"key":"LiquidBronze"},{"floor":13,"key":"Energy Potion"}],"is_trial":false,"path_per_floor":["M","M","?","M","?","R","$","M","T","M","R","M","E","?","R","B"],"character_chosen":"DEFECT","items_purchased":["Coolheaded","Medical Kit"],"campfire_rested":1,"item_purchase_floors":[7,7],"current_hp_per_floor":[73,72,65,61,50,50,65,59,59,43,43,41,13,13,35,0,0],"gold":100,"neow_bonus":"RANDOM_COMMON_RELIC","is_daily":false,"chose_seed":false,"campfire_upgraded":2,"win_rate":0.0,"timestamp":1611810517,"path_taken":["M","M","?","M","?","R","$","?","T","M","R","M","E","?","R","BOSS"],"items_purchased_type":["Card","Relic"],"build_version":"2020-12-22","purchased_purges":0,"victory":false,"max_hp_per_floor":[75,75,75,75,75,75,75,75,75,75,75,75,75,75,75,75,75],"card_choices":[{"not_picked":["Undo","Chill"],"picked":"Sweeping Beam","floor":1},{"not_picked":["Compile Driver","FTL","Gash"],"picked":"SKIP","floor":2},{"not_picked":["Recycle","Streamline"],"picked":"Double Energy","floor":4},{"not_picked":["Consume","Turbo"],"picked":"Double Energy","floor":8},{"not_picked":["Coolheaded","Cold Snap","Self Repair"],"picked":"SKIP","floor":10},{"not_picked":["Stack","Sweeping Beam"],"picked":"Darkness","floor":12},{"not_picked":["Tempest","Cold Snap"],"picked":"White Noise","floor":13}],"player_experience":715086,"relics_obtained":[{"floor":9,"key":"Pen Nib"},{"floor":13,"key":"Bronze Scales"}],"event_choices":[{"cards_removed":["Strike_B"],"damage_healed":0,"gold_gain":0,"player_choice":"Card Removal","damage_taken":7,"max_hp_gain":0,"max_hp_loss":0,"event_name":"Golden Wing","floor":3,"gold_loss":0},{"damage_healed":0,"gold_gain":75,"player_choice":"Gather Gold","damage_taken":11,"max_hp_gain":0,"max_hp_loss":0,"event_name":"World of Goop","floor":5,"gold_loss":0},{"damage_healed":0,"gold_gain":0,"player_choice":"Grow","damage_taken":0,"max_hp_gain":0,"max_hp_loss":0,"event_name":"Living Wall","floor":14,"gold_loss":0,"cards_upgraded":["White Noise"]}],"is_beta":false,"boss_relics":[],"items_purged_floors":[],"is_endless":false,"potions_floor_spawned":[1,4,12,13],"killed_by":"The Guardian","ascension_level":0}}