{"host":"en5iwpx6safv422o","time":1611807438,"event":{"mods":["AchievementEnabler","Aspiration","BaseMod","Beaked The Cultist","Card Forge","ChefMod","Downfall","FetchMod","Hermit","Infinite Spire","Jedi Mod","Marisa????????","Minty Spire (QoL Compilation)","Rare Cards Sparkle","Remove Card Discount Mod","Robot Space Explorer","StSLib","The Bug Knight","The Marked","The Runesmith","The Servant 0.9.4"],"gold_per_floor":[109,2279,2279,1571,1587,1621,1621,1640,1640,2003,2019,1544,1576,1591,1591,1693,1693,1710,1258,1258,1273,1273,1307,1320,1353,1379,1411,1428,1460,1494,1593,1593,1691,1691,1711,1933,1949,2002,2018,2018,2043,1413,1485,1485,1512,1542,1554,1599,1611,1623,1635,1647,1659,1698,1710],"floor_reached":56,"language":"ENG","playtime":3647,"items_purged":["theMarked:Strike+1","theMarked:Strike+1","theMarked:Strike+1","theMarked:Strike+1"],"score":1967,"play_id":"0da4800f-9ad9-4821-9454-e466fba09f6c","local_time":"20210127211718","is_ascension_mode":true,"campfire_choices":[{"floor":7,"key":"RECALL"},{"floor":15,"key":"REST"},{"floor":32,"key":"REST"},{"floor":40,"key":"REST"},{"floor":44,"key":"REST"},{"floor":47,"key":"REST"},{"floor":49,"key":"REST"},{"floor":52,"key":"REST"}],"circlet_count":0,"master_deck":["theMarked:Defend+1","theMarked:Defend+1","theMarked:SoldierOfQuellstein+1","theMarked:Memento+1","theMarked:Vacuum+1","theMarked:ParalyzingBlade+1","theMarked:WardOff+1","theMarked:Determination+1","theMarked:MuscleMemory+1","theMarked:Improvise+1","theMarked:EnhanceMovement+1","theMarked:WardOff+1","theMarked:ThrowWeapon+1","theMarked:SelfDefenseTraining+1","theMarked:BanishingStrike+1","theMarked:ChainLightning+1","theMarked:Seal+1","theMarked:StartUp+1","theMarked:MagusForm+1","theMarked:Polarize+1","theMarked:Defy+1","theMarked:Heritage+1","theMarked:EternalStudent+1","theMarked:EmpowerWeapon+1","theMarked:StartUp+1","theMarked:WardOff+1","theMarked:WardOff+1","theMarked:WardOff+1","theMarked:WardOff+1","theMarked:WardOff+1","theMarked:WardOff+1","theMarked:WardOff+1","theMarked:WardOff+1","theMarked:Memento+1","theMarked:Memento+1","theMarked:MagusForm+1","theMarked:WardOff+1"],"relics":["theMarked:BronzeBlade","Hammer of Thor","Seething Fire","Anvil of the Gods","Vajra","Oddly Smooth Stone","Molten Egg 2","Toxic Egg 2","Frozen Egg 2","War Paint","Toy Ornithopter","Frozen Eye","Regal Pillow","Pantograph","ClockworkSouvenir","Letter Opener","Old Coin","Blood Vial","Strange Spoon","Omamori","SlaversCollar","beaked:SacredNecklace","Happy Flower","PreservedInsect","HandDrill","MutagenicStrength","Runesmith:AutoHammer","jedi:angrymask","Pen Nib","HollowMod:PaleOreRelic","Red Mask","Orichalcum","Black Star","theMarked:VonisonLock","infinitespire:PuzzleCube","Eternal Feather","infinitespire:FocusingShard","Lizard Tail","beaked:SacredNecklace","Frozen Egg 2","MawBank","Mango","Pear","theMarked:KettuFlask","Mummified Hand","HollowMod:QueensCombRelic"],"acts_visited":["Exordium","TheCity","TheBeyond","TheEnding"],"potions_floor_usage":[5,10,13,14,16,16,28,28,35,35,46,46,48],"damage_taken":[{"damage":0,"enemies":"Small Slimes","floor":1,"turns":2},{"damage":0,"enemies":"infinitespire:Voidling","floor":5,"turns":2},{"damage":0,"enemies":"Gremlin Nob","floor":6,"turns":2},{"damage":0,"enemies":"2 Louse","floor":8,"turns":2},{"damage":0,"enemies":"Lagavulin Event","floor":10,"turns":3},{"damage":0,"enemies":"Exordium Wildlife","floor":11,"turns":3},{"damage":0,"enemies":"Lagavulin","floor":13,"turns":3},{"damage":0,"enemies":"Red Slaver","floor":14,"turns":2},{"damage":0,"enemies":"Slime Boss","floor":16,"turns":6},{"damage":0,"enemies":"2 Thieves","floor":18,"turns":4},{"damage":6,"enemies":"3 Byrds","floor":21,"turns":3},{"damage":0,"enemies":"Slavers","floor":23,"turns":4},{"damage":0,"enemies":"Cultist and Chosen","floor":24,"turns":4},{"damage":0,"enemies":"Gremlin Leader","floor":25,"turns":3},{"damage":0,"enemies":"Slavers","floor":27,"turns":3},{"damage":0,"enemies":"Snake Plant","floor":28,"turns":3},{"damage":0,"enemies":"Masked Bandits","floor":29,"turns":3},{"damage":19,"enemies":"Nightmare","floor":30,"turns":5},{"damage":0,"enemies":"Champ","floor":33,"turns":7},{"damage":0,"enemies":"Orb Walker","floor":35,"turns":2},{"damage":0,"enemies":"3 Darklings","floor":37,"turns":3},{"damage":0,"enemies":"2 Orb Walkers","floor":38,"turns":3},{"damage":13,"enemies":"Sphere and 2 Shapes","floor":39,"turns":4},{"damage":0,"enemies":"Reptomancer","floor":41,"turns":3},{"damage":2,"enemies":"Nemesis","floor":45,"turns":3},{"damage":0,"enemies":"Maw","floor":46,"turns":2},{"damage":0,"enemies":"Reptomancer","floor":48,"turns":2},{"damage":0,"enemies":"Donu and Deca","floor":50,"turns":6},{"damage":0,"enemies":"Shield and Spear","floor":54,"turns":4},{"damage":0,"enemies":"The Heart","floor":55,"turns":8}],"seed_played":"5479248268785662048","potions_obtained":[{"floor":1,"key":"jedi:wingpotion"},{"floor":6,"key":"Dexterity Potion"},{"floor":10,"key":"ColorlessPotion"},{"floor":14,"key":"EntropicBrew"},{"floor":18,"key":"Guardian:BlockOnCardUsePotion"},{"floor":21,"key":"Regen Potion"},{"floor":27,"key":"FearPotion"},{"floor":28,"key":"BlessingOfTheForge"},{"floor":29,"key":"SteroidPotion"},{"floor":37,"key":"Weak Potion"},{"floor":39,"key":"ColorlessPotion"},{"floor":46,"key":"jedi:StrikingPotion"},{"floor":48,"key":"jedi:mysterypotion"},{"floor":54,"key":"champ:CounterPotion"}],"is_trial":false,"path_per_floor":["M","$","?","$","M","E","R","M","T","?","M","$","E","M","R","B",null,"M","$","?","M","?","E","M","E","T","E","M","?","NM","?","R","B",null,"M","?","M","?","M","R","E","$","T","R","E","M","R","E","R","B",null,"R","$","E","B",null],"character_chosen":"THE_DEFAULT","items_purchased":["theMarked:Vacuum+1","theMarked:ParalyzingBlade+1","theMarked:WardOff+1","War Paint","Toy Ornithopter","Frozen Eye","Energy Potion","theMarked:Determination+1","Regal Pillow","Pantograph","ClockworkSouvenir","theMarked:MuscleMemory+1","theMarked:Improvise+1","theMarked:EnhanceMovement+1","Blood Vial","Strange Spoon","theMarked:BanishingStrike+1","theMarked:ChainLightning+1","theMarked:Seal+1","Happy Flower","PreservedInsect","HandDrill","infinitespire:FocusingShard","Lizard Tail","theMarked:StartUp+1"],"campfire_rested":7,"item_purchase_floors":[2,2,2,2,2,2,2,2,4,4,4,4,4,4,12,12,12,12,12,19,19,19,42,42,42],"current_hp_per_floor":[70,70,70,70,70,70,70,70,70,70,70,70,70,70,70,70,70,70,70,70,64,64,66,68,70,70,70,70,70,51,51,70,70,70,70,70,70,70,57,70,70,70,70,70,82,84,84,94,94,94,94,94,94,100,100],"gold":1722,"neow_bonus":"NOSTALGIA","is_daily":false,"chose_seed":false,"campfire_upgraded":0,"win_rate":0.0,"timestamp":1611807438,"path_taken":["M","$","?","$","?","E","R","M","T","?","M","?","E","M","R","BOSS","M","$","?","M","?","E","M","E","T","E","M","?","NM","?","R","BOSS","M","?","M","?","M","R","E","?","T","R","E","?","R","E","R","BOSS","R","$","E","BOSS"],"items_purchased_type":["Card","Card","Card","Relic","Relic","Relic","Potion","Card","Relic","Relic","Relic","Card","Card","Card","Relic","Relic","Card","Card","Card","Relic","Relic","Relic","Relic","Relic","Card"],"build_version":"2020-12-22","purchased_purges":4,"victory":true,"max_hp_per_floor":[70,70,70,70,70,70,70,70,70,70,70,70,70,70,70,70,70,70,70,70,70,70,70,70,70,70,70,70,70,70,70,70,70,70,70,70,70,70,70,70,70,70,70,70,84,84,84,94,94,94,94,94,94,100,100],"card_choices":[{"not_picked":["theMarked:MuscleMemory+1","theMarked:Aftermath+1"],"picked":"theMarked:Memento+1","floor":1},{"not_picked":["theMarked:Aftermath+1","theMarked:Frustration+1"],"picked":"theMarked:WardOff+1","floor":5},{"not_picked":["theMarked:Convert+1","theMarked:LightningStrikesTwice+1","theMarked:Generate+1"],"picked":"SKIP","floor":6},{"not_picked":["theMarked:RepellingDischarge+1","theMarked:Reabsorb+1"],"picked":"theMarked:ThrowWeapon+1","floor":8},{"not_picked":["theMarked:SwordAndMagic+1","theMarked:ElectricStrings+1"],"picked":"theMarked:SelfDefenseTraining+1","floor":10},{"not_picked":["theMarked:Overthink+1","theMarked:Improvise+1","theMarked:Indomitable+1"],"picked":"SKIP","floor":11},{"not_picked":["theMarked:AttractMetal+1","theMarked:Frustration+1"],"picked":"theMarked:StartUp+1","floor":13},{"not_picked":["theMarked:EmpowerWeapon+1","theMarked:Frustration+1","theMarked:Improvise+1"],"picked":"SKIP","floor":14},{"not_picked":["theMarked:TakeOffHeels+1","theMarked:ThrowWeapon+1"],"picked":"theMarked:MagusForm+1","floor":16},{"not_picked":["theMarked:EmpowerWeapon+1","theMarked:ResourceFulStrike+1","theMarked:TwofoldDefense+1"],"picked":"SKIP","floor":18},{"not_picked":["theMarked:WastefulAttack+1","theMarked:Reabsorb+1","theMarked:ElectricStrings+1"],"picked":"SKIP","floor":21},{"not_picked":["theMarked:ShockingTouch+1","theMarked:TakeCover+1","theMarked:SwordAndMagic+1"],"picked":"SKIP","floor":23},{"not_picked":["theMarked:ResourceFulStrike+1","theMarked:TwofoldDefense+1"],"picked":"theMarked:Polarize+1","floor":24},{"not_picked":["theMarked:Standoff+1","theMarked:TheMission+1","theMarked:Determination+1"],"picked":"SKIP","floor":25},{"not_picked":["theMarked:Panic+1","theMarked:Maelstrom+1"],"picked":"theMarked:Defy+1","floor":27},{"not_picked":["theMarked:ContemptForTheProud+1","theMarked:ElectricStrings+1","theMarked:TakeCover+1"],"picked":"SKIP","floor":28},{"not_picked":["theMarked:SwordAndMagic+1","theMarked:HeightenedSenses+1"],"picked":"theMarked:Heritage+1","floor":29},{"not_picked":["theMarked:TunnelVision+1","theMarked:LightningStrikesTwice+1","theMarked:TakeCover+1"],"picked":"SKIP","floor":30},{"not_picked":["theMarked:Defy+1","theMarked:FavorableWinds+1"],"picked":"theMarked:EternalStudent+1","floor":33},{"not_picked":["theMarked:AttractMetal+1","theMarked:Seal+1"],"picked":"theMarked:EmpowerWeapon+1","floor":35},{"not_picked":["theMarked:SwordAndMagic+1","theMarked:KeepCalmAndFight+1","theMarked:TwofoldDefense+1"],"picked":"SKIP","floor":37},{"not_picked":["theMarked:RepellingDischarge+1","theMarked:Aftermath+1","theMarked:ChannelForce+1"],"picked":"SKIP","floor":39},{"not_picked":["theMarked:TheMission+1","theMarked:Indomitable+1","theMarked:TunnelVision+1"],"picked":"SKIP","floor":41},{"not_picked":["theMarked:Aftermath+1","theMarked:StartUp+1"],"picked":"theMarked:WardOff+1","floor":45},{"not_picked":["theMarked:SwordAndMagic+1","theMarked:Improvise+1","theMarked:ChainLightning+1"],"picked":"SKIP","floor":46},{"not_picked":["theMarked:KeepCalmAndFight+1","theMarked:EmpowerWeapon+1"],"picked":"theMarked:WardOff+1","floor":48},{"not_picked":["theMarked:ThrowWeapon+1","theMarked:WastefulAttack+1"],"picked":"theMarked:WardOff+1","floor":54}],"player_experience":370634,"relics_obtained":[{"floor":6,"key":"Letter Opener"},{"floor":10,"key":"Old Coin"},{"floor":13,"key":"Omamori"},{"floor":23,"key":"Runesmith:AutoHammer"},{"floor":25,"key":"jedi:angrymask"},{"floor":26,"key":"Pen Nib"},{"floor":27,"key":"HollowMod:PaleOreRelic"},{"floor":29,"key":"Red Mask"},{"floor":30,"key":"Orichalcum"},{"floor":38,"key":"theMarked:VonisonLock"},{"floor":41,"key":"infinitespire:PuzzleCube"},{"floor":41,"key":"Eternal Feather"},{"floor":43,"key":"Frozen Egg 2"},{"floor":45,"key":"MawBank"},{"floor":45,"key":"Mango"},{"floor":48,"key":"Pear"},{"floor":48,"key":"theMarked:KettuFlask"},{"floor":54,"key":"Mummified Hand"},{"floor":54,"key":"HollowMod:QueensCombRelic"}],"event_choices":[{"cards_removed":["theMarked:Strike"],"damage_healed":0,"gold_gain":0,"player_choice":"Purged","damage_taken":0,"max_hp_gain":0,"max_hp_loss":0,"event_name":"Purifier","floor":3,"gold_loss":0},{"damage_healed":0,"gold_gain":0,"player_choice":"Searched \u00272\u0027 times","damage_taken":0,"max_hp_gain":0,"max_hp_loss":0,"event_name":"Dead Adventurer","floor":10,"gold_loss":0},{"damage_healed":0,"gold_gain":0,"player_choice":"Ignored","damage_taken":0,"max_hp_gain":0,"max_hp_loss":0,"event_name":"Vampires","floor":20,"gold_loss":0},{"damage_healed":0,"gold_gain":0,"player_choice":"Inject Mutagens","damage_taken":0,"relics_obtained":["MutagenicStrength"],"max_hp_gain":0,"max_hp_loss":0,"event_name":"Drug Dealer","floor":22,"gold_loss":0},{"damage_healed":0,"gold_gain":0,"player_choice":"Fought Bandits","damage_taken":0,"max_hp_gain":0,"max_hp_loss":0,"event_name":"Masked Bandits","floor":29,"gold_loss":0},{"damage_healed":0,"gold_gain":99,"player_choice":"Stole From Cult","damage_taken":0,"max_hp_gain":0,"max_hp_loss":0,"event_name":"Nest","floor":31,"gold_loss":0},{"damage_healed":0,"gold_gain":222,"player_choice":"Wore Mask","damage_taken":0,"max_hp_gain":0,"max_hp_loss":0,"event_name":"Tomb of Lord Red Mask","floor":36,"gold_loss":0},{"damage_healed":0,"gold_gain":0,"player_choice":"Fight","damage_taken":0,"max_hp_gain":0,"max_hp_loss":0,"event_name":"Mysterious Sphere","floor":38,"gold_loss":0}],"is_beta":false,"boss_relics":[{"not_picked":["Busted Crown","aspiration:WatcherSkillbook"],"picked":"SlaversCollar"},{"not_picked":["Calling Bell","theMarked:SpiritSword"],"picked":"theMarked:BronzeBlade"}],"items_purged_floors":[12,12,12,12],"is_endless":false,"potions_floor_spawned":[1,6,10,14,18,21,27,28,29,37,39,46,48,54],"ascension_level":1}}