{"host":"jpcy2bclvs7juczu","time":1611871569,"event":{"mods":["Alarm Clock","BaseMod","Bestiary","Block Reminder","Colored Map","Colored Powertips","Curses Come First","Dark Map","Minty Spire (QoL Compilation)","Quick Restart","RNG Fix","Relic Stats","Slay the Relics Exporter","StSLib","ojb\u0027s Better Paths Mod","ojb\u0027s Info Mod","slay the spire mod where everything is the same but ironclad has a cowboy hat"],"gold_per_floor":[19,34,49,99,99,99,134,134,134,154,187,147,147,46,46,118,118,138,154,1,51,66,66,86,86,86],"floor_reached":25,"language":"ENG","playtime":809,"items_purged":["Brutality","Strike_R"],"score":422,"play_id":"77aaf698-f3d6-4563-a567-13381613612c","local_time":"20210128170609","is_ascension_mode":true,"campfire_choices":[{"data":"Whirlwind","floor":6.0,"key":"SMITH"},{"floor":8.0,"key":"REST"},{"floor":13.0,"key":"REST"},{"data":"Flame Barrier","floor":15.0,"key":"SMITH"},{"floor":23.0,"key":"REST"}],"circlet_count":0,"master_deck":["AscendersBane","Strike_R","Strike_R","Strike_R","Defend_R","Defend_R","Defend_R","Bash","Second Wind","Pommel Strike","Whirlwind+1","Iron Wave","Wild Strike","Flame Barrier+1","Shrug It Off","True Grit","Feed","Inflame+1","Battle Trance","Armaments","Feel No Pain+1"],"relics":["Burning Blood","Self Forming Clay","Frozen Egg 2","Happy Flower","Black Star"],"acts_visited":["Exordium","TheCity"],"potions_floor_usage":[],"damage_taken":[{"damage":6.0,"enemies":"Cultist","floor":1.0,"turns":4.0},{"damage":4.0,"enemies":"Small Slimes","floor":2.0,"turns":3.0},{"damage":7.0,"enemies":"Jaw Worm","floor":3.0,"turns":3.0},{"damage":58.0,"enemies":"Lagavulin","floor":7.0,"turns":8.0},{"damage":7.0,"enemies":"Large Slime","floor":10.0,"turns":4.0},{"damage":28.0,"enemies":"Gremlin Nob","floor":11.0,"turns":4.0},{"damage":20.0,"enemies":"The Guardian","floor":16.0,"turns":11.0},{"damage":22.0,"enemies":"2 Thieves","floor":18.0,"turns":2.0},{"damage":15.0,"enemies":"Spheric Guardian","floor":19.0,"turns":6.0},{"damage":21.0,"enemies":"3 Cultists","floor":22.0,"turns":5.0},{"damage":25.0,"enemies":"Shelled Parasite and Fungi","floor":24.0,"turns":10.0},{"damage":42,"enemies":"Gremlin Leader","floor":25,"turns":4}],"seed_played":"4880292778531949788","potions_obtained":[{"floor":2.0,"key":"Weak Potion"},{"floor":10.0,"key":"SteroidPotion"},{"floor":12.0,"key":"Strength Potion"},{"floor":12.0,"key":"CultistPotion"},{"floor":16.0,"key":"EssenceOfSteel"},{"floor":19.0,"key":"PowerPotion"}],"is_trial":false,"path_per_floor":["M","M","M","?","T","R","E","R","T","M","E","?","R","$","R","B",null,"M","M","$","?","M","R","M","E"],"character_chosen":"IRONCLAD","items_purchased":["True Grit","Armaments"],"campfire_rested":3,"item_purchase_floors":[14,20],"current_hp_per_floor":[68,70,69,62,62,62,10,32,32,31,9,9,31,31,31,17,61,48,42,42,42,30,55,40,0,0],"gold":86,"neow_bonus":"TRANSFORM_TWO_CARDS","is_daily":false,"chose_seed":false,"campfire_upgraded":2,"win_rate":0.0,"timestamp":1611871569,"path_taken":["M","M","M","?","?","R","E","R","T","M","E","?","R","?","R","BOSS","M","M","$","?","M","R","M","E"],"items_purchased_type":["Card","Card"],"build_version":"2020-12-22","purchased_purges":2,"victory":false,"max_hp_per_floor":[75,75,75,75,75,75,75,75,75,75,75,75,75,75,75,75,75,78,81,81,81,84,84,88,88,88],"relic_stats":{"Happy Flower":[12],"counters":[12,64],"Self Forming Clay":[72],"Black Star":0,"obtain_stats":[{"Happy Flower":11,"Self Forming Clay":7,"Black Star":17,"Frozen Egg 2":9,"Burning Blood":0},{"Happy Flower":6,"Self Forming Clay":4,"Black Star":7,"Frozen Egg 2":4,"Burning Blood":0},{"Happy Flower":26,"Self Forming Clay":18,"Black Star":37,"Frozen Egg 2":18,"Burning Blood":0}],"Burning Blood":66},"card_choices":[{"not_picked":["Entrench","Bloodletting"],"picked":"Pommel Strike","floor":1.0},{"not_picked":["Rage","Anger"],"picked":"Whirlwind","floor":2.0},{"not_picked":["Body Slam","Berserk"],"picked":"Iron Wave","floor":3.0},{"not_picked":["Havoc","Berserk"],"picked":"Wild Strike","floor":7.0},{"not_picked":["Clothesline","Sentinel"],"picked":"Flame Barrier","floor":10.0},{"not_picked":["Twin Strike","Double Tap"],"picked":"Shrug It Off","floor":11.0},{"not_picked":["Fiend Fire","Immolate"],"picked":"Feed","floor":16.0},{"not_picked":["Perfected Strike","Heavy Blade+1"],"picked":"Inflame+1","floor":18.0},{"not_picked":["Seeing Red","Anger"],"picked":"Battle Trance","floor":19.0},{"not_picked":["Heavy Blade","Thunderclap"],"picked":"Feel No Pain+1","floor":22.0},{"not_picked":["Perfected Strike","Thunderclap","Headbutt"],"picked":"SKIP","floor":24.0}],"player_experience":1504912,"relics_obtained":[{"floor":7.0,"key":"Self Forming Clay"},{"floor":9.0,"key":"Frozen Egg 2"},{"floor":11.0,"key":"Happy Flower"}],"event_choices":[{"damage_healed":0.0,"max_hp_gain":0.0,"max_hp_loss":0.0,"gold_gain":50.0,"event_name":"FaceTrader","player_choice":"Touch","floor":4.0,"gold_loss":0.0,"damage_taken":7.0},{"damage_healed":0.0,"max_hp_gain":0.0,"max_hp_loss":0.0,"gold_gain":0.0,"event_name":"The Woman in Blue","player_choice":"Bought 3 Potions","floor":12.0,"gold_loss":0.0,"damage_taken":0.0},{"damage_healed":0.0,"max_hp_gain":0.0,"max_hp_loss":0.0,"gold_gain":50.0,"event_name":"Nest","player_choice":"Stole From Cult","floor":21.0,"gold_loss":0.0,"damage_taken":0.0}],"is_beta":false,"boss_relics":[{"not_picked":["Cursed Key","Fusion Hammer"],"picked":"Black Star"}],"items_purged_floors":[14,20],"is_endless":false,"potions_floor_spawned":[2,10,16,19],"killed_by":"Gremlin Leader","ascension_level":20}}