{"host":"mnbcmacrd1psrd1k","time":1611868340,"event":{"mods":["100% Spire Juice","2.2 Compatiblity","AchievementEnabler","Act Like it!","AlwaysNeverKeys","Aspiration","BaseMod","Better Note","CapriCore","Colored Map","Colored Powertips","Conspire","Elementarium","Energized Spire","Friendly Minions","GifTheSpireLib","Googly Eyes","Halation","Hallownest","Highlight Path","Infinite Spire","Marked Mod","Menagerie","Minty Spire (QoL Compilation)","Permanent Neow","Quarter Circle Forward PUNCH!","Quick Restart","RRrroohrrRGHHhhh!!","Rare Cards Sparkle","Relic Sorter","Replay The Spire","Robot Space Explorer","Shop Mod","Small Relic Pack","Spikes Relics","StSLib","Stuff the Spire","SuperFastMode","The Blue Laboratory","The Marked","The Problem Sleuth","TheVacant","Trackpad","Treasure Hunter","Unceasing Turn Reminder","Wandering Minibosses","noobMod","slay the spire mod where everything is the same but ironclad has a cowboy hat","thorton"],"gold_per_floor":[118,21,121,132,148,183,183,201,276,310,330,358,369,397,397,495,495,507,707,600,700,700,730,730,756,756,756,756,756],"floor_reached":27,"language":"ENG","playtime":1433,"items_purged":["theSleuth:OglogMRubbit"],"score":400,"play_id":"148cf0b5-3b84-41ac-9cd9-001d8f60bb42","local_time":"20210128151220","is_ascension_mode":true,"campfire_choices":[{"data":"theSleuth:OpportunityCost","floor":7,"key":"SMITH"},{"data":"theSleuth:GummyWormZombie","floor":15,"key":"SMITH"},{"data":"theSleuth:Diabeatdown","floor":24,"key":"SMITH"}],"circlet_count":0,"master_deck":["theSleuth:Strike","theSleuth:Strike","theSleuth:Strike","theSleuth:Strike","theSleuth:Defend+1","theSleuth:Defend","theSleuth:Defend+1","theSleuth:KeyHandgun","theSleuth:TakeInventory","theSleuth:Diplomacy","theSleuth:GummyWormZombie+1","theSleuth:Embarrass+1","theSleuth:Embarrass+1","theSleuth:TruffleShuffle","theSleuth:WilsonBust","TH:ElvenBoots","theSleuth:BenStillerBust","theSleuth:TruffleShuffle","theSleuth:Diabeatdown+1","theSleuth:TruffleShuffle","theSleuth:Parry","theSleuth:TorsoFlail","theSleuth:BrassTacks","Parasite","rorgmod:Ache","rorgmod:Ache","theSleuth:Ignore","theSleuth:BellyOTheWhale","Headbutt","theSleuth:KingpinBust"],"relics":["theSleuth:Typewriter","ice","Happy Flower","Snack Pack","War Paint","Replay:Towering Pillar of Hats","Ornamental Fan","Replay:Ancient Bell","SnailShell","trackpad:RapidFire","CaptainsWheel","qcfpunch:Not_Strongest_Fighting_Style_Guidebook","qcfpunch:School_Backpack","infinitespire:ShieldingShard","Thread and Needle"],"acts_visited":["Exordium","TheCity"],"potions_floor_usage":[6,8,23],"damage_taken":[{"damage":0,"enemies":"Cultist","floor":1,"turns":4},{"damage":7,"enemies":"Small Slimes","floor":4,"turns":4},{"damage":7,"enemies":"2 Louse","floor":5,"turns":3},{"damage":37,"enemies":"Lagavulin","floor":6,"turns":8},{"damage":16,"enemies":"Lots of Slimes","floor":8,"turns":4},{"damage":9,"enemies":"Gremlin Nob","floor":10,"turns":4},{"damage":13,"enemies":"Blue Slaver","floor":11,"turns":4},{"damage":23,"enemies":"3 Sentries","floor":12,"turns":4},{"damage":1,"enemies":"Looter","floor":13,"turns":3},{"damage":0,"enemies":"Lagavulin","floor":14,"turns":4},{"damage":45,"enemies":"Fading Forest","floor":16,"turns":11},{"damage":0,"enemies":"Chosen","floor":18,"turns":2},{"damage":4,"enemies":"Book of Stabbing","floor":23,"turns":5},{"damage":9,"enemies":"Gremlin Leader","floor":25,"turns":5},{"damage":9,"enemies":"Slavers","floor":27,"turns":2}],"seed_played":"-4800019792989684985","potions_obtained":[{"floor":1,"key":"Fire Potion"},{"floor":6,"key":"blueLaboratory:FrostheartPotion"},{"floor":12,"key":"SneckoOil"},{"floor":13,"key":"blueLaboratory:HorrorPotion"}],"is_trial":false,"path_per_floor":["M","$","?","M","M","E","R","M","T","E","M","E","M","E","R","B",null,"M","?","?","?","?","E","R","E","T","E"],"character_chosen":"THE_sleuth","items_purchased":["theSleuth:TruffleShuffle"],"campfire_rested":0,"item_purchase_floors":[2],"current_hp_per_floor":[73,73,73,66,59,22,22,6,6,64,53,34,33,35,35,4,91,93,93,93,93,93,93,93,88,88,79,79,79],"gold":756,"neow_bonus":"THREE_RARE_CARDS","is_daily":false,"chose_seed":false,"campfire_upgraded":3,"win_rate":0.0,"timestamp":1611868340,"path_taken":["M","$","?","M","M","E","R","M","T","E","M","E","M","E","R","BOSS","M","?","?","?","?","E","R","E","T","E"],"items_purchased_type":["Card"],"build_version":"2020-12-22","purchased_purges":1,"victory":false,"max_hp_per_floor":[73,73,73,73,73,73,73,73,73,74,77,80,82,83,83,91,91,93,93,93,93,93,103,103,106,106,109,109,109],"card_choices":[{"not_picked":["theSleuth:MobRule","theSleuth:HairpinMachinegun"],"picked":"theSleuth:GummyWormZombie","floor":0},{"not_picked":["theSleuth:Taze","theSleuth:ClubClubClub"],"picked":"theSleuth:Embarrass","floor":1},{"not_picked":["theSleuth:Taze","theSleuth:ClubClubClub"],"picked":"theSleuth:Embarrass","floor":1},{"not_picked":["theSleuth:WizardSudoku","theSleuth:HandCannon"],"picked":"theSleuth:WilsonBust","floor":4},{"not_picked":["theSleuth:Unscale","theSleuth:ThinkAhead"],"picked":"theSleuth:OpportunityCost","floor":5},{"not_picked":["TH:CursedSword"],"picked":"TH:ElvenBoots","floor":6},{"not_picked":["theSleuth:CandyCorn","theSleuth:OpportunityCost"],"picked":"theSleuth:BenStillerBust","floor":6},{"not_picked":["theSleuth:CandidBullets","theSleuth:BenStillerBust"],"picked":"theSleuth:TruffleShuffle","floor":8},{"not_picked":["TH:EnergyPotion","TH:ElvenBoots"],"picked":"SKIP","floor":9},{"not_picked":["theSleuth:Unscale","theSleuth:Taze"],"picked":"theSleuth:Diabeatdown","floor":10},{"not_picked":["TH:TreasureMap","TH:ElvenBoots"],"picked":"SKIP","floor":10},{"not_picked":["theSleuth:UnDeEscalate","theSleuth:Unscale"],"picked":"theSleuth:TruffleShuffle","floor":11},{"not_picked":["TH:DeckOfManyThings","TH:CopperCoins"],"picked":"SKIP","floor":12},{"not_picked":["theSleuth:CandyCorn","theSleuth:PezUzi","theSleuth:CharismaBlast"],"picked":"SKIP","floor":12},{"not_picked":["theSleuth:WilsonBust","theSleuth:ForceDeck"],"picked":"theSleuth:Parry","floor":13},{"not_picked":["theSleuth:HairpinMachinegun","theSleuth:Pepperminthryl"],"picked":"theSleuth:TorsoFlail","floor":14},{"not_picked":["TH:CopperCoins","TH:PixieDust"],"picked":"SKIP","floor":14},{"not_picked":["theSleuth:TootsieRollFrankenstein","theSleuth:TheZillyhammer"],"picked":"theSleuth:BrassTacks","floor":16},{"not_picked":["Sickly","Replay:Hysterical Blindness"],"picked":"Parasite","floor":17},{"not_picked":["Intolerance","Decay"],"picked":"rorgmod:Ache","floor":17},{"not_picked":["CommonCold","infinitespire:Pacifist"],"picked":"rorgmod:Ache","floor":17},{"not_picked":["theSleuth:ForceDeck","theSleuth:CandyCorn"],"picked":"theSleuth:Ignore","floor":18},{"not_picked":["theSleuth:RetrieveArms","theSleuth:RetainReturn+1"],"picked":"theSleuth:BellyOTheWhale","floor":23},{"not_picked":["TH:EnergyPotion","TH:PixieDust"],"picked":"SKIP","floor":23},{"not_picked":["Clash","Clothesline"],"picked":"Headbutt","floor":25},{"not_picked":["theSleuth:HairpinMachinegun","theSleuth:Unscale"],"picked":"theSleuth:KingpinBust","floor":25},{"not_picked":["TH:ElvenBoots","TH:DeckOfManyThings"],"picked":"SKIP","floor":25},{"not_picked":["TH:CopperCoins","TH:ElvenBoots"],"picked":"SKIP","floor":26}],"player_experience":560854,"relics_obtained":[{"floor":6,"key":"Happy Flower"},{"floor":9,"key":"Snack Pack"},{"floor":10,"key":"War Paint"},{"floor":12,"key":"Replay:Towering Pillar of Hats"},{"floor":14,"key":"Ornamental Fan"},{"floor":23,"key":"qcfpunch:School_Backpack"},{"floor":25,"key":"infinitespire:ShieldingShard"},{"floor":26,"key":"Thread and Needle"}],"event_choices":[{"damage_healed":0,"gold_gain":100,"player_choice":"Pray","damage_taken":0,"max_hp_gain":0,"max_hp_loss":0,"event_name":"Golden Shrine","floor":3,"gold_loss":0},{"damage_healed":0,"gold_gain":250,"player_choice":"Bet on Owner","damage_taken":0,"max_hp_gain":0,"max_hp_loss":0,"event_name":"The Joust","floor":19,"gold_loss":50},{"damage_healed":0,"gold_gain":0,"player_choice":"Paid Gold","damage_taken":0,"relics_obtained":["qcfpunch:Not_Strongest_Fighting_Style_Guidebook"],"max_hp_gain":0,"max_hp_loss":0,"event_name":"WeMeetAgain","floor":20,"gold_loss":107},{"damage_healed":0,"gold_gain":100,"player_choice":"Pray","damage_taken":0,"max_hp_gain":0,"max_hp_loss":0,"event_name":"Golden Shrine","floor":21,"gold_loss":0},{"damage_healed":0,"gold_gain":0,"player_choice":"0 cards matched","damage_taken":0,"max_hp_gain":0,"max_hp_loss":0,"event_name":"Match and Keep!","floor":22,"gold_loss":0,"cards_obtained":[]}],"is_beta":false,"boss_relics":[{"not_picked":["halation:LoveArrow","relicPack:KazumaCape"],"picked":"Replay:Ancient Bell"},{"not_picked":["trackpad:Compendium","Art of War"],"picked":"SnailShell"},{"not_picked":["StuffTheSpire:SapphireSignet","StuffTheSpire:Tea"],"picked":"trackpad:RapidFire"},{"not_picked":["Replay:Multitool","WizardHat"],"picked":"CaptainsWheel"}],"items_purged_floors":[2],"is_endless":false,"potions_floor_spawned":[1,6,12,13],"killed_by":"Slavers","ascension_level":3}}