{"host":"yq854828l1wg20je","time":1611796951,"event":{"mods":["AchievementEnabler","BaseMod","Colored Powertips","Downfall","Hubris","Minty Spire (QoL Compilation)","Quick Restart","READ ME - Snecko Mod","Replay The Spire","StSLib","The Construct","The Cursed","The Disciple","The Senshi","The Servant 0.9.4"],"gold_per_floor":[112,125,100,18,18,50,50,60,60,60,60,71,84,95,95,199,199,215,232,232,249,10,39,39,39,39,74,74,89,14,26,26,128,128,142,142,142,152,162,162,162,9,34,45,58,58,147,172,172,172,172],"floor_reached":50,"language":"ENG","playtime":4100,"items_purged":["Writhe","Decay"],"score":712,"play_id":"0986efa6-86a0-432c-beb8-4254b29a9fb3","local_time":"20210127202231","is_ascension_mode":false,"campfire_choices":[{"data":"Immolate","floor":7.0,"key":"SMITH"},{"data":"Flex","floor":10.0,"key":"SMITH"},{"data":"Dark Embrace","floor":15.0,"key":"SMITH"},{"data":"Fiend Fire","floor":24.0,"key":"SMITH"},{"floor":32.0,"key":"REST"},{"data":"ReplayTheSpireMod:Limb From Limb","floor":40.0,"key":"SMITH"},{"floor":49,"key":"DIG"}],"circlet_count":0,"master_deck":["Strike_R","Strike_R","Strike_R+1","Strike_R+1","Strike_R","Defend_R","Defend_R","Defend_R","Defend_R","Bash","Dark Embrace+1","Clash","Carnage","Purity","Armaments","Immolate+1","Flex+1","Anger","Heavy Blade","Fiend Fire+1","Warcry","ReplayTheSpireMod:Strike From Hell+1","hubris:StunningStrike","hubris:SharpeningStone","Entrench+1","ReplayTheSpireMod:Limb From Limb+1","Hemogenesis","Flex+1","Perfected Strike+1","Double Tap","Clash","Headbutt+1","Headbutt+1","Intimidate","ReplayTheSpireMod:LeadingStrike"],"relics":["Burning Blood","hubris:OldNail","HornCleat","Shuriken","construct:WeddingRing","Enchiridion","Eternal Feather","Simple Rune","hubris:Metronome","hubris:GlazedTorus","hubris:PeanutButter","Philosopher\u0027s Stone","hubris:Towel","hubris:MedicalManual","ReplayTheSpireMod:CursedCoin","Vajra","ReplayTheSpireMod:Ring of Addiction","ReplayTheSpireMod:Ring of Collecting","hubris:EmptyBottle","Potion Belt","Self Forming Clay","Iron Hammer"],"acts_visited":["Exordium","TheCity","TheBeyond"],"potions_floor_usage":[48,48,48,48,50,50,50,50,50,50],"damage_taken":[{"damage":0.0,"enemies":"Small Slimes","floor":1.0,"turns":4.0},{"damage":4.0,"enemies":"Cultist","floor":2.0,"turns":4.0},{"damage":8.0,"enemies":"Lagavulin","floor":6.0,"turns":6.0},{"damage":1.0,"enemies":"2 Louse","floor":8.0,"turns":3.0},{"damage":5.0,"enemies":"Looter","floor":12.0,"turns":3.0},{"damage":0.0,"enemies":"Large Slime","floor":13.0,"turns":4.0},{"damage":8.0,"enemies":"Lots of Slimes","floor":14.0,"turns":2.0},{"damage":20.0,"enemies":"Slime Boss","floor":16.0,"turns":7.0},{"damage":17.0,"enemies":"Shell Parasite","floor":18.0,"turns":5.0},{"damage":9.0,"enemies":"3 Byrds","floor":19.0,"turns":4.0},{"damage":0.0,"enemies":"Snake Plant","floor":21.0,"turns":1.0},{"damage":14.0,"enemies":"Slavers","floor":23.0,"turns":2.0},{"damage":42.0,"enemies":"Replay:Snechameleon","floor":27.0,"turns":8.0},{"damage":0.0,"enemies":"Snecko","floor":29.0,"turns":3.0},{"damage":0.0,"enemies":"Shelled Parasite and Fungi","floor":31.0,"turns":4.0},{"damage":62.0,"enemies":"Pondfish","floor":33.0,"turns":11.0},{"damage":33.0,"enemies":"3 Darklings","floor":35.0,"turns":5.0},{"damage":4.0,"enemies":"Orb Walker","floor":38.0,"turns":2.0},{"damage":12.0,"enemies":"3 Darklings","floor":39.0,"turns":6.0},{"damage":4.0,"enemies":"Spire Growth","floor":44.0,"turns":3.0},{"damage":8.0,"enemies":"Sphere and 2 Shapes","floor":45.0,"turns":4.0},{"damage":0,"enemies":"Reptomancer","floor":48,"turns":2},{"damage":78,"enemies":"Awakened One","floor":50,"turns":6}],"seed_played":"-619956842309654808","potions_obtained":[{"floor":1.0,"key":"Dexterity Potion"},{"floor":2.0,"key":"ColorlessPotion"},{"floor":8.0,"key":"Strength Potion"},{"floor":13.0,"key":"ColorlessPotion"},{"floor":16.0,"key":"Adrenaline Potion"},{"floor":19.0,"key":"Ancient Potion"},{"floor":31.0,"key":"Dexterity Potion"},{"floor":44.0,"key":"SkillPotion"},{"floor":45.0,"key":"Fire Potion"},{"floor":46.0,"key":"Dexterity Potion"},{"floor":46.0,"key":"Adrenaline Potion"},{"floor":46.0,"key":"SpeedPotion"},{"floor":48,"key":"SpeedPotion"}],"is_trial":false,"path_per_floor":["M","M","?","$","?","E","R","M","T","R","$","M","M","M","R","B",null,"M","M","?","M","$","E","R","?","T","E","?","M","$","M","R","B",null,"M","?","?","M","M","R","?","$","T","M","M","?","?","E","R","B"],"character_chosen":"IRONCLAD","items_purchased":["Carnage","Eternal Feather","ReplayTheSpireMod:CursedCoin","Double Tap","SkillPotion"],"campfire_rested":1,"item_purchase_floors":[4,22,42,42,42],"current_hp_per_floor":[80,80,80,80,80,78,78,80,80,80,80,80,80,78,78,64,80,69,66,50,56,56,48,60,60,60,24,24,30,30,36,75,19,80,53,53,53,55,49,67,67,67,67,69,67,67,35,41,62,0,0],"gold":172,"neow_bonus":"RANDOM_COMMON_RELIC","is_daily":false,"chose_seed":false,"campfire_upgraded":5,"win_rate":0.0,"timestamp":1611796951,"path_taken":["M","M","?","$","?","E","R","?","T","R","?","M","M","M","R","BOSS","M","M","?","M","$","E","R","?","T","E","?","M","?","M","R","BOSS","M","?","?","M","M","R","?","$","T","M","?","?","?","E","R","BOSS"],"items_purchased_type":["Card","Relic","Relic","Card","Potion"],"build_version":"2020-12-22","purchased_purges":2,"victory":false,"max_hp_per_floor":[80,80,80,80,80,80,80,80,80,80,80,80,80,80,80,80,80,80,80,80,80,80,80,80,80,80,80,80,80,80,80,80,80,80,80,80,80,80,80,80,80,80,80,80,80,80,80,80,80,80,80],"card_choices":[{"not_picked":["Evolve","ReplayTheSpireMod:Muscle Training"],"picked":"Dark Embrace","floor":1.0},{"not_picked":["Searing Blow","Clothesline"],"picked":"Clash","floor":2.0},{"not_picked":["Offering","ReplayTheSpireMod:Strike From Hell"],"picked":"Immolate","floor":6.0},{"not_picked":["Sword Boomerang","Shrug It Off"],"picked":"Flex","floor":8.0},{"not_picked":["Massacre","True Grit"],"picked":"Anger","floor":12.0},{"not_picked":["Replay:Undeath\u0027s Touch","Run Through","Wild Strike"],"picked":"SKIP","floor":13.0},{"not_picked":["Hemokinesis","Sever Soul"],"picked":"Heavy Blade","floor":14.0},{"not_picked":["Offering","Impervious"],"picked":"Fiend Fire","floor":16.0},{"not_picked":["Wild Strike","Spot Weakness"],"picked":"True Grit+1","floor":18.0},{"not_picked":["Iron Wave","Shrug It Off"],"picked":"Warcry","floor":19.0},{"not_picked":["Shrug It Off","Headbutt"],"picked":"ReplayTheSpireMod:Strike From Hell+1","floor":21.0},{"not_picked":["Run Through","Searing Blow+1"],"picked":"hubris:StunningStrike","floor":23.0},{"not_picked":["Evolve","Pommel Strike+1"],"picked":"hubris:SharpeningStone","floor":27.0},{"not_picked":["Pommel Strike","Twin Strike"],"picked":"Entrench+1","floor":29.0},{"not_picked":["Flame Barrier","Inflame"],"picked":"ReplayTheSpireMod:Limb From Limb","floor":31.0},{"not_picked":["Eclipse","Corruption"],"picked":"Hemogenesis","floor":33.0},{"not_picked":["Twin Strike","Searing Blow+1"],"picked":"Iron Wave+1","floor":35.0},{"not_picked":["Armaments+1","Whirlwind+1"],"picked":"Flex+1","floor":38.0},{"not_picked":["True Grit+1","Headbutt+1"],"picked":"Perfected Strike+1","floor":39.0},{"not_picked":["Armaments","Ghostly Armor"],"picked":"Clash","floor":44.0},{"not_picked":["Barricade","Thunderclap+1"],"picked":"Headbutt+1","floor":45.0},{"not_picked":["Twin Strike","Anger"],"picked":"Headbutt+1","floor":47.0},{"not_picked":["Body Slam","Warcry"],"picked":"Intimidate","floor":47.0},{"not_picked":["Barricade","True Grit"],"picked":"ReplayTheSpireMod:LeadingStrike","floor":47.0},{"not_picked":["Cleave","Fiend Fire","Run Through"],"picked":"SKIP","floor":48}],"player_experience":18427,"relics_obtained":[{"floor":6.0,"key":"HornCleat"},{"floor":9.0,"key":"Shuriken"},{"floor":20.0,"key":"Enchiridion"},{"floor":23.0,"key":"Simple Rune"},{"floor":26.0,"key":"hubris:GlazedTorus"},{"floor":27.0,"key":"hubris:PeanutButter"},{"floor":43.0,"key":"Vajra"},{"floor":46.0,"key":"ReplayTheSpireMod:Ring of Addiction"},{"floor":46.0,"key":"ReplayTheSpireMod:Ring of Collecting"},{"floor":46.0,"key":"hubris:EmptyBottle"},{"floor":46.0,"key":"Potion Belt"},{"floor":48,"key":"Self Forming Clay"},{"floor":49,"key":"Iron Hammer"}],"event_choices":[{"damage_healed":0.0,"max_hp_gain":0.0,"max_hp_loss":0.0,"gold_gain":0.0,"event_name":"World of Goop","player_choice":"Left Gold","floor":3.0,"gold_loss":25.0,"damage_taken":0.0},{"damage_healed":0.0,"max_hp_gain":0.0,"max_hp_loss":0.0,"gold_gain":0.0,"event_name":"Match and Keep!","player_choice":"2 cards matched","floor":5.0,"gold_loss":0.0,"damage_taken":0.0,"cards_obtained":["Purity","Armaments"]},{"damage_healed":0.0,"max_hp_gain":0.0,"max_hp_loss":0.0,"gold_gain":0.0,"event_name":"Cursed Tome","player_choice":"Obtained Book","floor":20.0,"gold_loss":0.0,"damage_taken":16.0},{"cards_removed":["True Grit"],"damage_healed":0.0,"max_hp_gain":0.0,"max_hp_loss":0.0,"gold_gain":0.0,"event_name":"Falling","player_choice":"Removed Skill","floor":37.0,"gold_loss":0.0,"damage_taken":0.0},{"cards_removed":["Iron Wave"],"damage_healed":0.0,"max_hp_gain":0.0,"max_hp_loss":0.0,"gold_gain":0.0,"event_name":"WeMeetAgain","player_choice":"Gave Card","floor":41.0,"gold_loss":0.0,"damage_taken":0.0,"relics_obtained":["hubris:MedicalManual"]}],"is_beta":false,"boss_relics":[{"not_picked":["Runic Cube","ChewingGum"],"picked":"construct:WeddingRing"},{"not_picked":["Fusion Hammer","Ooze Armor"],"picked":"Philosopher\u0027s Stone"}],"items_purged_floors":[30,42],"is_endless":false,"potions_floor_spawned":[1,2,8,13,16,19,21,31,44,45,48],"killed_by":"Awakened One","ascension_level":0}}