{"host":"gquo1rsrdiuo0hhv","time":1611855304,"event":{"mods":["Act Like it!","BaseMod","Colored Powertips","Minty Spire (QoL Compilation)","Quick Restart","StSLib"],"gold_per_floor":[109,59,71,86,158,192,209,209,209,242,300,325,325,337,337,442,442,453,488,113,113,130,161,174,134,158,158,174,184,203,223,223,320,320,336,336,353,372,389,389,389],"floor_reached":40,"language":"ENG","playtime":3411,"items_purged":["Strike_R"],"score":454,"play_id":"b284008d-6231-44b7-9282-097221ce1d13","local_time":"20210129003504","is_ascension_mode":true,"campfire_choices":[{"data":"Berserk","floor":8.0,"key":"SMITH"},{"floor":13.0,"key":"REST"},{"floor":15.0,"key":"REST"},{"floor":27.0,"key":"RECALL"},{"floor":32.0,"key":"REST"}],"circlet_count":0,"master_deck":["Strike_R","Strike_R","Strike_R","Defend_R","Defend_R","Defend_R","Defend_R","Bash","Spot Weakness","Rage","True Grit","Shrug It Off","Berserk+1","Armaments+1","Warcry+1","Metallicize","Iron Wave","Reaper","Panache","Evolve","Pummel","Writhe","Flame Barrier+1","Infernal Blade+1","Sentinel+1","Entrench+1","Shrug It Off+1","Cleave","Berserk","Warcry+1","Impatience+1","Flex+1","Offering+1","Shrug It Off+1"],"relics":["Burning Blood","Eternal Feather","Orichalcum","Toxic Egg 2","Shuriken","Bag of Marbles","Nunchaku","SacredBark","Red Mask","Du-Vu Doll","Lantern","Cursed Key"],"acts_visited":["Exordium","TheCity","TheBeyond"],"potions_floor_usage":[37],"damage_taken":[{"damage":8.0,"enemies":"Jaw Worm","floor":1.0,"turns":4.0},{"damage":0.0,"enemies":"Small Slimes","floor":3.0,"turns":3.0},{"damage":0.0,"enemies":"Cultist","floor":4.0,"turns":4.0},{"damage":37.0,"enemies":"Lagavulin","floor":6.0,"turns":6.0},{"damage":8.0,"enemies":"Blue Slaver","floor":7.0,"turns":5.0},{"damage":17.0,"enemies":"Gremlin Nob","floor":10.0,"turns":4.0},{"damage":37.0,"enemies":"Lagavulin Event","floor":11.0,"turns":10.0},{"damage":3.0,"enemies":"3 Sentries","floor":12.0,"turns":9.0},{"damage":9.0,"enemies":"2 Fungi Beasts","floor":14.0,"turns":5.0},{"damage":17.0,"enemies":"The Guardian","floor":16.0,"turns":11.0},{"damage":30.0,"enemies":"3 Byrds","floor":18.0,"turns":7.0},{"damage":22.0,"enemies":"Masked Bandits","floor":19.0,"turns":5.0},{"damage":10.0,"enemies":"Shell Parasite","floor":22.0,"turns":8.0},{"damage":50.0,"enemies":"Gremlin Leader","floor":23.0,"turns":12.0},{"damage":14.0,"enemies":"Snecko","floor":24.0,"turns":9.0},{"damage":12.0,"enemies":"Snake Plant","floor":28.0,"turns":4.0},{"damage":23.0,"enemies":"Centurion and Healer","floor":29.0,"turns":8.0},{"damage":35.0,"enemies":"Sentry and Sphere","floor":30.0,"turns":10.0},{"damage":0.0,"enemies":"Snake Plant","floor":31.0,"turns":7.0},{"damage":33.0,"enemies":"Automaton","floor":33.0,"turns":9.0},{"damage":35,"enemies":"3 Darklings","floor":35,"turns":8},{"damage":17,"enemies":"Orb Walker","floor":37,"turns":5},{"damage":28,"enemies":"Spire Growth","floor":38,"turns":5},{"damage":10,"enemies":"3 Darklings","floor":39,"turns":4},{"damage":107,"enemies":"Giant Head","floor":40,"turns":11}],"seed_played":"7910830540364411669","potions_obtained":[{"floor":0.0,"key":"GamblersBrew"},{"floor":0.0,"key":"SkillPotion"},{"floor":0.0,"key":"SteroidPotion"},{"floor":3.0,"key":"Fire Potion"},{"floor":7.0,"key":"BlessingOfTheForge"},{"floor":10.0,"key":"SpeedPotion"},{"floor":14.0,"key":"FearPotion"},{"floor":16.0,"key":"AttackPotion"},{"floor":23.0,"key":"Explosive Potion"},{"floor":25.0,"key":"Fruit Juice"},{"floor":25.0,"key":"AttackPotion"},{"floor":25.0,"key":"CultistPotion"},{"floor":29.0,"key":"Dexterity Potion"},{"floor":30.0,"key":"SteroidPotion"},{"floor":33.0,"key":"EssenceOfSteel"}],"is_trial":false,"path_per_floor":["M","?","M","M","T","E","M","R","T","E","?","E","R","M","R","B",null,"M","?","$","?","M","E","M","?","T","R","M","M","M","M","R","B",null,"M","?","M","M","M","E"],"character_chosen":"IRONCLAD","items_purchased":["Panache","Evolve","Pummel"],"campfire_rested":3,"item_purchase_floors":[20,20,20],"current_hp_per_floor":[78,78,80,80,80,49,47,53,53,42,11,14,47,44,77,66,80,70,54,54,54,62,30,27,37,37,52,46,43,14,23,65,54,90,80,80,69,56,74,0,0],"gold":389,"neow_bonus":"THREE_SMALL_POTIONS","is_daily":false,"chose_seed":false,"campfire_upgraded":1,"win_rate":0.0,"timestamp":1611855304,"path_taken":["M","?","M","M","?","E","M","R","T","E","?","E","R","M","R","BOSS","M","?","$","?","?","E","M","?","T","R","M","M","?","M","R","BOSS","M","?","M","M","M","E"],"items_purchased_type":["Card","Card","Card"],"build_version":"2020-12-22","purchased_purges":1,"victory":false,"max_hp_per_floor":[80,80,80,80,80,80,80,80,80,80,80,80,80,80,80,80,80,80,80,80,80,80,80,80,90,90,90,90,90,90,90,90,90,90,90,90,90,90,90,90,90],"card_choices":[{"not_picked":["Cleave","Flex"],"picked":"Spot Weakness","floor":1.0},{"not_picked":["Clash","Wild Strike"],"picked":"Rage","floor":3.0},{"not_picked":["Infernal Blade","Warcry"],"picked":"True Grit","floor":4.0},{"not_picked":["Iron Wave","Feel No Pain"],"picked":"Shrug It Off","floor":6.0},{"not_picked":["Second Wind","Shrug It Off"],"picked":"Berserk","floor":7.0},{"not_picked":["Shockwave+1","Feed"],"picked":"Armaments+1","floor":10.0},{"not_picked":["Sword Boomerang","Anger"],"picked":"Warcry+1","floor":11.0},{"not_picked":["Iron Wave","Twin Strike"],"picked":"Metallicize","floor":12.0},{"not_picked":["Heavy Blade","Pommel Strike"],"picked":"Iron Wave","floor":14.0},{"not_picked":["Bludgeon","Impervious+1"],"picked":"Reaper","floor":16.0},{"not_picked":["Headbutt","Clash","Dark Embrace"],"picked":"SKIP","floor":18.0},{"not_picked":["Rage+1","Havoc+1"],"picked":"Flame Barrier+1","floor":22.0},{"not_picked":["Second Wind+1","Dark Embrace+1"],"picked":"Infernal Blade+1","floor":23.0},{"not_picked":["Metallicize","Clash"],"picked":"Sentinel+1","floor":24.0},{"not_picked":["Iron Wave","Clothesline","Rage+1"],"picked":"SKIP","floor":28.0},{"not_picked":["Whirlwind","Cleave"],"picked":"Entrench+1","floor":29.0},{"not_picked":["Carnage+1","Flex+1"],"picked":"Shrug It Off+1","floor":30.0},{"not_picked":["Perfected Strike","Berserk"],"picked":"Cleave","floor":31.0},{"not_picked":["Brutality","Corruption"],"picked":"Berserk","floor":33.0},{"not_picked":["Twin Strike","Clothesline"],"picked":"Warcry+1","floor":35},{"not_picked":["Swift Strike","Sadistic Nature"],"picked":"Impatience+1","floor":36},{"not_picked":["Clothesline+1","Perfected Strike"],"picked":"Flex+1","floor":37},{"not_picked":["Headbutt+1","Dark Embrace"],"picked":"Offering+1","floor":38},{"not_picked":["Iron Wave+1","Hemokinesis"],"picked":"Shrug It Off+1","floor":39}],"player_experience":399812,"relics_obtained":[{"floor":5.0,"key":"Eternal Feather"},{"floor":6.0,"key":"Orichalcum"},{"floor":9.0,"key":"Toxic Egg 2"},{"floor":10.0,"key":"Shuriken"},{"floor":12.0,"key":"Nunchaku"},{"floor":19.0,"key":"Red Mask"},{"floor":23.0,"key":"Lantern"}],"event_choices":[{"cards_removed":["Strike_R"],"damage_healed":0.0,"max_hp_gain":0.0,"max_hp_loss":0.0,"gold_gain":0.0,"event_name":"The Cleric","player_choice":"Card Removal","floor":2.0,"gold_loss":50.0,"damage_taken":0.0},{"damage_healed":0.0,"max_hp_gain":0.0,"max_hp_loss":0.0,"gold_gain":0.0,"event_name":"Dead Adventurer","player_choice":"Searched \u00272\u0027 times","floor":11.0,"gold_loss":0.0,"damage_taken":0.0,"relics_obtained":["Bag of Marbles"]},{"damage_healed":0.0,"max_hp_gain":0.0,"max_hp_loss":0.0,"gold_gain":0.0,"event_name":"Masked Bandits","player_choice":"Fought Bandits","floor":19.0,"gold_loss":0.0,"damage_taken":0.0},{"damage_healed":0.0,"max_hp_gain":0.0,"max_hp_loss":0.0,"gold_gain":0.0,"event_name":"The Mausoleum","player_choice":"Opened","floor":21.0,"gold_loss":0.0,"damage_taken":0.0,"relics_obtained":["Du-Vu Doll"],"cards_obtained":["Writhe"]},{"damage_healed":0.0,"max_hp_gain":0.0,"max_hp_loss":0.0,"gold_gain":0.0,"event_name":"The Woman in Blue","player_choice":"Bought 3 Potions","floor":25.0,"gold_loss":0.0,"damage_taken":0.0},{"damage_healed":0,"gold_gain":0,"player_choice":"Memory 1","damage_taken":0,"max_hp_gain":0,"max_hp_loss":0,"event_name":"SensoryStone","floor":36,"gold_loss":0}],"is_beta":false,"boss_relics":[{"not_picked":["Ectoplasm","Velvet Choker"],"picked":"SacredBark"},{"not_picked":["Fusion Hammer","Black Star"],"picked":"Cursed Key"}],"items_purged_floors":[20],"is_endless":false,"potions_floor_spawned":[3,7,10,14,16,23,29,30,33],"killed_by":"Giant Head","ascension_level":1}}