{"host":"dlqcqir7p8cpkknl","time":1611870396,"event":{"mods":["BaseMod","Colored Map","Downfall","Minty Spire (QoL Compilation)","StSLib"],"gold_per_floor":[99,113,126,226,226,126,126,158,56,231,131,161,161,192,206,206,206,206],"floor_reached":16,"language":"ENG","playtime":770,"items_purged":[],"score":141,"play_id":"9d56a81e-24a8-4e9a-890f-1c4686d8b974","local_time":"20210128214636","is_ascension_mode":false,"campfire_choices":[{"floor":1,"key":"RECALL"},{"data":"champ:BerserkerStyle","floor":6,"key":"SMITH"},{"floor":11,"key":"REST"},{"data":"expansioncontent:YouAreMine","floor":13,"key":"SMITH"}],"circlet_count":0,"master_deck":["champ:Strike","champ:Strike","champ:Strike","champ:Strike","champ:Defend","champ:Defend","champ:Defend","champ:Defend","champ:Execute","champ:Taunt","CurseOfTheBell","champ:RisingSlash","champ:BerserkerStyle+1","champ:FancyFootwork","champ:CrownThrow","expansioncontent:YouAreMine+1","champ:Shatter","champ:Backstep","champ:PreciseThrust"],"relics":["Calling Bell","Strawberry","Kunai","WingedGreaves","Slimebound:PreparedRelic","downfall:HeartBlessingRed","Bird Faced Urn","Omamori","downfall:HeartBlessingGreen","Ornamental Fan","Letter Opener"],"acts_visited":["Exordium"],"potions_floor_usage":[2,14],"damage_taken":[{"damage":11,"enemies":"2 Louse","floor":2,"turns":4},{"damage":13,"enemies":"Jaw Worm","floor":3,"turns":5},{"damage":70,"enemies":"Lagavulin","floor":8,"turns":7},{"damage":34,"enemies":"downfall:FleeingMerchant","floor":9,"turns":4},{"damage":24,"enemies":"3 Sentries","floor":12,"turns":6},{"damage":23,"enemies":"Gremlin Nob","floor":14,"turns":3},{"damage":17,"enemies":"Small Slimes","floor":15,"turns":3},{"damage":117,"enemies":"DF_ARCHETYPE_STREAMLINE","floor":16,"turns":14}],"seed_played":"-2177506437454851207","potions_obtained":[{"floor":2,"key":"EntropicBrew"},{"floor":14,"key":"SmokeBomb"}],"is_trial":false,"path_per_floor":["R","M","M","?","?","R","T","E","$","?","R","E","R","E","M","B"],"character_chosen":"THE_CHAMP","items_purchased":["expansioncontent:YouAreMine"],"campfire_rested":1,"item_purchase_floors":[9],"current_hp_per_floor":[97,96,88,88,76,76,76,35,37,37,66,68,68,64,56,0,0,0],"gold":206,"neow_bonus":"BOSS_RELIC","is_daily":false,"chose_seed":false,"campfire_upgraded":2,"win_rate":0.0,"timestamp":1611870396,"path_taken":["R","M","M","?","?","R","T","E","?","?","R","E","R","E","M","BOSS"],"items_purchased_type":["Card"],"build_version":"2020-12-22","purchased_purges":0,"victory":false,"max_hp_per_floor":[97,97,97,97,97,97,97,97,97,97,97,97,97,97,97,97,97,97],"card_choices":[{"not_picked":["champ:Endure","champ:DefensiveShout"],"picked":"champ:RisingSlash","floor":2},{"not_picked":["champ:AdrenalArmor","champ:FanOfKnives"],"picked":"champ:BerserkerStyle","floor":3},{"not_picked":["champ:Parry","champ:PreemptiveStrike"],"picked":"champ:FancyFootwork","floor":8},{"not_picked":["champ:SkillfulDodge","champ:FlashCut"],"picked":"champ:CrownThrow","floor":9},{"not_picked":["champ:BladeFlurry","champ:MurderStrike"],"picked":"champ:Shatter","floor":12},{"not_picked":["champ:SetATrap","champ:Circumvent"],"picked":"champ:Backstep","floor":14},{"not_picked":["champ:FalseCounter","champ:Haymaker"],"picked":"champ:PreciseThrust","floor":15}],"player_experience":303491,"relics_obtained":[{"floor":0,"key":"Strawberry"},{"floor":0,"key":"Kunai"},{"floor":0,"key":"WingedGreaves"},{"floor":7,"key":"Bird Faced Urn"},{"floor":8,"key":"Omamori"},{"floor":12,"key":"Ornamental Fan"},{"floor":14,"key":"Letter Opener"}],"event_choices":[{"damage_healed":0,"gold_gain":0,"player_choice":"Success","damage_taken":12,"relics_obtained":["Slimebound:PreparedRelic"],"max_hp_gain":0,"max_hp_loss":0,"event_name":"Scrap Ooze","floor":5,"gold_loss":0}],"is_beta":false,"boss_relics":[],"items_purged_floors":[],"is_endless":false,"potions_floor_spawned":[2,12,14,15],"killed_by":"DF_ARCHETYPE_STREAMLINE","ascension_level":0}}