{"host":"rkezzvf6da7mjjsm","time":1611869021,"event":{"mods":["BaseMod","Colored Map","Downfall","Minty Spire (QoL Compilation)","StSLib"],"gold_per_floor":[99,113,213,12,12,38,38,38,52,52,85,18,33,50,61,162,162,62,111,157,191,321,384,409,148,98,198,226,26,58,58,107,234,234,234,282,298,398,113,113,138,199,278,278,278,278,278,13,55,55,55,96,96,96],"floor_reached":52,"language":"ENG","playtime":3333,"items_purged":[],"score":846,"play_id":"5231f1b0-6cb2-4650-960b-642739f36a54","local_time":"20210129082341","is_ascension_mode":false,"campfire_choices":[{"floor":1.0,"key":"RECALL"},{"data":"sneckomod:IronFang","floor":8.0,"key":"SMITH"},{"data":"sneckomod:UnknownCommonAttack","floor":10.0,"key":"SMITH"},{"data":"sneckomod:MixItUp","floor":18.0,"key":"SMITH"},{"data":"sneckomod:SnekBeam","floor":29.0,"key":"SMITH"},{"data":"sneckomod:SnekBeam","floor":35.0,"key":"SMITH"},{"data":"sneckomod:SnekBeam","floor":47.0,"key":"SMITH"}],"circlet_count":0,"master_deck":["sneckomod:TailWhip","sneckomod:SnekBite","sneckomod:Unknown","sneckomod:Unknown","sneckomod:IronFang+1","sneckomod:SerpentIdol","sneckomod:UnknownCommonAttack+1","sneckomod:UnknownDraw+1","sneckomod:IronFang","sneckomod:SnekBeam+1","sneckomod:UnknownBlock+1","sneckomod:WideSting","sneckomod:UnknownX+1","sneckomod:SlitherStrike","sneckomod:GlitteringGambit+1","sneckomod:DangerNoodle","sneckomod:MixItUp+1","sneckomod:TrashToTreasure+1","sneckomod:DiceCrush","sneckomod:SnekBeam+1","sneckomod:UnknownVulnerable+1","sneckomod:DefensiveFlair+1","sneckomod:SnakeSap","sneckomod:SnekBeam+1","sneckomod:UnknownVulnerable+1","sneckomod:UnknownStrength+1","sneckomod:UnknownClassSLIMEBOUND+1","sneckomod:UnknownRareAttack","sneckomod:UnknownWeak+1","sneckomod:UnknownClassSLIMEBOUND+1","sneckomod:DiceBlock+1","sneckomod:Unknown3Cost+1","sneckomod:DiceCrush","sneckomod:DiceCrush","sneckomod:SerpentMind","sneckomod:GlitteringGambit+1","sneckomod:SerpentIdol+1","expansioncontent:QuickStudy+1","expansioncontent:QuickStudy+1","expansioncontent:InvincibleStrength","sneckomod:Rotation+1","sneckomod:UnknownCommonSkill+1","sneckomod:PureSnecko+1","expansioncontent:QuickStudy+1","sneckomod:SnekBeam+1"],"relics":["Busted Crown","sneckomod:SleevedAce","Toxic Egg 2","Pantograph","bronze:BronzeIdol","Pandora\u0027s Box","downfall:HeartBlessingRed","Prayer Wheel","StrikeDummy","Eternal Feather","Strange Spoon","MutagenicStrength","Pen Nib","downfall:HeartBlessingGreen","downfall:HeartBlessingBlue","Tiny Chest","Philosopher\u0027s Stone","downfall:GremlinWheel","DollysMirror","Akabeko","Juzu Bracelet","Blood Vial","Art of War","Mango","Slimebound:PreparedRelic"],"acts_visited":["Exordium","TheCity","TheBeyond","TheEnding"],"potions_floor_usage":[],"damage_taken":[{"damage":2.0,"enemies":"Small Slimes","floor":2.0,"turns":2.0},{"damage":5.0,"enemies":"downfall:FleeingMerchant","floor":4.0,"turns":4.0},{"damage":30.0,"enemies":"3 Sentries","floor":6.0,"turns":8.0},{"damage":0.0,"enemies":"2 Louse","floor":9.0,"turns":1.0},{"damage":5.0,"enemies":"Lagavulin","floor":11.0,"turns":7.0},{"damage":5.0,"enemies":"downfall:FleeingMerchant","floor":12.0,"turns":4.0},{"damage":3.0,"enemies":"Jaw Worm","floor":13.0,"turns":2.0},{"damage":0.0,"enemies":"Blue Slaver","floor":14.0,"turns":2.0},{"damage":0.0,"enemies":"3 Louse","floor":15.0,"turns":1.0},{"damage":44.0,"enemies":"DF_ARCHETYPE_STREAMLINE","floor":16.0,"turns":12.0},{"damage":8.0,"enemies":"Shell Parasite","floor":19.0,"turns":3.0},{"damage":0.0,"enemies":"Snecko","floor":20.0,"turns":3.0},{"damage":16.0,"enemies":"Shelled Parasite and Fungi","floor":21.0,"turns":3.0},{"damage":9.0,"enemies":"Colosseum Nobs","floor":22.0,"turns":4.0},{"damage":16.0,"enemies":"Gremlin Leader","floor":23.0,"turns":6.0},{"damage":0.0,"enemies":"downfall:FleeingMerchant","floor":25.0,"turns":4.0},{"damage":14.0,"enemies":"downfall:Augmenter","floor":27.0,"turns":2.0},{"damage":12.0,"enemies":"Slavers","floor":28.0,"turns":4.0},{"damage":27.0,"enemies":"Gremlin Leader","floor":30.0,"turns":3.0},{"damage":0.0,"enemies":"Cultist and Chosen","floor":32.0,"turns":4.0},{"damage":51.0,"enemies":"IC_MUSHROOM_ARCHETYPE","floor":33.0,"turns":5.0},{"damage":17.0,"enemies":"3 Shapes","floor":36.0,"turns":4.0},{"damage":0.0,"enemies":"3 Darklings","floor":37.0,"turns":2.0},{"damage":0.0,"enemies":"3 Darklings","floor":38.0,"turns":3.0},{"damage":0.0,"enemies":"downfall:FleeingMerchant","floor":39.0,"turns":2.0},{"damage":13.0,"enemies":"Reptomancer","floor":42.0,"turns":4.0},{"damage":9.0,"enemies":"Sphere and 2 Shapes","floor":43.0,"turns":4.0},{"damage":0.0,"enemies":"Spire Growth","floor":49.0,"turns":3.0},{"damage":31.0,"enemies":"WA_ARCHETYPE_DIVINITY","floor":50.0,"turns":7.0},{"damage":143,"enemies":"downfall:CharBossMerchant","floor":52,"turns":7}],"seed_played":"-7087732572695541668","potions_obtained":[{"floor":6.0,"key":"SpeedPotion"},{"floor":9.0,"key":"Swift Potion"},{"floor":14.0,"key":"hexamod:SoulburnPotion"},{"floor":19.0,"key":"Energy Potion"},{"floor":27.0,"key":"LiquidMemories"},{"floor":32.0,"key":"LiquidMemories"},{"floor":38.0,"key":"DuplicationPotion"},{"floor":43.0,"key":"FairyPotion"},{"floor":49.0,"key":"Fruit Juice"}],"is_trial":false,"path_per_floor":["R","M","?","$","?","E","T","R","M","R","E","$","M","M","M","B",null,"R","M","M","M","?","E","T","$","?","?","E","R","E","?","M","B",null,"R","M","M","?","$","?","T","E","M","T","?","?","R","$","M","B",null,"E"],"character_chosen":"THE_SNECKO","items_purchased":["sneckomod:SleevedAce","sneckomod:SerpentIdol","sneckomod:UnknownBlock+1","Strange Spoon","sneckomod:UnknownStrength+1","sneckomod:UnknownCommonAttack","DollysMirror","Akabeko","Juzu Bracelet","sneckomod:SerpentIdol+1","hexamod:SoulburnPotion","sneckomod:CheatPotion","sneckomod:UnknownCommonSkill+1","sneckomod:PureSnecko+1","expansioncontent:QuickStudy"],"campfire_rested":0,"item_purchase_floors":[4,4,12,25,25,25,39,39,39,39,39,39,48,48,48],"current_hp_per_floor":[90,88,88,83,83,53,53,53,53,53,48,48,45,45,45,26,90,90,82,82,66,57,41,41,41,74,60,48,76,49,49,49,23,100,100,83,83,83,83,73,73,62,55,69,69,69,93,93,100,88,119,0,0,0],"gold":96,"neow_bonus":"BOSS_RELIC","is_daily":false,"chose_seed":false,"campfire_upgraded":6,"win_rate":0.0,"timestamp":1611869021,"path_taken":["R","M","?","$","?","E","T","R","M","R","E","?","M","M","M","BOSS","R","M","M","M","?","E","T","$","?","?","E","R","E","?","M","BOSS","R","M","M","?","$","?","T","E","M","?","?","?","R","$","M","BOSS","E"],"items_purchased_type":["Relic","Card","Card","Relic","Card","Card","Relic","Relic","Relic","Card","Potion","Potion","Card","Card","Card"],"build_version":"2020-12-22","purchased_purges":0,"victory":false,"max_hp_per_floor":[90,90,90,90,90,90,90,90,90,90,90,90,90,90,90,90,90,90,90,90,90,90,90,90,90,90,90,90,100,100,100,100,100,100,100,100,100,100,100,100,100,100,100,114,114,114,114,114,119,119,119,119,119,119],"card_choices":[{"not_picked":[],"picked":"sneckomod:IronFang","floor":2.0},{"not_picked":[],"picked":"sneckomod:SerpentIdol","floor":4.0},{"not_picked":[],"picked":"sneckomod:UnknownCommonAttack","floor":6.0},{"not_picked":[],"picked":"sneckomod:UnknownDraw+1","floor":9.0},{"not_picked":[],"picked":"sneckomod:IronFang","floor":11.0},{"not_picked":[],"picked":"sneckomod:SnekBeam","floor":12.0},{"not_picked":[],"picked":"sneckomod:WideSting","floor":13.0},{"not_picked":[],"picked":"sneckomod:UnknownX+1","floor":14.0},{"not_picked":[],"picked":"sneckomod:SlitherStrike","floor":15.0},{"not_picked":[],"picked":"sneckomod:GlitteringGambit+1","floor":16.0},{"not_picked":[],"picked":"sneckomod:UnknownCommonAttack","floor":19.0},{"not_picked":["sneckomod:RainOfDice"],"picked":"SKIP","floor":20.0},{"not_picked":[],"picked":"sneckomod:DefensiveFlair+1","floor":21.0},{"not_picked":[],"picked":"sneckomod:SnakeSap","floor":22.0},{"not_picked":[],"picked":"sneckomod:SnekBeam","floor":23.0},{"not_picked":[],"picked":"sneckomod:UnknownVulnerable+1","floor":25.0},{"not_picked":[],"picked":"sneckomod:UnknownClassSLIMEBOUND+1","floor":27.0},{"not_picked":[],"picked":"sneckomod:UnknownClassSLIMEBOUND+1","floor":28.0},{"not_picked":["sneckomod:RainOfDice+1"],"picked":"SKIP","floor":30.0},{"not_picked":[],"picked":"sneckomod:DiceBlock+1","floor":32.0},{"not_picked":["sneckomod:DefensiveFlair+1"],"picked":"SKIP","floor":32.0},{"not_picked":[],"picked":"sneckomod:Unknown3Cost+1","floor":33.0},{"not_picked":[],"picked":"sneckomod:DiceCrush","floor":36.0},{"not_picked":["sneckomod:TrashToTreasure+1"],"picked":"SKIP","floor":36.0},{"not_picked":[],"picked":"sneckomod:DiceCrush","floor":37.0},{"not_picked":["sneckomod:SoulCleanse+1"],"picked":"SKIP","floor":37.0},{"not_picked":[],"picked":"sneckomod:SerpentMind","floor":39.0},{"not_picked":["expansioncontent:HyperBeam","expansioncontent:DecaShield"],"picked":"expansioncontent:QuickStudy","floor":40.0},{"not_picked":["expansioncontent:Hexaburn","expansioncontent:PrepareCrush"],"picked":"expansioncontent:QuickStudy","floor":40.0},{"not_picked":["expansioncontent:PolyBeam","expansioncontent:DashGenerateEvil"],"picked":"expansioncontent:InvincibleStrength","floor":40.0},{"not_picked":[],"picked":"sneckomod:Rotation+1","floor":42.0},{"not_picked":["sneckomod:WideSting"],"picked":"SKIP","floor":43.0},{"not_picked":["sneckomod:SoulCleanse+1"],"picked":"SKIP","floor":43.0},{"not_picked":[],"picked":"sneckomod:SnekBeam+1","floor":49.0},{"not_picked":["sneckomod:SlitherStrike"],"picked":"SKIP","floor":49.0}],"player_experience":670020,"relics_obtained":[{"floor":6.0,"key":"Toxic Egg 2"},{"floor":7.0,"key":"Pantograph"},{"floor":11.0,"key":"bronze:BronzeIdol"},{"floor":22.0,"key":"Prayer Wheel"},{"floor":22.0,"key":"StrikeDummy"},{"floor":23.0,"key":"Eternal Feather"},{"floor":27.0,"key":"MutagenicStrength"},{"floor":28.0,"key":"Pen Nib"},{"floor":30.0,"key":"Tiny Chest"},{"floor":38.0,"key":"downfall:GremlinWheel"},{"floor":41.0,"key":"Blood Vial"},{"floor":42.0,"key":"Art of War"},{"floor":44.0,"key":"Mango"},{"floor":47.0,"key":"Slimebound:PreparedRelic"}],"event_choices":[{"damage_healed":0.0,"max_hp_gain":0.0,"max_hp_loss":0.0,"gold_gain":0.0,"event_name":"NoteForYourself","player_choice":"Ignored","floor":45.0,"gold_loss":0.0,"damage_taken":0.0},{"cards_removed":["sneckomod:SerpentIdol"],"damage_healed":0.0,"max_hp_gain":0.0,"max_hp_loss":0.0,"gold_gain":0.0,"event_name":"Falling","player_choice":"Removed Skill","floor":46.0,"gold_loss":0.0,"damage_taken":0.0},{"damage_healed":0.0,"max_hp_gain":0.0,"max_hp_loss":0.0,"gold_gain":0.0,"event_name":"Wheel of Change","player_choice":"Relic","floor":47.0,"gold_loss":0.0,"damage_taken":0.0}],"is_beta":false,"boss_relics":[{"not_picked":["Snecko Eye","Coffee Dripper"],"picked":"Pandora\u0027s Box"},{"not_picked":["SlaversCollar","Runic Dome"],"picked":"Philosopher\u0027s Stone"}],"items_purged_floors":[],"is_endless":false,"potions_floor_spawned":[6,9,14,15,19,22,27,32,38,43,49],"killed_by":"downfall:CharBossMerchant","ascension_level":0}}