{"host":"fflyk188z5ncxlup","time":1611834421,"event":{"mods":["AchievementEnabler","BaseMod","Bestiary","Better Third Choice","Block Reminder","Colored Map","Colored Powertips","DeckTracker","Googly Eyes","Minty Spire (QoL Compilation)","StSLib","SuperFastMode"],"gold_per_floor":[115,126,140,140,156,231,231,260,260,71,71,94,94,118,118,118,138,167,184,184,257,257,268,268,234,251,123,123,123],"floor_reached":28,"language":"ENG","playtime":898,"items_purged":[],"score":410,"play_id":"1e58fa6d-3783-4860-923b-97aa9d55bee8","local_time":"20210128204701","is_ascension_mode":true,"campfire_choices":[{"floor":7,"key":"REST"},{"data":"Ball Lightning","floor":15,"key":"SMITH"},{"floor":20,"key":"REST"}],"circlet_count":0,"master_deck":["AscendersBane","Strike_B","Strike_B","Strike_B","Defend_B","Defend_B","Defend_B","Defend_B","Zap","Dualcast","Glacier","Go for the Eyes","Cold Snap","Ball Lightning+1","Steam","Seek","Double Energy","Conserve Battery","Core Surge","Melter","Defragment","Ball Lightning"],"relics":["Cracked Core","NeowsBlessing","Dead Branch","Lee\u0027s Waffle","Torii","Regal Pillow","InkBottle","Oddly Smooth Stone","Ice Cream","Snecko Eye"],"acts_visited":["Exordium","TheCity"],"potions_floor_usage":[],"damage_taken":[{"damage":0,"enemies":"Jaw Worm","floor":1,"turns":1},{"damage":0,"enemies":"2 Louse","floor":2,"turns":1},{"damage":0,"enemies":"Small Slimes","floor":3,"turns":1},{"damage":17,"enemies":"Exordium Thugs","floor":5,"turns":5},{"damage":36,"enemies":"Gremlin Nob","floor":8,"turns":5},{"damage":0,"enemies":"Looter","floor":17,"turns":2},{"damage":25,"enemies":"Lagavulin","floor":18,"turns":5},{"damage":18,"enemies":"Exordium Wildlife","floor":19,"turns":4},{"damage":32,"enemies":"Slime Boss","floor":21,"turns":17},{"damage":2,"enemies":"Shell Parasite","floor":23,"turns":7},{"damage":21,"enemies":"2 Thieves","floor":25,"turns":5},{"damage":12,"enemies":"Snecko","floor":26,"turns":5},{"damage":0,"enemies":"Gremlin Leader","floor":28,"turns":2}],"seed_played":"5085511794919103713","potions_obtained":[{"floor":1,"key":"Regen Potion"},{"floor":3,"key":"Energy Potion"}],"is_trial":false,"path_per_floor":["M","M","M","?","M","?","R","E","?","$","T","T","T","T","R","?","M","E","M","R","B",null,"M","?","M","M","$","E"],"character_chosen":"DEFECT","items_purchased":["Lee\u0027s Waffle","Ball Lightning","Defragment","Ball Lightning"],"campfire_rested":2,"item_purchase_floors":[10,10,27,27],"current_hp_per_floor":[64,64,64,69,52,41,63,27,27,83,83,83,83,83,83,83,83,58,40,79,47,74,72,72,51,39,39,39,39],"gold":123,"neow_bonus":"THREE_ENEMY_KILL","is_daily":false,"chose_seed":false,"campfire_upgraded":1,"win_rate":0.0,"timestamp":1611834421,"path_taken":["M","M","M","?","M","?","R","E","?","$","?","T","T","?","R","?","M","E","M","R","BOSS","M","?","M","M","$","E"],"items_purchased_type":["Relic","Card","Card","Card"],"build_version":"2020-12-22","purchased_purges":0,"victory":false,"max_hp_per_floor":[71,71,71,76,76,76,76,76,76,83,83,83,83,83,83,83,83,83,83,83,83,83,83,83,83,83,83,83,83],"card_choices":[{"not_picked":["Steam","Hologram"],"picked":"Glacier","floor":1},{"not_picked":["Scrape","Cold Snap","Hologram"],"picked":"SKIP","floor":2},{"not_picked":["Force Field","Turbo"],"picked":"Go for the Eyes","floor":3},{"not_picked":["Streamline","Stack"],"picked":"Cold Snap","floor":5},{"not_picked":["Beam Cell","Reinforced Body","Gash"],"picked":"SKIP","floor":8},{"not_picked":["Tempest","Gash"],"picked":"Seek","floor":17},{"not_picked":["Stack","Sweeping Beam"],"picked":"Double Energy","floor":18},{"not_picked":["BootSequence","Beam Cell"],"picked":"Conserve Battery","floor":19},{"not_picked":["Rainbow","Fission"],"picked":"Core Surge","floor":21},{"not_picked":["Go for the Eyes","Beam Cell","Compile Driver"],"picked":"SKIP","floor":23},{"not_picked":["Stack","Gash","Glacier"],"picked":"SKIP","floor":25},{"not_picked":["Sweeping Beam+1","Beam Cell+1"],"picked":"Melter","floor":26}],"player_experience":399176,"relics_obtained":[{"floor":8,"key":"Dead Branch"},{"floor":11,"key":"Torii"},{"floor":12,"key":"Regal Pillow"},{"floor":13,"key":"InkBottle"},{"floor":14,"key":"Oddly Smooth Stone"},{"floor":18,"key":"Ice Cream"}],"event_choices":[{"damage_healed":0,"gold_gain":0,"player_choice":"Donut","damage_taken":0,"max_hp_gain":5,"max_hp_loss":0,"event_name":"Big Fish","floor":4,"gold_loss":0},{"damage_healed":0,"gold_gain":75,"player_choice":"Gold","damage_taken":11,"max_hp_gain":0,"max_hp_loss":0,"event_name":"betterThird:BetterGoop","floor":6,"gold_loss":0},{"damage_healed":0,"gold_gain":0,"cards_transformed":["Strike_B"],"player_choice":"Transformed","damage_taken":0,"max_hp_gain":0,"max_hp_loss":0,"event_name":"Transmorgrifier","floor":16,"gold_loss":0,"cards_obtained":["Steam"]},{"damage_healed":0,"gold_gain":0,"player_choice":"Ignored","damage_taken":0,"max_hp_gain":0,"max_hp_loss":0,"event_name":"Ghosts","floor":24,"gold_loss":0}],"is_beta":false,"boss_relics":[{"not_picked":["Runic Pyramid","Black Star"],"picked":"Snecko Eye"}],"items_purged_floors":[],"is_endless":false,"potions_floor_spawned":[1,3,5,19,23,26],"killed_by":"Gremlin Leader","ascension_level":16}}