{"host":"1gh1pdv85cipbjj7","time":1611869120,"event":{"mods":["BaseMod","Colored Map","Downfall","GifTheSpireLib","Infinite Spire","Minty Spire (QoL Compilation)","Permanent Neow","StSLib","The Jungle"],"gold_per_floor":[111,140,164,37,57,84,84,107,120,146,148,150,150,150,166,265,265,265,288,315,317,317,341,341,355,375,405,405,405,405,425,438,552,552,552,572,597,661,661,661,736,169,169,212,212,218,240,240,264,298],"floor_reached":51,"language":"ENG","playtime":4640,"items_purged":["champ:Strike","champ:Defend","champ:Strike","champ:Defend"],"score":709,"play_id":"48c6bd8d-dfbb-42ee-a150-a179f53f0bb8","local_time":"20210128152520","is_ascension_mode":true,"campfire_choices":[{"data":"champ:Taunt","floor":1.0,"key":"SMITH"},{"floor":13.0,"key":"REST"},{"data":"infinitespire:Punishment","floor":18,"key":"SMITH"},{"floor":30,"key":"REST"},{"data":"champ:LastStand","floor":35,"key":"SMITH"},{"data":"champ:UltimateStance","floor":40,"key":"SMITH"},{"data":"expansioncontent:DashGenerateEvil","floor":43,"key":"SMITH"}],"circlet_count":0,"master_deck":["champ:Defend","champ:Defend","champ:Execute","champ:Taunt+1","champ:BringItOn","champ:HeartStrike","champ:FlashCut","champ:FanOfKnives","champ:BerserkerStyle","champ:ShieldSigil","champ:Backstep","champ:RageSigil","infinitespire:Punishment+1","champ:StanceDance","champ:HoldFirm","champ:DefensiveStyle","champ:PreciseThrust+1","RitualDagger","champ:SwordThrow","champ:StanceDance+1","champ:FaceSlap+1","champ:CalledShot","champ:UltimateStance+1","champ:FaceSlap+1","champ:Circumvent","champ:LastStand+1","champ:DefensiveShout+1","champ:FocusedBerserking+1","infinitespire:Punishment+1","expansioncontent:DashGenerateEvil+1","champ:EndlessRage","champ:Lariat+1"],"relics":["champ:ChampionCrownUpgraded","MawBank","Bird Faced Urn","infinitespire:Midas Blood","downfall:ShatteredFragment","Omamori","Ancient Tea Set","champ:DefensiveTrainingManual","Sozu","Turnip","infinitespire:ShieldingShard","DollysMirror","Gremlin Horn","Gambling Chip","Thread and Needle","Anchor","infinitespire:Magic Flask"],"acts_visited":["Exordium","TheCity","TheBeyond"],"potions_floor_usage":[20,23,25,27,50],"damage_taken":[{"damage":10.0,"enemies":"2 Louse","floor":2.0,"turns":2.0},{"damage":10.0,"enemies":"Small Slimes","floor":3.0,"turns":3.0},{"damage":10.0,"enemies":"downfall:FleeingMerchant","floor":4.0,"turns":4.0},{"damage":10.0,"enemies":"Jaw Worm","floor":5.0,"turns":3.0},{"damage":23.0,"enemies":"Lagavulin","floor":6.0,"turns":9.0},{"damage":18.0,"enemies":"Exordium Thugs","floor":8.0,"turns":4.0},{"damage":2.0,"enemies":"Blue Slaver","floor":9.0,"turns":3.0},{"damage":15.0,"enemies":"Exordium Wildlife","floor":10.0,"turns":3.0},{"damage":10.0,"enemies":"Large Slime","floor":15.0,"turns":3.0},{"damage":4.0,"enemies":"WA_ARCHETYPE_RETAIN","floor":16.0,"turns":4.0},{"damage":18,"enemies":"Shell Parasite","floor":19,"turns":5},{"damage":41,"enemies":"Snecko","floor":20,"turns":5},{"damage":23,"enemies":"Sentry and Sphere","floor":23,"turns":4},{"damage":10,"enemies":"Cultist and Chosen","floor":25,"turns":2},{"damage":15,"enemies":"3 Cultists","floor":26,"turns":4},{"damage":3,"enemies":"Book of Stabbing","floor":27,"turns":3},{"damage":21,"enemies":"Snecko","floor":31,"turns":3},{"damage":7,"enemies":"Snake Plant","floor":32,"turns":2},{"damage":68,"enemies":"SI_MIRROR_ARCHETYPE","floor":33,"turns":11},{"damage":10,"enemies":"Orb Walker","floor":36,"turns":2},{"damage":35,"enemies":"3 Shapes","floor":37,"turns":2},{"damage":38,"enemies":"3 Shapes","floor":38,"turns":3},{"damage":42,"enemies":"downfall:FleeingMerchant","floor":42,"turns":4},{"damage":44,"enemies":"Nemesis","floor":44,"turns":5},{"damage":12,"enemies":"downfall:FleeingMerchant","floor":46,"turns":2},{"damage":14,"enemies":"Jaw Worm Horde","floor":47,"turns":2},{"damage":11,"enemies":"Maw","floor":49,"turns":6},{"damage":119,"enemies":"DF_ARCHETYPE_ORBS","floor":50,"turns":9}],"seed_played":"-4372405955003261227","potions_obtained":[{"floor":5.0,"key":"Regen Potion"},{"floor":6.0,"key":"Swift Potion"},{"floor":9.0,"key":"Regen Potion"},{"floor":16.0,"key":"champ:CounterPotion"},{"floor":19,"key":"GamblersBrew"},{"floor":20,"key":"champ:CounterPotion"},{"floor":25,"key":"Fire Potion"},{"floor":33,"key":"BlessingOfTheForge"}],"is_trial":false,"path_per_floor":["R","M","M","$","M","E","T","M","M","M","?","?","R","?","M","B",null,"R","M","M","?","?","M","T","M","M","E","AVR","?","R","M","M","B",null,"R","M","M","?","?","R","T","$","R","E","?","$","M","AVR","M","B",null],"character_chosen":"THE_CHAMP","items_purchased":["champ:FlashCut","DollysMirror","expansioncontent:DashGenerateEvil","Gremlin Horn","champ:EndlessRage","Anchor"],"campfire_rested":2,"item_purchase_floors":[4,42,42,42,46,46],"current_hp_per_floor":[90,90,90,90,90,77,77,83,83,83,62,35,62,67,69,79,95,95,93,76,70,70,56,56,46,48,49,49,49,77,75,77,40,95,95,95,90,84,84,84,84,89,89,78,78,81,86,86,93,10],"gold":298,"neow_bonus":"RANDOM_COMMON_RELIC","is_daily":false,"chose_seed":false,"campfire_upgraded":5,"win_rate":0.0,"timestamp":1611869120,"path_taken":["R","M","M","$","M","E","T","M","M","M","?","?","R","?","M","BOSS","R","M","M","?","?","M","T","M","?","E","AVR","?","R","M","M","BOSS","R","M","M","?","?","R","T","$","R","E","?","?","M","AVR","M","BOSS"],"items_purchased_type":["Card","Relic","Card","Relic","Card","Relic"],"build_version":"2020-12-22","purchased_purges":4,"victory":true,"max_hp_per_floor":[90,90,90,90,90,90,90,90,90,90,90,90,90,95,95,95,95,95,95,95,95,95,95,95,95,95,95,95,95,95,95,95,95,95,95,95,95,95,95,95,95,95,95,95,95,95,95,95,95,95],"card_choices":[{"not_picked":["champ:RisingSlash","champ:BringItOn"],"picked":"champ:SetATrap","floor":2.0},{"not_picked":["champ:TornadoPunch","champ:BerserkerStyle"],"picked":"champ:BringItOn","floor":3.0},{"not_picked":["champ:DefensiveShout","champ:GutPunch"],"picked":"champ:HeartStrike","floor":4.0},{"not_picked":["champ:FlashCut","champ:CrownThrow"],"picked":"champ:FanOfKnives","floor":5.0},{"not_picked":["champ:GutPunch","champ:PerfectedStrike"],"picked":"champ:BerserkerStyle","floor":6.0},{"not_picked":["champ:PerfectedStrike","champ:Devastate"],"picked":"champ:ShieldSigil","floor":8.0},{"not_picked":["champ:Endure","champ:Encircle"],"picked":"champ:Backstep","floor":9.0},{"not_picked":["champ:TornadoPunch","champ:EnragedBash"],"picked":"champ:RageSigil","floor":10.0},{"not_picked":["infinitespire:SevenWalls","infinitespire:Collect"],"picked":"infinitespire:Punishment","floor":11.0},{"not_picked":["champ:AdrenalArmor","champ:RapidStrikes"],"picked":"champ:StanceDance","floor":15.0},{"not_picked":["champ:StrikeOfGenius","champ:MurderStrike"],"picked":"champ:HoldFirm","floor":16.0},{"not_picked":["champ:PreciseThrust","champ:Circumvent"],"picked":"champ:DefensiveStyle","floor":19},{"not_picked":["champ:BerserkersShout","champ:PerfectedStrike"],"picked":"champ:PreciseThrust+1","floor":20},{"not_picked":["champ:DefensiveStyle","champ:Backstep+1"],"picked":"champ:StanceDance+1","floor":23},{"not_picked":["champ:DefensiveStyle","champ:PerfectedStrike"],"picked":"champ:FaceSlap+1","floor":25},{"not_picked":["champ:ShieldWall","champ:DeathBlow"],"picked":"champ:CalledShot","floor":26},{"not_picked":["champ:DefensiveShout","champ:StanceDance"],"picked":"champ:UltimateStance","floor":27},{"not_picked":["champ:PerfectedStrike","champ:PreciseThrust"],"picked":"champ:FaceSlap+1","floor":31},{"not_picked":["champ:BladeFlurry","champ:TornadoPunch"],"picked":"champ:Circumvent","floor":32},{"not_picked":["champ:HeavySlash","champ:Devastate"],"picked":"champ:LastStand","floor":33},{"not_picked":["champ:Shatter","champ:BerserkerStyle+1"],"picked":"champ:DefensiveShout+1","floor":36},{"not_picked":["champ:DefensiveStyle","champ:BerserkersShout"],"picked":"champ:FocusedBerserking+1","floor":37},{"not_picked":["champ:BerserkerStyle","champ:DeathBlow+1","champ:BerserkersShout+1"],"picked":"SKIP","floor":42},{"not_picked":["champ:FancyFootwork+1","champ:FanOfKnives","champ:Encircle+1"],"picked":"SKIP","floor":44},{"not_picked":["champ:PerfectedStrike","champ:Backstep","champ:DefensiveStyle+1"],"picked":"SKIP","floor":46},{"not_picked":["champ:Encircle+1","champ:GutPunch+1","champ:BladeFlurry"],"picked":"SKIP","floor":47},{"not_picked":["champ:EnGarde","champ:PreciseThrust"],"picked":"champ:Lariat+1","floor":49}],"player_experience":777653,"relics_obtained":[{"floor":6.0,"key":"Bird Faced Urn"},{"floor":7.0,"key":"infinitespire:Midas Blood"},{"floor":24,"key":"Omamori"},{"floor":27,"key":"Ancient Tea Set"},{"floor":38,"key":"Turnip"},{"floor":41,"key":"infinitespire:ShieldingShard"},{"floor":44,"key":"Gambling Chip"},{"floor":45,"key":"Thread and Needle"}],"event_choices":[{"damage_healed":0.0,"max_hp_gain":5.0,"max_hp_loss":0.0,"gold_gain":0.0,"event_name":"Big Fish","player_choice":"Donut","floor":14.0,"gold_loss":0.0,"damage_taken":0.0},{"cards_removed":["champ:SetATrap"],"damage_healed":0,"gold_gain":0,"player_choice":"Removed Skill","damage_taken":0,"max_hp_gain":0,"max_hp_loss":0,"event_name":"Falling","floor":39,"gold_loss":0}],"is_beta":false,"boss_relics":[{"not_picked":["Empty Cage","SacredBark"],"picked":"champ:ChampionCrownUpgraded"},{"not_picked":["Fusion Hammer","Runic Dome"],"picked":"Sozu"}],"items_purged_floors":[4,28,46,48],"is_endless":false,"potions_floor_spawned":[5,6,9,16,19,20,25,33,36,38,47,49],"ascension_level":1}}