{"host":"h9c2ptiayi21rmia","time":1611794144,"event":{"mods":["AchievementEnabler","Aspiration","BaseMod","Better Altar","Better Match","Better Note","Better Sensory Stone","Better Skull","Better Third Choice","Better Vampires","Block Reminder","ChefMod","Dio Mod","Evolution","Hermit","Hubris","JesterMod","Jorbs\u0027s Wanderer Trilogy","Kratos Character Expansion","Minty Spire (QoL Compilation)","Permanent Neow","Poor People Problems","Relic Stats","Replay The Spire","Shade Mod","Small Relic Pack","Spicy Shops","StS++","StSLib","The Marked","TheSwordswoman"],"gold_per_floor":[115,115,115,115,134,160,92,110,110,123,123,189,208,208,208,313,313,348,348,360,360,378,378,378,406,406,183,183,183],"floor_reached":28,"language":"ENG","playtime":3489,"items_purged":[],"score":246,"play_id":"19b80068-6cec-4b52-8bcb-c52e25c0adbf","local_time":"20210127193544","is_ascension_mode":false,"campfire_choices":[{"floor":11,"key":"REST"},{"data":"hermit:Brawl","floor":15,"key":"SMITH"},{"data":"hermit:DeadMansHand","floor":23,"key":"SMITH"}],"circlet_count":0,"master_deck":["hermit:Strike_Hermit","hermit:Strike_Hermit","hermit:Strike_Hermit","hermit:Strike_Hermit","hermit:Defend_Hermit","hermit:Defend_Hermit","hermit:Defend_Hermit","hermit:Defend_Hermit","hermit:Snapshot+1","hermit:Covet","hermit:Glare","hermit:Headshot","hermit:DeadOrAlive","hermit:Brawl+1","hermit:Snipe","hermit:CalledShot","hermit:Headshot","hermit:Combo+1","hermit:OverwhelmingPower+1","hermit:PistolWhip","hermit:DeadMansHand+1","Pot Of Greed","hermit:LuckOfTheDraw","Doubt","hermit:BigShot"],"relics":["hermit:Momento","EVO:Axolotl","Replay:Rubber Ducky","relicPack:DSword","hubris:Towel","hubris:GlazedTorus","ReplayTheSpireMod:CursedCoin","Membership Card","aspiration:AnachronicSnailShell","Shuriken","aspiration:RitualDagger","hubris:TinFlute","ReplayTheSpireMod:TigerMarble","hubris:BottledRain","Chemical X","Gambling Chip"],"acts_visited":["Exordium","TheCity"],"potions_floor_usage":[12,16,18,20,25,28],"damage_taken":[{"damage":2,"enemies":"2 Louse","floor":1,"turns":2},{"damage":1,"enemies":"Jaw Worm","floor":5,"turns":3},{"damage":13,"enemies":"Lagavulin","floor":6,"turns":3},{"damage":0,"enemies":"Small Slimes","floor":8,"turns":3},{"damage":2,"enemies":"Exordium Wildlife","floor":10,"turns":2},{"damage":3,"enemies":"Gremlin Nob","floor":12,"turns":3},{"damage":4,"enemies":"Red Slaver","floor":13,"turns":3},{"damage":8,"enemies":"Hexaghost","floor":16,"turns":5},{"damage":49,"enemies":"3 Byrds","floor":18,"turns":6},{"damage":16,"enemies":"Chosen","floor":20,"turns":4},{"damage":45,"enemies":"Sentry and Sphere","floor":22,"turns":5},{"damage":56,"enemies":"Gremlin Leader","floor":25,"turns":6},{"damage":25,"enemies":"Chosen and Byrds","floor":28,"turns":4}],"seed_played":"-4032687517080933697","potions_obtained":[{"floor":6,"key":"Energy Potion"},{"floor":8,"key":"Elixir"},{"floor":12,"key":"Strength Potion"},{"floor":16,"key":"StSpp:InhibitionPotion"},{"floor":18,"key":"LiquidBronze"},{"floor":22,"key":"hermit:Tonic"}],"is_trial":false,"path_per_floor":["M","?","?","?","M","E","$","M","T","M","R","E","M","?","R","B",null,"M","?","M","T","M","R","?","E","T","$","M"],"character_chosen":"HERMIT","items_purchased":["ReplayTheSpireMod:CursedCoin","hermit:Brawl","Membership Card","Chemical X","Gambling Chip","hermit:BigShot"],"campfire_rested":1,"item_purchase_floors":[7,7,7,27,27,27],"current_hp_per_floor":[73,73,38,38,37,24,24,24,24,22,44,41,37,34,34,26,75,26,26,10,10,46,46,46,13,13,13,0,0],"gold":183,"neow_bonus":"RANDOM_COMMON_RELIC","is_daily":false,"chose_seed":false,"campfire_upgraded":2,"win_rate":0.0,"timestamp":1611794144,"path_taken":["M","?","?","?","?","E","$","M","T","M","R","E","M","?","R","BOSS","M","?","M","?","?","R","?","E","T","$","M"],"items_purchased_type":["Relic","Card","Relic","Relic","Relic","Card"],"build_version":"2020-12-22","purchased_purges":0,"victory":false,"max_hp_per_floor":[75,75,75,75,75,75,75,75,75,75,75,75,75,75,75,75,75,75,75,75,75,75,75,75,75,75,75,75,75],"relic_stats":{"counters":[13,49],"Shuriken":[5],"Gambling Chip":[2],"Chemical X":[2],"obtain_stats":[{"relicPack:DSword":3,"ReplayTheSpireMod:CursedCoin":7,"EVO:Axolotl":0,"hubris:Towel":4,"Replay:Rubber Ducky":0,"Shuriken":12,"aspiration:AnachronicSnailShell":9,"Gambling Chip":27,"ReplayTheSpireMod:TigerMarble":25,"Membership Card":7,"aspiration:RitualDagger":17,"Chemical X":27,"hermit:Momento":0,"hubris:TinFlute":21,"hubris:GlazedTorus":6,"hubris:BottledRain":26},{"relicPack:DSword":1,"ReplayTheSpireMod:CursedCoin":3,"EVO:Axolotl":0,"hubris:Towel":1,"Replay:Rubber Ducky":0,"Shuriken":6,"aspiration:AnachronicSnailShell":4,"Gambling Chip":12,"ReplayTheSpireMod:TigerMarble":12,"Membership Card":3,"aspiration:RitualDagger":8,"Chemical X":12,"hermit:Momento":0,"hubris:TinFlute":10,"hubris:GlazedTorus":3,"hubris:BottledRain":12},{"relicPack:DSword":2,"ReplayTheSpireMod:CursedCoin":8,"EVO:Axolotl":0,"hubris:Towel":2,"Replay:Rubber Ducky":0,"Shuriken":16,"aspiration:AnachronicSnailShell":11,"Gambling Chip":45,"ReplayTheSpireMod:TigerMarble":45,"Membership Card":8,"aspiration:RitualDagger":24,"Chemical X":45,"hermit:Momento":0,"hubris:TinFlute":34,"hubris:GlazedTorus":8,"hubris:BottledRain":45}]},"card_choices":[{"not_picked":["hermit:Quickdraw","hermit:WideOpen"],"picked":"hermit:Glare","floor":1},{"not_picked":["hermit:WideOpen","hermit:Showdown"],"picked":"hermit:Headshot","floor":5},{"not_picked":["hermit:Coalescence","hermit:ItchyTrigger"],"picked":"hermit:DeadOrAlive","floor":6},{"not_picked":["hermit:Headshot","hermit:Glare"],"picked":"hermit:Snipe","floor":8},{"not_picked":["hermit:SprayPray","hermit:FlashPowder"],"picked":"hermit:CalledShot","floor":10},{"not_picked":["hermit:WideOpen","hermit:ItchyTrigger"],"picked":"hermit:Headshot","floor":12},{"not_picked":["hermit:WideOpen","hermit:Snipe"],"picked":"hermit:Combo","floor":13},{"not_picked":["hermit:Adapt","hermit:HeroicBravado"],"picked":"hermit:OverwhelmingPower","floor":16},{"not_picked":["hermit:Grudge","hermit:Malice"],"picked":"hermit:PistolWhip","floor":18},{"not_picked":["hermit:Roulette","hermit:ShadowCloak","hermit:HoleUp"],"picked":"SKIP","floor":20},{"not_picked":["hermit:Headshot+1","hermit:Quickdraw+1"],"picked":"hermit:DeadMansHand","floor":22},{"not_picked":["hermit:ShadowCloak","hermit:Cheat"],"picked":"hermit:LuckOfTheDraw","floor":25}],"player_experience":305135,"relics_obtained":[{"floor":6,"key":"hubris:GlazedTorus"},{"floor":9,"key":"aspiration:AnachronicSnailShell"},{"floor":12,"key":"Shuriken"},{"floor":21,"key":"hubris:TinFlute"},{"floor":25,"key":"ReplayTheSpireMod:TigerMarble"},{"floor":26,"key":"hubris:BottledRain"}],"event_choices":[{"damage_healed":0,"gold_gain":0,"player_choice":"Grow","damage_taken":0,"max_hp_gain":0,"max_hp_loss":0,"event_name":"Living Wall","floor":2,"gold_loss":0,"cards_upgraded":["hermit:Snapshot"]},{"damage_healed":0,"gold_gain":0,"player_choice":"Upgraded","damage_taken":0,"max_hp_gain":0,"max_hp_loss":0,"event_name":"Upgrade Shrine","floor":19,"gold_loss":0,"cards_upgraded":["hermit:OverwhelmingPower"]},{"cards_removed":["hermit:OverwhelmingPower"],"damage_healed":0,"gold_gain":0,"player_choice":"Take \u0026 Give","damage_taken":0,"max_hp_gain":0,"max_hp_loss":0,"event_name":"betterNote:BetterNote","floor":24,"gold_loss":0,"cards_obtained":["Pot Of Greed"]}],"is_beta":false,"boss_relics":[{"not_picked":["StSpp:Magatama","hubris:GrandSneckoEye"],"picked":"aspiration:RitualDagger"}],"items_purged_floors":[],"is_endless":false,"potions_floor_spawned":[6,8,12,16,18,22],"killed_by":"Chosen and Byrds","ascension_level":0}}