{"host":"iirf6tm60n5v4e3j","time":1611820852,"event":{"mods":["Act Like it!","BaseMod","Gensokyo","Marisa????????","Minty Spire (QoL Compilation)","StSLib","The Marked"],"gold_per_floor":[113,113,113,132,7,50,63,63,63,94,94,94,94,135,135,255,255,284,313,193,49,49,93,93,140,140,156,106,106,31,49,49,49,49],"floor_reached":33,"language":"ENG","playtime":2431,"items_purged":["Strike_MRS"],"score":341,"play_id":"182d573f-ae42-4de8-8791-8e8a357de7c7","local_time":"20210128000052","is_ascension_mode":false,"campfire_choices":[{"data":"MilkyWay","floor":8.0,"key":"SMITH"},{"data":"FairyDestructionRay","floor":11.0,"key":"SMITH"},{"data":"IllusionStar","floor":13.0,"key":"SMITH"},{"data":"1","floor":15.0,"key":"LIFT"},{"data":"ManaRampage","floor":24.0,"key":"SMITH"},{"floor":32.0,"key":"REST"}],"circlet_count":0,"master_deck":["Strike_MRS","Strike_MRS","Strike_MRS","Defend_MRS","Defend_MRS","Defend_MRS","Defend_MRS","MasterSpark","UpSweep","DoubleSpark","AlicesGift+1","FairyDestructionRay+1","IllusionStar+1","WitchOfGreed","ShootingEcho","MilkyWay+1","GrandCross","ManaRampage+1","GalacticHalo","Gensokyo:TarnishedGold","Acceleration+1","BigCrunch","Occultation"],"relics":["MiniHakkero","Gensokyo:YoukaiFlower","Turnip","CaptainsWheel","Gensokyo:PortableGap","Girya","SacredBark","Gensokyo:DemonMask","StoneCalendar","Incense Burner","Thread and Needle","Pen Nib","Dream Catcher"],"acts_visited":["Exordium","Gensokyo:Gensokyo"],"potions_floor_usage":[],"damage_taken":[{"damage":2.0,"enemies":"Gensokyo:Gryphon","floor":1.0,"turns":3.0},{"damage":6.0,"enemies":"Gensokyo:2_Kodama","floor":4.0,"turns":2.0},{"damage":0.0,"enemies":"Gensokyo:Mamizou","floor":6.0,"turns":4.0},{"damage":0.0,"enemies":"Gensokyo:Python","floor":7.0,"turns":2.0},{"damage":0.0,"enemies":"Gensokyo:2_Rabbits","floor":10.0,"turns":3.0},{"damage":2.0,"enemies":"Gensokyo:Aya","floor":14.0,"turns":5.0},{"damage":13.0,"enemies":"Gensokyo:Yukari","floor":16.0,"turns":8.0},{"damage":2.0,"enemies":"Gensokyo:2_Gloops","floor":18.0,"turns":3.0},{"damage":3.0,"enemies":"Gensokyo:CosmicMonolith","floor":19.0,"turns":4.0},{"damage":7.0,"enemies":"Gensokyo:Reisen","floor":23.0,"turns":6.0},{"damage":37.0,"enemies":"Gensokyo:Tenshi","floor":25.0,"turns":5.0},{"damage":15.0,"enemies":"Gensokyo:Wraith","floor":27.0,"turns":3.0},{"damage":3.0,"enemies":"Gensokyo:Monolith_and_Dog","floor":31.0,"turns":3.0},{"damage":88,"enemies":"Gensokyo:Eternal_Rivals","floor":33,"turns":9}],"seed_played":"6155412080020061928","potions_obtained":[{"floor":6.0,"key":"GamblersBrew"},{"floor":6.0,"key":"Block Potion"},{"floor":10.0,"key":"Fire Potion"},{"floor":14.0,"key":"Block Potion"},{"floor":19.0,"key":"SkillPotion"},{"floor":23.0,"key":"Explosive Potion"},{"floor":23.0,"key":"Dexterity Potion"},{"floor":25.0,"key":"BlessingOfTheForge"},{"floor":25.0,"key":"SteroidPotion"},{"floor":31.0,"key":"DuplicationPotion"}],"is_trial":false,"path_per_floor":["M","?","?","M","$","E","M","R","T","M","R","?","R","E","R","B",null,"M","M","?","COS","T","E","R","E","T","M","?","?","$","M","R","B"],"character_chosen":"MARISA","items_purchased":["IllusionStar","WitchOfGreed","ShootingEcho"],"campfire_rested":1,"item_purchase_floors":[5,5,5],"current_hp_per_floor":[73,73,73,67,67,67,67,67,67,67,67,67,67,65,65,52,68,66,63,63,63,63,56,56,19,19,4,11,11,11,8,28,0,0],"gold":49,"neow_bonus":"ONE_RANDOM_RARE_CARD","is_daily":false,"chose_seed":false,"campfire_upgraded":4,"win_rate":0.0,"timestamp":1611820852,"path_taken":["M","?","?","?","?","E","M","R","T","M","R","?","R","E","R","BOSS","M","M","?","COS","?","E","R","E","T","M","?","?","$","M","R","BOSS"],"items_purchased_type":["Card","Card","Card"],"build_version":"2020-12-22","purchased_purges":1,"victory":false,"max_hp_per_floor":[75,75,75,75,75,75,75,75,75,75,75,68,68,68,68,68,68,68,68,68,65,65,65,65,65,65,65,72,69,69,69,69,69,69],"card_choices":[{"not_picked":["6A","GravityBeat"],"picked":"DoubleSpark","floor":1.0},{"not_picked":["EventHorizon","WitchLeyline"],"picked":"FairyDestructionRay","floor":4.0},{"not_picked":["StarBarrage","ManaConvection"],"picked":"MilkyWay","floor":6.0},{"not_picked":["GasGiant","UnstableBomb"],"picked":"GrandCross","floor":7.0},{"not_picked":["ChargeUpSpray","GalacticHalo","PowerUp"],"picked":"SKIP","floor":10.0},{"not_picked":["BlazeAway","SuperPerseids","EnergyRecoil"],"picked":"SKIP","floor":14.0},{"not_picked":["BlazingStar","JA"],"picked":"ManaRampage","floor":16.0},{"not_picked":["MilkyWay","FairyDestructionRay","EventHorizon"],"picked":"SKIP","floor":18.0},{"not_picked":["AsteroidBelt","WitchOfGreed"],"picked":"GalacticHalo","floor":19.0},{"not_picked":["OpenUniverse","6A"],"picked":"Acceleration+1","floor":23.0},{"not_picked":["JA","StarDustReverie"],"picked":"BigCrunch","floor":25.0},{"not_picked":["EnergyFlow","UnstableBomb","GravityBeat"],"picked":"SKIP","floor":25.0},{"not_picked":["PowerUp","NonDirectionalLaser","Acceleration+1"],"picked":"SKIP","floor":27.0},{"not_picked":["WitchOfGreed","FairyDestructionRay"],"picked":"Occultation","floor":31.0}],"player_experience":170410,"relics_obtained":[{"floor":6.0,"key":"Turnip"},{"floor":9.0,"key":"CaptainsWheel"},{"floor":14.0,"key":"Girya"},{"floor":22.0,"key":"StoneCalendar"},{"floor":23.0,"key":"Incense Burner"},{"floor":25.0,"key":"Thread and Needle"},{"floor":26.0,"key":"Pen Nib"}],"event_choices":[],"is_beta":false,"boss_relics":[{"not_picked":["Runic Dome","Snecko Eye"],"picked":"SacredBark"}],"items_purged_floors":[30],"is_endless":false,"potions_floor_spawned":[6,10,19,23,25,31],"killed_by":"Gensokyo:Eternal_Rivals","ascension_level":0}}