{"host":"0ricjaa7rfq9v76t","time":1611803478,"event":{"mods":["AchievementEnabler","Aspiration","BaseMod","Better Vampires","BetterRewards","Colored Powertips","Downfall","Highlight Path","Hubris","Infinite Spire","Minty Spire (QoL Compilation)","Quick Restart","Rare Cards Sparkle","Relic Sorter","Reliquary","Replay The Spire","StSLib","SuperFastMode","Synergy Search","The Cursed","The Disciple","The Jungle","The Marked","Uncapped"],"gold_per_floor":[111,111,111,111,129,129,153,173,241,45,71,71,71,82,82,180,180,191,191,131,31,31,31,31,31],"floor_reached":24,"language":"ENG","playtime":1077,"items_purged":["Strike_B","Strike_B","Injury"],"score":290,"play_id":"fb76c30c-82ba-4286-96ec-26080071db81","local_time":"20210128111118","is_ascension_mode":false,"campfire_choices":[{"data":"Apotheosis","floor":6.0,"key":"SMITH"},{"floor":12.0,"key":"REST"},{"floor":15.0,"key":"REST"},{"data":"Turbo","floor":23.0,"key":"SMITH"}],"circlet_count":0,"master_deck":["Strike_B","Strike_B","Defend_B","Defend_B","Defend_B","Defend_B","Zap","Dualcast","Apotheosis+1","Storm","Turbo+1","Turbo","Ball Lightning+1","Ball Lightning+1","ReplayGash+1","Self Repair+1","Conserve Battery","All For One+1"],"relics":["Cracked Core","Frozen Egg 2","hubris:Towel","hubris:OldNail","Happy Flower","Golden Egg","Matryoshka","hubris:RunicObelisk","MealTicket","FaceOfCleric"],"acts_visited":["Exordium","TheCity"],"potions_floor_usage":[],"damage_taken":[{"damage":1.0,"enemies":"Jaw Worm","floor":1.0,"turns":4.0},{"damage":9.0,"enemies":"2 Louse","floor":5.0,"turns":3.0},{"damage":2.0,"enemies":"Small Slimes","floor":8.0,"turns":5.0},{"damage":30.0,"enemies":"Gremlin Nob","floor":11.0,"turns":4.0},{"damage":11.0,"enemies":"Gremlin Gang","floor":14.0,"turns":3.0},{"damage":39.0,"enemies":"The Guardian","floor":16.0,"turns":9.0},{"damage":20.0,"enemies":"Chosen","floor":18.0,"turns":6.0},{"damage":23.0,"enemies":"2 Thieves","floor":20.0,"turns":4.0},{"damage":75,"enemies":"Slavers","floor":24,"turns":4}],"seed_played":"-4179091011177044150","potions_obtained":[{"floor":1.0,"key":"Block Potion"},{"floor":8.0,"key":"PotionOfCapacity"}],"is_trial":false,"path_per_floor":["M","?","?","?","M","R","T","M","T","$","E","R","$","M","R","B",null,"M","AVR","M","$","?","R","E"],"character_chosen":"DEFECT","items_purchased":["Apotheosis","Storm","Turbo","Ball Lightning","ReplayGash","Self Repair+1"],"campfire_rested":2,"item_purchase_floors":[0,0,0,10,10,10],"current_hp_per_floor":[63,63,63,63,54,54,54,52,52,52,32,54,54,43,65,36,75,65,65,52,67,67,67,0,0],"gold":31,"neow_bonus":"","is_daily":false,"chose_seed":false,"campfire_upgraded":2,"win_rate":0.0,"timestamp":1611803478,"path_taken":["M","?","?","?","?","R","?","M","T","$","E","R","?","M","R","BOSS","M","AVR","M","$","?","R","E"],"items_purchased_type":["Card","Card","Card","Card","Card","Card"],"build_version":"2020-12-22","purchased_purges":3,"victory":false,"max_hp_per_floor":[75,75,75,75,75,75,75,75,75,75,75,75,75,75,75,75,75,75,75,75,75,75,75,75,75],"card_choices":[{"not_picked":["Chaos","Compile Driver"],"picked":"Turbo","floor":1.0},{"not_picked":["Compile Driver","Go for the Eyes","Cold Snap"],"picked":"SKIP","floor":5.0},{"not_picked":["Steam","BasicCrystalCard","Coolheaded"],"picked":"SKIP","floor":8.0},{"not_picked":["Compile Driver","BasicCrystalCard"],"picked":"Conserve Battery","floor":11.0},{"not_picked":["Barrage","Beam Cell","Turbo"],"picked":"SKIP","floor":14.0},{"not_picked":["Multi-Cast","Core Surge"],"picked":"All For One","floor":16.0},{"not_picked":["Sweeping Beam","Leap","Go for the Eyes"],"picked":"SKIP","floor":18.0},{"not_picked":["Rebound+1","Stack","Barrage"],"picked":"SKIP","floor":20.0}],"player_experience":222938,"relics_obtained":[{"floor":4.0,"key":"hubris:OldNail"},{"floor":7.0,"key":"Happy Flower"},{"floor":9.0,"key":"Golden Egg"},{"floor":11.0,"key":"Matryoshka"}],"event_choices":[{"damage_healed":0.0,"max_hp_gain":0.0,"max_hp_loss":0.0,"gold_gain":0.0,"event_name":"FaceTrader","player_choice":"Trade","floor":22.0,"gold_loss":0.0,"damage_taken":0.0,"relics_obtained":["FaceOfCleric"]}],"is_beta":false,"boss_relics":[{"not_picked":["reliquary:KinkedSpring","Calling Bell"],"picked":"hubris:RunicObelisk"}],"items_purged_floors":[0,19,21],"is_endless":false,"potions_floor_spawned":[1,8],"killed_by":"Slavers","ascension_level":0}}