{"host":"sav7uxregyirlf69","time":1611801102,"event":{"mods":["AchievementEnabler","BaseMod","Colored Map","DeckTracker","Keyboard Shortcuts","Minty Spire (QoL Compilation)","READ ME - Guardian Mod","StSLib","SuperFastMode"],"gold_per_floor":[113,164,183,199,217,217,234,234,261,277,290,325,338,365,365,365,365],"floor_reached":16,"language":"KOR","playtime":300,"items_purged":[],"score":232,"play_id":"edd98255-5a54-4b35-8bb1-188c2cd7aa5f","local_time":"20210128113142","is_ascension_mode":true,"campfire_choices":[{"data":"Crippling Poison","floor":6,"key":"SMITH"},{"data":"Tactician","floor":8,"key":"SMITH"},{"data":"Concentrate","floor":15,"key":"SMITH"}],"circlet_count":0,"master_deck":["AscendersBane","Strike_G","Strike_G","Strike_G","Strike_G","Strike_G","Defend_G","Defend_G","Defend_G","Defend_G","Survivor","Neutralize","Crippling Poison+1","Tactician+1","Deadly Poison","Backstab","Dagger Throw","Reflex","Malaise","Dagger Spray","Concentrate+1"],"relics":["Ring of the Snake","Regal Pillow","Lantern","HornCleat","Omamori"],"acts_visited":["Exordium"],"potions_floor_usage":[12,14],"damage_taken":[{"damage":3,"enemies":"Cultist","floor":1,"turns":4},{"damage":4,"enemies":"2 Louse","floor":3,"turns":3},{"damage":4,"enemies":"Jaw Worm","floor":4,"turns":5},{"damage":12,"enemies":"Lots of Slimes","floor":5,"turns":5},{"damage":1,"enemies":"2 Fungi Beasts","floor":7,"turns":3},{"damage":4,"enemies":"Large Slime","floor":10,"turns":4},{"damage":4,"enemies":"Blue Slaver","floor":11,"turns":3},{"damage":6,"enemies":"Gremlin Nob","floor":12,"turns":3},{"damage":0,"enemies":"3 Louse","floor":13,"turns":2},{"damage":11,"enemies":"Lagavulin","floor":14,"turns":7},{"damage":14,"enemies":"Hexaghost","floor":16,"turns":10}],"seed_played":"-4320783782077699456","potions_obtained":[{"floor":4,"key":"SpeedPotion"},{"floor":5,"key":"Poison Potion"},{"floor":12,"key":"BlessingOfTheForge"}],"is_trial":false,"path_per_floor":["M","T","M","M","M","R","M","R","T","M","M","E","M","E","R","B"],"character_chosen":"THE_SILENT","items_purchased":[],"campfire_rested":0,"item_purchase_floors":[],"current_hp_per_floor":[56,56,52,48,36,36,35,35,35,31,27,21,21,10,10,0,0],"gold":365,"neow_bonus":"REMOVE_CARD","is_daily":false,"chose_seed":false,"campfire_upgraded":3,"win_rate":0.0,"timestamp":1611801102,"path_taken":["M","?","M","M","M","R","M","R","T","M","?","E","M","E","R","BOSS"],"items_purchased_type":[],"build_version":"2020-12-22","purchased_purges":0,"victory":false,"max_hp_per_floor":[66,66,66,66,66,66,66,66,66,66,66,66,66,66,66,66,66],"card_choices":[{"not_picked":["Poisoned Stab","Heel Hook"],"picked":"Crippling Poison","floor":1},{"not_picked":["Choke","Deflect"],"picked":"Tactician","floor":3},{"not_picked":["PiercingWail","Dagger Spray"],"picked":"Deadly Poison","floor":4},{"not_picked":["Cloak And Dagger","Crippling Poison"],"picked":"Backstab","floor":5},{"not_picked":["Choke","Deadly Poison"],"picked":"Dagger Throw","floor":7},{"not_picked":["Backstab","Escape Plan"],"picked":"Reflex","floor":10},{"not_picked":["Deadly Poison","Skewer","Quick Slash"],"picked":"SKIP","floor":11},{"not_picked":["Masterful Stab","Slice"],"picked":"Malaise","floor":12},{"not_picked":["Riddle With Holes","Dash"],"picked":"Dagger Spray","floor":13},{"not_picked":["Terror","PiercingWail"],"picked":"Concentrate","floor":14}],"player_experience":1407485,"relics_obtained":[{"floor":2,"key":"Regal Pillow"},{"floor":9,"key":"Lantern"},{"floor":12,"key":"HornCleat"},{"floor":14,"key":"Omamori"}],"event_choices":[],"is_beta":false,"boss_relics":[],"items_purged_floors":[],"is_endless":false,"potions_floor_spawned":[4,5,7,11,12],"killed_by":"Hexaghost","ascension_level":20}}