{"host":"4duaicl1ekzuzyk8","time":1611819849,"event":{"mods":["2.2 Compatiblity","BaseMod","Challenge The Spire","Downfall","Minty Spire (QoL Compilation)","Quick Restart","Random Character Button","StSLib","Unceasing Turn Reminder"],"gold_per_floor":[99,112,127,227,227,137,137,147,147,478,491,525,525,556,566,566,566,566],"floor_reached":16,"language":"ENG","playtime":1127,"items_purged":["bronze:Strike"],"score":145,"play_id":"68e46dc1-260c-4ab8-8039-ebb076a9f6e6","local_time":"20210128204409","is_ascension_mode":false,"campfire_choices":[{"data":"bronze:Replicate","floor":1.0,"key":"SMITH"},{"floor":13.0,"key":"REST"}],"circlet_count":0,"master_deck":["bronze:Strike","bronze:Strike","bronze:Strike","bronze:Defend","bronze:Defend","bronze:Defend","bronze:Replicate+1","bronze:Goto","bronze:BitShift","bronze:Invalidate","bronze:ChildClass","bronze:ForLoop","bronze:Virus","bronze:Branch"],"relics":["Black Star","StoneCalendar","Bronze Scales","Old Coin","Smiling Mask","Lantern","Mango","Omamori"],"acts_visited":["Exordium"],"potions_floor_usage":[15,16],"damage_taken":[{"damage":5.0,"enemies":"Jaw Worm","floor":2.0,"turns":4.0},{"damage":3.0,"enemies":"2 Louse","floor":3.0,"turns":4.0},{"damage":5.0,"enemies":"downfall:FleeingMerchant","floor":6.0,"turns":4.0},{"damage":12.0,"enemies":"Small Slimes","floor":8.0,"turns":3.0},{"damage":13.0,"enemies":"Lagavulin","floor":10.0,"turns":5.0},{"damage":9.0,"enemies":"Blue Slaver","floor":11.0,"turns":3.0},{"damage":27.0,"enemies":"Gremlin Nob","floor":12.0,"turns":3.0},{"damage":18.0,"enemies":"Lagavulin","floor":14.0,"turns":3.0},{"damage":10,"enemies":"Gremlin Gang","floor":15,"turns":4},{"damage":15,"enemies":"DF_ARCHETYPE_STREAMLINE","floor":16,"turns":3}],"seed_played":"7532412233437913547","potions_obtained":[{"floor":3.0,"key":"LiquidBronze"},{"floor":8.0,"key":"sneckomod:MuddlingPotion"},{"floor":14.0,"key":"AttackPotion"},{"floor":15,"key":"sneckomod:MuddlingPotion"}],"is_trial":false,"path_per_floor":["R","M","M","?","?","$","T","M","?","E","M","E","R","E","M","B"],"character_chosen":"THE_AUTOMATON","items_purchased":[],"campfire_rested":1,"item_purchase_floors":[],"current_hp_per_floor":[70,65,62,62,67,62,62,50,50,37,28,1,23,19,9,0,0,0],"gold":566,"neow_bonus":"BOSS_RELIC","is_daily":false,"chose_seed":false,"campfire_upgraded":1,"win_rate":0.0,"timestamp":1611819849,"path_taken":["R","M","M","?","?","?","T","M","?","E","M","E","R","E","M","BOSS"],"items_purchased_type":[],"build_version":"2020-12-22","purchased_purges":1,"victory":false,"max_hp_per_floor":[70,70,70,70,75,75,75,75,75,75,75,75,75,89,89,89,89,89],"card_choices":[{"not_picked":["bronze:WhirlingStrike","bronze:CloningBeam"],"picked":"bronze:BitShift","floor":2.0},{"not_picked":["bronze:OilSpill","bronze:Shield","bronze:Turbo"],"picked":"SKIP","floor":3.0},{"not_picked":["bronze:BronzeArmor","bronze:BugBarrage"],"picked":"bronze:Invalidate","floor":6.0},{"not_picked":["bronze:BuggyMess","bronze:Repair","bronze:Shield"],"picked":"SKIP","floor":8.0},{"not_picked":["bronze:BitShift","bronze:AlphaBuild"],"picked":"bronze:ForLoop","floor":10.0},{"not_picked":["bronze:OilSpill","bronze:WildBeam","bronze:Deprecate"],"picked":"SKIP","floor":11.0},{"not_picked":["bronze:ChosenStrike","bronze:Invalidate","bronze:Return"],"picked":"SKIP","floor":12.0},{"not_picked":["bronze:Allocate","bronze:Frontload"],"picked":"bronze:Virus","floor":14.0},{"not_picked":["bronze:NullPointer","bronze:ChosenStrike"],"picked":"bronze:Branch","floor":15}],"player_experience":558710,"relics_obtained":[{"floor":7.0,"key":"StoneCalendar"},{"floor":10.0,"key":"Bronze Scales"},{"floor":10.0,"key":"Old Coin"},{"floor":12.0,"key":"Smiling Mask"},{"floor":12.0,"key":"Lantern"},{"floor":14.0,"key":"Mango"},{"floor":14.0,"key":"Omamori"}],"event_choices":[{"damage_healed":0.0,"max_hp_gain":5.0,"max_hp_loss":0.0,"gold_gain":0.0,"event_name":"Big Fish","player_choice":"Donut","floor":5.0,"gold_loss":0.0,"damage_taken":0.0}],"is_beta":false,"boss_relics":[],"items_purged_floors":[6],"is_endless":false,"potions_floor_spawned":[3,8,14,15],"killed_by":"DF_ARCHETYPE_STREAMLINE","ascension_level":0}}