{"host":"a3oe3gstxz77c7qu","time":1611856250,"event":{"mods":["2.2 Compatiblity","Act Like it!","Astrologer","BaseMod","Bestiary","Better Altar","Better Match","Better Note","Better Skull","Better Third Choice","Block Reminder","Curses Come First","Custom Start","Dark Map","Downfall","Fox Events","Friendly Minions","GifTheSpireLib","Hallownest","Hermit","Jorbs\u0027s Wanderer Trilogy","Lobotomy","LobotomyExtend","Marisa????????","Minty Spire (QoL Compilation)","Permanent Neow","Quick Restart","Relic Stats","Spire Arcade","StSLib","The Bug Knight","The Cursed","The Disciple","The Jungle","Uncapped","Unknown Chances","Wandering Minibosses"],"gold_per_floor":[99,119,130,130,1,1,25,36,36,67,86,117,17,2,17,17,17,17],"floor_reached":16,"language":"ENG","playtime":1142,"items_purged":["sneckomod:Strike"],"score":162,"play_id":"16201249-f269-45ff-9b2f-823f262fa113","local_time":"20210128175050","is_ascension_mode":true,"campfire_choices":[{"data":"sneckomod:TailWhip","floor":1,"key":"SMITH"},{"floor":13,"key":"REST"}],"circlet_count":0,"master_deck":["sneckomod:Defend","sneckomod:Defend","sneckomod:TailWhip+1","sneckomod:SnekBite","sneckomod:Unknown","sneckomod:UnknownBlock","sneckomod:SerpentIdol","sneckomod:Unknown0Cost","sneckomod:MasterEye","sneckomod:ImprovisedGuard","Guardian:FuturePlans","sneckomod:UnknownVulnerable","sneckomod:UnknownX"],"relics":["sneckomod:SneckoSoul","Boot","StrikeDummy","LetterFromLob","Torii","downfall:HeartBlessingGreen"],"acts_visited":["Exordium"],"potions_floor_usage":[16],"damage_taken":[{"damage":2,"enemies":"Cultist","floor":2,"turns":4},{"damage":8,"enemies":"2 Louse","floor":3,"turns":3},{"damage":0,"enemies":"downfall:FleeingMerchant","floor":5,"turns":4},{"damage":9,"enemies":"Jaw Worm","floor":8,"turns":2},{"damage":39,"enemies":"3 Sentries","floor":10,"turns":11},{"damage":2,"enemies":"Blue Slaver","floor":11,"turns":3},{"damage":0,"enemies":"Lagavulin","floor":12,"turns":6},{"damage":0,"enemies":"downfall:FleeingMerchant","floor":14,"turns":4},{"damage":0,"enemies":"Exordium Wildlife","floor":15,"turns":3},{"damage":65,"enemies":"IC_STATUS_ARCHETYPE","floor":16,"turns":13}],"seed_played":"-207533998900018769","potions_obtained":[{"floor":3,"key":"Energy Potion"},{"floor":12,"key":"GamblersBrew"}],"is_trial":false,"path_per_floor":["R","M","M","?","$","?","T","M","R","E","M","E","R","$","M","B"],"character_chosen":"THE_SNECKO","items_purchased":["sneckomod:Unknown0Cost"],"campfire_rested":1,"item_purchase_floors":[5],"current_hp_per_floor":[90,88,80,80,80,80,80,71,71,32,30,30,57,57,57,0,0,0],"gold":17,"neow_bonus":"REMOVE_CARD","is_daily":false,"chose_seed":false,"campfire_upgraded":1,"win_rate":0.0,"timestamp":1611856250,"path_taken":["R","M","?","?","?","?","T","?","R","E","?","E","R","$","M","BOSS"],"items_purchased_type":["Card"],"build_version":"2020-12-22","purchased_purges":1,"victory":false,"max_hp_per_floor":[90,90,90,90,90,90,90,90,90,90,90,90,90,90,90,90,90,90],"relic_stats":{"Torii":5,"counters":[10,53],"Boot":[1],"obtain_stats":[{"Torii":12,"downfall:HeartBlessingGreen":13,"LetterFromLob":10,"sneckomod:SneckoSoul":0,"Boot":7,"StrikeDummy":10},{"Torii":7,"downfall:HeartBlessingGreen":7,"LetterFromLob":5,"sneckomod:SneckoSoul":0,"Boot":3,"StrikeDummy":5},{"Torii":33,"downfall:HeartBlessingGreen":33,"LetterFromLob":24,"sneckomod:SneckoSoul":0,"Boot":11,"StrikeDummy":24}]},"card_choices":[{"not_picked":["sneckomod:Unknown1Cost","sneckomod:DiceBlock"],"picked":"sneckomod:UnknownBlock","floor":2},{"not_picked":["sneckomod:ImprovisedAttack","sneckomod:UnknownStrength"],"picked":"sneckomod:SerpentIdol","floor":3},{"not_picked":["sneckomod:DiceCrush","sneckomod:UnknownCommonAttack","sneckomod:UnknownStrike"],"picked":"SKIP","floor":5},{"not_picked":["sneckomod:UnknownCommonSkill","sneckomod:WideSting"],"picked":"sneckomod:ImprovisedGuard","floor":8},{"not_picked":["sneckomod:DiceCrush","sneckomod:Unknown1Cost","sneckomod:SoulDraw"],"picked":"SKIP","floor":10},{"not_picked":["sneckomod:QuickBite","sneckomod:Unknown1Cost"],"picked":"sneckomod:UnknownVulnerable","floor":11},{"not_picked":["sneckomod:UnknownCommonAttack","sneckomod:RainOfDice","sneckomod:ImprovisedAttack"],"picked":"SKIP","floor":12},{"not_picked":["sneckomod:SoulDraw","sneckomod:SnakeSap"],"picked":"sneckomod:UnknownX","floor":14},{"not_picked":["sneckomod:UnknownCommonAttack","sneckomod:QuickMove","sneckomod:SlitherStrike"],"picked":"SKIP","floor":15}],"player_experience":1106113,"relics_obtained":[{"floor":7,"key":"Boot"},{"floor":10,"key":"StrikeDummy"},{"floor":10,"key":"LetterFromLob"},{"floor":12,"key":"Torii"}],"event_choices":[{"damage_healed":0,"gold_gain":0,"cards_transformed":["sneckomod:Defend"],"player_choice":"Change","damage_taken":0,"max_hp_gain":0,"max_hp_loss":0,"event_name":"Living Wall","floor":6,"gold_loss":0,"cards_obtained":["sneckomod:MasterEye"]}],"is_beta":false,"boss_relics":[],"items_purged_floors":[5],"is_endless":false,"potions_floor_spawned":[3,12],"killed_by":"IC_STATUS_ARCHETYPE","ascension_level":4}}