{"host":"u7lm8z2rvb4dg2oo","time":1611862026,"event":{"mods":["AchievementEnabler","BaseMod","Bestiary","Block Reminder","Colored Map","Colored Powertips","Curses Come First","DeckTracker","Googly Eyes","Highlight Path","Minty Spire (QoL Compilation)","Quick Restart","StSLib"],"gold_per_floor":[110,121,121,12,28,58,58,91,91,118,164,164,184,194,194,292,342,357,357,210,226,237,270,270,288,288,288,288,306,19,29,29,133,133,144,193,193,204,60,60,110,140,164,184,184,262,290,290,290,290,290],"floor_reached":50,"language":"ENG","playtime":3888,"items_purged":["Strike_G"],"score":832,"play_id":"3c2b99f4-19fb-4623-8aea-9618a9042c81","local_time":"20210128142706","is_ascension_mode":true,"campfire_choices":[{"floor":7.0,"key":"REST"},{"floor":12.0,"key":"REST"},{"floor":15.0,"key":"REST"},{"floor":24.0,"key":"REST"},{"floor":32.0,"key":"REST"},{"data":"Burst","floor":40.0,"key":"SMITH"},{"data":"Envenom","floor":45.0,"key":"SMITH"},{"floor":49.0,"key":"REST"}],"circlet_count":0,"master_deck":["AscendersBane","Strike_G","Strike_G","Strike_G+1","Defend_G","Defend_G","Defend_G","Defend_G","Defend_G+1","Survivor","Neutralize+1","Backstab","Flechettes","Terror","Dagger Spray","Venomology","Blade Dance+1","Underhanded Strike","Finisher+1","Envenom+1","Caltrops","Slice+1","RitualDagger","Dash+1","Endless Agony","Well Laid Plans","Venomology","Phantasmal Killer","Blade Dance+1","Burst+1","Slice+1","Footwork"],"relics":["Ring of the Snake","NeowsBlessing","Centennial Puzzle","Sundial","Mercury Hourglass","StrikeDummy","Nunchaku","Tiny House","Bronze Scales","White Beast Statue","Tiny Chest","Turnip","Meat on the Bone","Black Star","Potion Belt","Mango","War Paint","Whetstone","Toy Ornithopter","Toxic Egg 2","Ginger","Lizard Tail"],"acts_visited":["Exordium","TheCity","TheBeyond"],"potions_floor_usage":[50,50,50,50,50],"damage_taken":[{"damage":0.0,"enemies":"Jaw Worm","floor":1.0,"turns":1.0},{"damage":0.0,"enemies":"Cultist","floor":2.0,"turns":1.0},{"damage":0.0,"enemies":"2 Louse","floor":5.0,"turns":1.0},{"damage":42.0,"enemies":"Lagavulin","floor":6.0,"turns":8.0},{"damage":10.0,"enemies":"Gremlin Nob","floor":8.0,"turns":3.0},{"damage":25.0,"enemies":"3 Sentries","floor":10.0,"turns":5.0},{"damage":0.0,"enemies":"Exordium Thugs","floor":13.0,"turns":3.0},{"damage":0.0,"enemies":"Large Slime","floor":14.0,"turns":4.0},{"damage":24.0,"enemies":"Hexaghost","floor":16.0,"turns":7.0},{"damage":0.0,"enemies":"3 Byrds","floor":18.0,"turns":2.0},{"damage":28.0,"enemies":"Spheric Guardian","floor":21.0,"turns":3.0},{"damage":24.0,"enemies":"Shelled Parasite and Fungi","floor":22.0,"turns":3.0},{"damage":6.0,"enemies":"Book of Stabbing","floor":23.0,"turns":3.0},{"damage":0.0,"enemies":"Snecko","floor":25.0,"turns":2.0},{"damage":7.0,"enemies":"Centurion and Healer","floor":29.0,"turns":4.0},{"damage":12.0,"enemies":"Cultist and Chosen","floor":31.0,"turns":4.0},{"damage":104.0,"enemies":"Automaton","floor":33.0,"turns":10.0},{"damage":14.0,"enemies":"Orb Walker","floor":35.0,"turns":3.0},{"damage":10.0,"enemies":"3 Shapes","floor":38.0,"turns":6.0},{"damage":16.0,"enemies":"Mind Bloom Boss Battle","floor":41.0,"turns":7.0},{"damage":59.0,"enemies":"Reptomancer","floor":42.0,"turns":5.0},{"damage":0.0,"enemies":"Jaw Worm Horde","floor":44.0,"turns":3.0},{"damage":19.0,"enemies":"Giant Head","floor":47.0,"turns":7.0},{"damage":144,"enemies":"Awakened One","floor":50,"turns":8}],"seed_played":"6202716221129360358","potions_obtained":[{"floor":1.0,"key":"Ancient Potion"},{"floor":3.0,"key":"SteroidPotion"},{"floor":3.0,"key":"GamblersBrew"},{"floor":10.0,"key":"DistilledChaos"},{"floor":14.0,"key":"FairyPotion"},{"floor":16.0,"key":"LiquidMemories"},{"floor":17.0,"key":"Ancient Potion"},{"floor":25.0,"key":"Swift Potion"},{"floor":29.0,"key":"Poison Potion"},{"floor":31.0,"key":"Dexterity Potion"},{"floor":33.0,"key":"PowerPotion"},{"floor":35.0,"key":"Regen Potion"},{"floor":38.0,"key":"SkillPotion"},{"floor":41.0,"key":"FearPotion"},{"floor":42.0,"key":"Fire Potion"},{"floor":44.0,"key":"Dexterity Potion"},{"floor":47.0,"key":"Swift Potion"}],"is_trial":false,"path_per_floor":["M","M","?","$","M","E","R","E","T","E","T","R","M","M","R","B",null,"M","?","$","M","M","E","R","M","T","T","?","M","$","M","R","B",null,"M","T","?","M","$","R","?","E","T","M","R","T","E","?","R","B"],"character_chosen":"THE_SILENT","items_purchased":["Terror","Bronze Scales","Meat on the Bone","Block Potion","Burst"],"campfire_rested":6,"item_purchase_floors":[4,20,30,30,39],"current_hp_per_floor":[63,63,63,63,63,21,42,32,32,7,7,28,28,28,49,25,64,64,58,58,35,11,5,27,27,27,27,27,20,20,20,42,27,63,49,49,49,53,53,53,63,16,16,43,43,43,51,51,77,0,0],"gold":290,"neow_bonus":"THREE_ENEMY_KILL","is_daily":false,"chose_seed":false,"campfire_upgraded":2,"win_rate":0.0,"timestamp":1611862026,"path_taken":["M","M","?","$","?","E","R","E","T","E","?","R","?","M","R","BOSS","M","?","$","M","M","E","R","M","T","?","?","?","$","M","R","BOSS","M","?","?","?","$","R","?","E","T","M","R","?","E","?","R","BOSS"],"items_purchased_type":["Card","Relic","Relic","Potion","Card"],"build_version":"2020-12-22","purchased_purges":1,"victory":false,"max_hp_per_floor":[70,70,70,70,70,70,70,70,70,70,70,70,70,70,70,70,75,75,75,75,75,75,75,75,75,75,75,75,75,75,75,75,75,75,75,75,75,75,75,75,89,89,89,89,89,89,89,89,89,89,89],"card_choices":[{"not_picked":["Masterful Stab","Sucker Punch"],"picked":"Backstab","floor":1.0},{"not_picked":["Flying Knee","Slice"],"picked":"Flechettes","floor":2.0},{"not_picked":["Underhanded Strike","Dagger Throw"],"picked":"Dagger Spray","floor":5.0},{"not_picked":["Concentrate","Doppelganger","Calculated Gamble"],"picked":"SKIP","floor":6.0},{"not_picked":["Prepared","Blur"],"picked":"Venomology","floor":8.0},{"not_picked":["Slice","Quick Slash"],"picked":"Blade Dance","floor":10.0},{"not_picked":["Cloak And Dagger","Deflect"],"picked":"Underhanded Strike","floor":13.0},{"not_picked":["Eviscerate","Flechettes"],"picked":"Finisher","floor":14.0},{"not_picked":["Night Terror","Die Die Die"],"picked":"Envenom","floor":16.0},{"not_picked":["Choke","Concentrate"],"picked":"Caltrops","floor":17.0},{"not_picked":["Deadly Poison","Bane"],"picked":"Slice+1","floor":18.0},{"not_picked":["Concentrate","Endless Agony"],"picked":"Dash+1","floor":21.0},{"not_picked":["Flechettes","Dagger Spray","Backflip"],"picked":"SKIP","floor":22.0},{"not_picked":["Heel Hook","Dodge and Roll"],"picked":"Endless Agony","floor":23.0},{"not_picked":["Wraith Form v2","Flying Knee"],"picked":"Well Laid Plans","floor":25.0},{"not_picked":["Deflect","Heel Hook","Dagger Spray"],"picked":"SKIP","floor":29.0},{"not_picked":["Dagger Throw","Prepared","Deflect"],"picked":"SKIP","floor":31.0},{"not_picked":["Wraith Form v2","After Image"],"picked":"Phantasmal Killer","floor":33.0},{"not_picked":["Deflect+1","Backstab"],"picked":"Blade Dance+1","floor":35.0},{"not_picked":["Reflex+1","Bane+1","Slice+1"],"picked":"SKIP","floor":38.0},{"not_picked":["All Out Attack","Well Laid Plans"],"picked":"Slice+1","floor":41.0},{"not_picked":["Deadly Poison","Sucker Punch+1","Unload"],"picked":"SKIP","floor":42.0},{"not_picked":["Cloak And Dagger+1","Expertise+1"],"picked":"Footwork","floor":44.0},{"not_picked":["Storm of Steel+1","Deadly Poison+1"],"picked":"Glass Knife","floor":47.0}],"player_experience":1040808,"relics_obtained":[{"floor":6.0,"key":"Centennial Puzzle"},{"floor":8.0,"key":"Sundial"},{"floor":9.0,"key":"Mercury Hourglass"},{"floor":10.0,"key":"StrikeDummy"},{"floor":11.0,"key":"Nunchaku"},{"floor":23.0,"key":"White Beast Statue"},{"floor":26.0,"key":"Tiny Chest"},{"floor":27.0,"key":"Turnip"},{"floor":36.0,"key":"Potion Belt"},{"floor":41.0,"key":"Mango"},{"floor":42.0,"key":"War Paint"},{"floor":42.0,"key":"Whetstone"},{"floor":43.0,"key":"Toy Ornithopter"},{"floor":46.0,"key":"Toxic Egg 2"},{"floor":47.0,"key":"Ginger"},{"floor":47.0,"key":"Lizard Tail"}],"event_choices":[{"damage_healed":0.0,"max_hp_gain":0.0,"max_hp_loss":0.0,"gold_gain":0.0,"event_name":"Lab","player_choice":"Got Potions","floor":3.0,"gold_loss":0.0,"damage_taken":0.0},{"damage_healed":0.0,"max_hp_gain":0.0,"max_hp_loss":0.0,"gold_gain":0.0,"event_name":"Nest","player_choice":"Joined the Cult","floor":19.0,"gold_loss":0.0,"damage_taken":6.0,"cards_obtained":["RitualDagger"]},{"damage_healed":0.0,"max_hp_gain":0.0,"max_hp_loss":0.0,"gold_gain":0.0,"event_name":"Duplicator","player_choice":"Copied","floor":28.0,"gold_loss":0.0,"damage_taken":0.0,"cards_obtained":["Venomology"]},{"cards_removed":["Strike_G"],"damage_healed":0.0,"max_hp_gain":0.0,"max_hp_loss":0.0,"gold_gain":0.0,"event_name":"Purifier","player_choice":"Purged","floor":37.0,"gold_loss":0.0,"damage_taken":0.0},{"damage_healed":0.0,"max_hp_gain":0.0,"max_hp_loss":0.0,"gold_gain":0.0,"event_name":"MindBloom","player_choice":"Fight","floor":41.0,"gold_loss":0.0,"damage_taken":0.0},{"cards_removed":["Glass Knife"],"damage_healed":0.0,"max_hp_gain":0.0,"max_hp_loss":0.0,"gold_gain":0.0,"event_name":"Falling","player_choice":"Removed Attack","floor":48.0,"gold_loss":0.0,"damage_taken":0.0}],"is_beta":false,"boss_relics":[{"not_picked":["Snecko Eye","Busted Crown"],"picked":"Tiny House"},{"not_picked":["Astrolabe","Cursed Key"],"picked":"Black Star"}],"items_purged_floors":[4],"is_endless":false,"potions_floor_spawned":[1,5,10,14,16,25,29,31,33,35,38,41,42,44,47],"killed_by":"Awakened One","ascension_level":10}}