{"host":"d7if6ph0p9yatwka","time":1611870970,"event":{"mods":["AchievementEnabler","Act Like it!","BaseMod","Gensokyo","KinomotoSakuraMod(ñÿîVñ{?)","Lobotomy","MarisaÅiñ∂âJÅ@ñÇóùçπÅj","Minty Spire (QoL Compilation)","Prisma Mod","RemiliaÅiÂQïƒ‰ª?Åj","StSLib","The Cursed","Voiceroid Mod"],"gold_per_floor":[112,112,112,112,212,244,93,104,131,457,457,484,498,726,726,726,726],"floor_reached":16,"language":"JPN","playtime":3116,"items_purged":[],"score":141,"play_id":"e8ccec44-8e1a-4248-93e5-d532eb8eda79","local_time":"20210128215610","is_ascension_mode":false,"campfire_choices":[{"floor":11,"key":"RECALL"},{"data":"VampireKiss","floor":15,"key":"SMITH"}],"circlet_count":0,"master_deck":["Strike_RM","Strike_RM","Strike_RM","Strike_RM","Defend_RM","Defend_RM","Defend_RM","Defend_RM","RedMoon","Stigmanizer","BloodHunter","MastersStateliness+1","KillingBlow","TransientEternity","VampireKiss+1"],"relics":["ScarletHat","Mango","Happy Flower","Bronze Scales","Lantern","Strawberry","Juzu Bracelet","Old Coin","Bag of Marbles","Darkstone Periapt"],"acts_visited":["Gensokyo:Gensokyo"],"potions_floor_usage":[],"damage_taken":[{"damage":0,"enemies":"Gensokyo:Gryphon","floor":1,"turns":4},{"damage":16,"enemies":"Gensokyo:Cirno","floor":6,"turns":8},{"damage":2,"enemies":"Gensokyo:3_Fairies","floor":8,"turns":7},{"damage":20,"enemies":"Gensokyo:Mamizou","floor":10,"turns":10},{"damage":12,"enemies":"Gensokyo:Python","floor":13,"turns":1},{"damage":1,"enemies":"Gensokyo:Cirno","floor":14,"turns":6},{"damage":59,"enemies":"Gensokyo:Kokoro","floor":16,"turns":13}],"seed_played":"-5925888887008859057","potions_obtained":[{"floor":6,"key":"Energy Potion"},{"floor":8,"key":"SteroidPotion"}],"is_trial":false,"path_per_floor":["M","?","?","?","?","E","COS","M","T","E","R","T","M","E","R","B"],"character_chosen":"REMILIA","items_purchased":[],"campfire_rested":0,"item_purchase_floors":[],"current_hp_per_floor":[82,75,75,56,56,42,42,44,51,37,37,37,25,24,24,0,0],"gold":726,"neow_bonus":"TEN_PERCENT_HP_BONUS","is_daily":false,"chose_seed":false,"campfire_upgraded":1,"win_rate":0.0,"timestamp":1611870970,"path_taken":["M","?","?","?","?","E","COS","M","T","E","R","?","M","E","R","BOSS"],"items_purchased_type":[],"build_version":"2020-12-22","purchased_purges":0,"victory":false,"max_hp_per_floor":[82,96,96,96,96,96,96,96,103,103,103,103,103,103,103,103,103],"card_choices":[{"not_picked":["HunterOfTheNight","UnstableMagic"],"picked":"Stigmanizer","floor":1},{"not_picked":["ChainGang","StarOfDavid"],"picked":"BloodHunter","floor":6},{"not_picked":["EternalNight+1","MillenniumVampire+1"],"picked":"MastersStateliness+1","floor":8},{"not_picked":["RedRainbow","EndlessAdversity","DiffusionOfMisfortune"],"picked":"SKIP","floor":8},{"not_picked":["ScarletMeister","ForecastOfChange"],"picked":"KillingBlow","floor":10},{"not_picked":["BombardNight","BloodHunter"],"picked":"TransientEternity","floor":10},{"not_picked":["SuperhumanBloodyKnife","MillenniumVampire","MastersStateliness"],"picked":"SKIP","floor":13},{"not_picked":["BlasphemousPunishment","FavorOfDestiny"],"picked":"VampireKiss","floor":14}],"player_experience":110079,"relics_obtained":[{"floor":6,"key":"Lantern"},{"floor":9,"key":"Strawberry"},{"floor":10,"key":"Old Coin"},{"floor":12,"key":"Bag of Marbles"},{"floor":14,"key":"Darkstone Periapt"}],"event_choices":[],"is_beta":false,"boss_relics":[],"items_purged_floors":[],"is_endless":false,"potions_floor_spawned":[6,8],"killed_by":"Gensokyo:Kokoro","ascension_level":0}}