{"host":"vx9g5eyuglzorf3u","time":1611858876,"event":{"mods":["2.2 Compatiblity","BaseMod","DeckTracker","Keyboard Shortcuts","Minty Spire (QoL Compilation)","Relic Stats","StSLib","SuperFastMode","everything is the same but u backflip on backflip"],"gold_per_floor":[113,113,129,54,74,74,45,45,45],"floor_reached":8,"language":"KOR","playtime":251,"items_purged":["Defend_R"],"score":96,"play_id":"54f83c13-b399-4c26-89bf-c7d2c9ad2306","local_time":"20210129033436","is_ascension_mode":true,"campfire_choices":[{"data":"Body Slam","floor":6.0,"key":"SMITH"}],"circlet_count":0,"master_deck":["AscendersBane","Strike_R","Strike_R","Defend_R","Defend_R","Defend_R","Bash","Seeing Red","Clash","Body Slam+1","Disarm","Shrug It Off"],"relics":["Burning Blood"],"acts_visited":["Exordium"],"potions_floor_usage":[],"damage_taken":[{"damage":1.0,"enemies":"2 Louse","floor":1.0,"turns":2.0},{"damage":9.0,"enemies":"Jaw Worm","floor":3.0,"turns":6.0},{"damage":5.0,"enemies":"Small Slimes","floor":5.0,"turns":4.0},{"damage":15.0,"enemies":"Exordium Thugs","floor":7.0,"turns":4.0},{"damage":57,"enemies":"3 Sentries","floor":8,"turns":10}],"seed_played":"9019598622933024487","potions_obtained":[],"is_trial":false,"path_per_floor":["M","?","M","$","M","R","M","E"],"character_chosen":"IRONCLAD","items_purchased":[],"campfire_rested":0,"item_purchase_floors":[],"current_hp_per_floor":[68,68,65,65,66,66,57,0,0],"gold":45,"neow_bonus":"TRANSFORM_TWO_CARDS","is_daily":false,"chose_seed":false,"campfire_upgraded":1,"win_rate":0.0,"timestamp":1611858876,"path_taken":["M","?","M","$","M","R","M","E"],"items_purchased_type":[],"build_version":"2020-12-22","purchased_purges":1,"victory":false,"max_hp_per_floor":[68,68,68,68,68,68,68,68,68],"relic_stats":{"counters":[5,26],"obtain_stats":[{"Burning Blood":0},{"Burning Blood":0},{"Burning Blood":0}],"Burning Blood":19},"card_choices":[{"not_picked":["Iron Wave","Spot Weakness"],"picked":"Body Slam","floor":1.0},{"not_picked":["Hemokinesis","Dropkick","True Grit"],"picked":"SKIP","floor":3.0},{"not_picked":["Clothesline","Perfected Strike"],"picked":"Disarm","floor":5.0},{"not_picked":["Inflame","Heavy Blade"],"picked":"Shrug It Off","floor":7.0}],"player_experience":1499675,"relics_obtained":[],"event_choices":[{"cards_removed":["Strike_R"],"damage_healed":0.0,"max_hp_gain":0.0,"max_hp_loss":0.0,"gold_gain":0.0,"event_name":"Living Wall","player_choice":"Forget","floor":2.0,"gold_loss":0.0,"damage_taken":0.0}],"is_beta":false,"boss_relics":[],"items_purged_floors":[4],"is_endless":false,"potions_floor_spawned":[],"killed_by":"3 Sentries","ascension_level":20}}