{"host":"4frmwgfdu3ku469n","time":1611826133,"event":{"mods":["BaseMod","Minty Spire (QoL Compilation)","Replay The Spire","StSLib"],"gold_per_floor":[112,287,287,301,318,318,318,318],"floor_reached":7,"language":"ZHS","playtime":220,"items_purged":[],"score":59,"play_id":"f42475fb-3fdf-4ef7-b14a-7e64c01dfe5f","local_time":"20210128172853","is_ascension_mode":true,"campfire_choices":[{"floor":6,"key":"REST"}],"circlet_count":0,"master_deck":["Strike_G","Strike_G","Strike_G","Strike_G","Strike_G","Defend_G","Defend_G","Defend_G","Defend_G","Defend_G","Survivor","Neutralize","Backflip","Dagger Spray","Doubt","Acrobatics","Calculated Gamble"],"relics":["Ring of the Snake","Prayer Wheel"],"acts_visited":["Exordium"],"potions_floor_usage":[],"damage_taken":[{"damage":6.0,"enemies":"Jaw Worm","floor":1.0,"turns":5.0},{"damage":0,"enemies":"Small Slimes","floor":4,"turns":3},{"damage":9,"enemies":"Cultist","floor":5,"turns":5},{"damage":45,"enemies":"3 Sentries","floor":7,"turns":8}],"seed_played":"5372014578086398055","potions_obtained":[{"floor":5,"key":"Doom Potion"}],"is_trial":false,"path_per_floor":["M","?","?","M","M","R","E"],"character_chosen":"THE_SILENT","items_purchased":[],"campfire_rested":1,"item_purchase_floors":[],"current_hp_per_floor":[39,39,39,39,30,51,6,6],"gold":318,"neow_bonus":"ONE_RARE_RELIC","is_daily":false,"chose_seed":false,"campfire_upgraded":0,"win_rate":0.0,"timestamp":1611826133,"path_taken":["M","?","?","M","?","R","E"],"items_purchased_type":[],"build_version":"2020-12-22","purchased_purges":0,"victory":false,"max_hp_per_floor":[70,70,70,70,70,70,70,70],"card_choices":[{"not_picked":["Deflect","Sucker Punch"],"picked":"Backflip","floor":1.0},{"not_picked":["Bane","Toxin Wave"],"picked":"Dagger Spray","floor":1.0},{"not_picked":["Dodge and Roll","Expertise"],"picked":"Acrobatics","floor":4},{"not_picked":["Poisoned Stab","Deadly Poison"],"picked":"Calculated Gamble","floor":4},{"not_picked":["Cloak And Dagger","Flying Knee","Dodge and Roll"],"picked":"SKIP","floor":5},{"not_picked":["Blade Dance","Masterful Stab","ReplayTheSpireMod:Shiv Toss"],"picked":"SKIP","floor":5}],"player_experience":629253,"relics_obtained":[],"event_choices":[{"damage_healed":0.0,"max_hp_gain":0.0,"max_hp_loss":0.0,"gold_gain":175.0,"event_name":"Liars Game","player_choice":"AGREE","floor":2.0,"gold_loss":0.0,"damage_taken":0.0,"cards_obtained":["Doubt"]},{"damage_healed":0,"gold_gain":0,"player_choice":"Ignored","damage_taken":0,"max_hp_gain":0,"max_hp_loss":0,"event_name":"Transmorgrifier","floor":3,"gold_loss":0}],"is_beta":false,"boss_relics":[],"items_purged_floors":[],"is_endless":false,"potions_floor_spawned":[5],"killed_by":"3 Sentries","ascension_level":9}}