{"host":"cgwysqtmt736mr58","time":1611801699,"event":{"mods":["2.2 Compatiblity","Aspiration","BaseMod","Beaked The Cultist","BetterRewards","Colored Map","Colored Powertips","Downfall","Duelist Mod","GifTheSpireLib","Googly Eyes","Halation","Hermit","Hubris","Infinite Spire","Lobotomy","LobotomyExtend","Marisa????????","Minty Spire (QoL Compilation)","Relic Stats","Replay The Spire","Shade Mod","StSLib","The Bug Knight","The Construct","The Cursed","The Disciple","The Exalted","The Jungle","The Necromancer","The Runesmith","The Servant 0.9.4","The Wild Card","Waifu the Spire","Yuri Mod"],"gold_per_floor":[191,201,212,224,236,236,236,236,248,248,248,263,163,190,207,207,207,207],"floor_reached":16,"language":"ENG","playtime":402,"items_purged":[],"score":118,"play_id":"99d2c193-f525-4997-a7c7-6ff6e6a4371e","local_time":"20210128134139","is_ascension_mode":true,"campfire_choices":[{"floor":6,"key":"REST"},{"floor":10,"key":"RECALL"},{"data":"Dramatic Entrance","floor":13,"key":"SMITH"}],"circlet_count":0,"master_deck":["bronze:Strike","bronze:Strike","bronze:Strike","bronze:Defend","bronze:Defend","bronze:Defend","bronze:Defend","bronze:Replicate","bronze:Goto","Dramatic Entrance+1","bronze:WildBeam","bronze:DigitalCarnage","bronze:Branch","bronze:Flail","bronze:Fortify","bronze:Backtrace","bronze:OilSpill"],"relics":["bronze:BronzeCore","LetterFromLob","Replay:Bottled Steam","Torii","downfall:HeartBlessingRed","Odd Mushroom"],"acts_visited":["Exordium"],"potions_floor_usage":[12],"damage_taken":[{"damage":3,"enemies":"Small Slimes","floor":2,"turns":3},{"damage":1,"enemies":"Cultist","floor":3,"turns":3},{"damage":2,"enemies":"2 Louse","floor":4,"turns":2},{"damage":19,"enemies":"Exordium Wildlife","floor":5,"turns":2},{"damage":0,"enemies":"Large Slime","floor":9,"turns":5},{"damage":0,"enemies":"Exordium Thugs","floor":12,"turns":2},{"damage":0,"enemies":"The Mushroom Lair","floor":14,"turns":1},{"damage":0,"enemies":"Blue Slaver","floor":15,"turns":1},{"damage":85,"enemies":"WA_ARCHETYPE_RETAIN","floor":16,"turns":7}],"seed_played":"4252012232699666374","potions_obtained":[{"floor":9,"key":"SkillPotion"}],"is_trial":false,"path_per_floor":["R_BF","M","M","M","M","R","T","?","M","R","?","M","R","?","M","B"],"character_chosen":"THE_AUTOMATON","items_purchased":[],"campfire_rested":1,"item_purchase_floors":[],"current_hp_per_floor":[70,67,66,64,45,66,66,66,66,66,66,66,66,66,66,0,0,0],"gold":207,"neow_bonus":"RANDOM_COLORLESS","is_daily":false,"chose_seed":false,"campfire_upgraded":1,"win_rate":0.0,"timestamp":1611801699,"path_taken":["R_BF","M","M","M","M","R","T","?","?","R","?","M","R","?","M","BOSS"],"items_purchased_type":[],"build_version":"2020-12-22","purchased_purges":0,"victory":false,"max_hp_per_floor":[70,70,70,70,70,70,70,70,70,70,70,70,70,70,70,70,70,70],"relic_stats":{"Torii":0,"counters":[9,26],"obtain_stats":[{"bronze:BronzeCore":0,"Torii":11,"downfall:HeartBlessingRed":13,"LetterFromLob":2,"Odd Mushroom":14,"Replay:Bottled Steam":7},{"bronze:BronzeCore":0,"Torii":5,"downfall:HeartBlessingRed":6,"LetterFromLob":1,"Odd Mushroom":7,"Replay:Bottled Steam":4},{"bronze:BronzeCore":0,"Torii":15,"downfall:HeartBlessingRed":17,"LetterFromLob":3,"Odd Mushroom":18,"Replay:Bottled Steam":10}]},"card_choices":[{"not_picked":["Replay:Bootleg Shield Generator","ReplayTheSpireMod:Private Reserves"],"picked":"Dramatic Entrance","floor":0},{"not_picked":["bronze:Branch","bronze:BitShift"],"picked":"bronze:WildBeam","floor":2},{"not_picked":["bronze:FineTuning","bronze:ForLoop"],"picked":"bronze:DigitalCarnage","floor":3},{"not_picked":["bronze:DelayedGuard","bronze:Philosophize"],"picked":"bronze:Branch","floor":4},{"not_picked":["bronze:DelayedGuard","bronze:ForceShield"],"picked":"bronze:Flail","floor":5},{"not_picked":["bronze:DelayedGuard","bronze:Constructor","bronze:Fortify"],"picked":"SKIP","floor":9},{"not_picked":["bronze:Branch","bronze:BronzeArmor"],"picked":"bronze:Fortify","floor":12},{"not_picked":["bronze:Deprecate","bronze:Repair"],"picked":"bronze:Backtrace","floor":14},{"not_picked":["bronze:ClassDefault","bronze:BurnOut"],"picked":"bronze:OilSpill","floor":15}],"player_experience":1072361,"relics_obtained":[{"floor":2,"key":"LetterFromLob"},{"floor":7,"key":"Replay:Bottled Steam"},{"floor":11,"key":"Torii"},{"floor":14,"key":"Odd Mushroom"}],"event_choices":[{"damage_healed":0,"gold_gain":0,"player_choice":"Fought Mushrooms","damage_taken":0,"max_hp_gain":0,"max_hp_loss":0,"event_name":"Mushrooms","floor":14,"gold_loss":0}],"is_beta":false,"boss_relics":[],"items_purged_floors":[],"is_endless":false,"potions_floor_spawned":[9],"killed_by":"WA_ARCHETYPE_RETAIN","ascension_level":5}}