{"host":"zlrtw6zx2qjb37pc","time":1611819336,"event":{"mods":["BaseMod","Better Altar","Better Match","Better Note","Better Sensory Stone","Better Skull","Better Third Choice","Colored Map","Colored Powertips","Downfall","Highlight Path","Minty Spire (QoL Compilation)","Relic Stats","StSLib"],"gold_per_floor":[99,112,126,226,245,145,145,162,182,208,234,334,234,254,269,269,269,269],"floor_reached":16,"language":"ENG","playtime":797,"items_purged":[],"score":139,"play_id":"52a4b5fc-2c5d-4116-a28b-c60ba8637561","local_time":"20210128153536","is_ascension_mode":false,"campfire_choices":[{"floor":1,"key":"RECALL"},{"data":"champ:Taunt","floor":6,"key":"SMITH"},{"floor":13,"key":"REST"}],"circlet_count":0,"master_deck":["champ:Strike","champ:Strike","champ:Strike","champ:Strike","champ:Defend","champ:Defend+1","champ:Defend+1","champ:Defend","champ:Execute","champ:Taunt+1","CurseOfTheBell","champ:Haymaker","champ:ShieldSlam","champ:Shatter","champ:SteelEdge","champ:EnGarde","champ:FocusedBerserking","champ:HeartStrike","champ:EnragedBash"],"relics":["Calling Bell","War Paint","Eternal Feather","WingedGreaves","downfall:HeartBlessingRed","Bottled Flame","Pear","Anchor","downfall:HeartBlessingGreen"],"acts_visited":["Exordium"],"potions_floor_usage":[10,10,11,16,16],"damage_taken":[{"damage":26,"enemies":"Cultist","floor":2,"turns":3},{"damage":0,"enemies":"2 Louse","floor":3,"turns":2},{"damage":18,"enemies":"Jaw Worm","floor":5,"turns":4},{"damage":9,"enemies":"Blue Slaver","floor":8,"turns":4},{"damage":30,"enemies":"Lots of Slimes","floor":9,"turns":5},{"damage":5,"enemies":"Lagavulin","floor":10,"turns":6},{"damage":80,"enemies":"Gremlin Nob","floor":11,"turns":7},{"damage":13,"enemies":"Exordium Thugs","floor":14,"turns":5},{"damage":6,"enemies":"Red Slaver","floor":15,"turns":3},{"damage":88,"enemies":"WA_ARCHETYPE_RETAIN","floor":16,"turns":9}],"seed_played":"-779907857018540423","potions_obtained":[{"floor":5,"key":"hexamod:SoulburnPotion"},{"floor":9,"key":"SkillPotion"},{"floor":10,"key":"Swift Potion"},{"floor":14,"key":"Fire Potion"},{"floor":15,"key":"Regen Potion"}],"is_trial":false,"path_per_floor":["R","M","M","?","M","R","T","M","M","E","E","?","R","M","M","B"],"character_chosen":"THE_CHAMP","items_purchased":[],"campfire_rested":1,"item_purchase_floors":[],"current_hp_per_floor":[90,84,84,84,76,82,82,73,63,73,8,8,47,39,33,0,0,0],"gold":269,"neow_bonus":"BOSS_RELIC","is_daily":false,"chose_seed":false,"campfire_upgraded":1,"win_rate":0.0,"timestamp":1611819336,"path_taken":["R","M","M","?","M","R","T","M","M","E","E","?","R","M","M","BOSS"],"items_purchased_type":[],"build_version":"2020-12-22","purchased_purges":0,"victory":false,"max_hp_per_floor":[90,90,90,90,90,90,90,90,90,100,100,100,100,100,100,100,100,100],"relic_stats":{"counters":[10,48],"Eternal Feather":15,"War Paint":["champ:Defend","champ:Defend"],"obtain_stats":[{"Calling Bell":0,"Bottled Flame":7,"Anchor":11,"Pear":10,"downfall:HeartBlessingRed":6,"champ:ChampionCrown":0,"Eternal Feather":0,"downfall:HeartBlessingGreen":13,"WingedGreaves":0,"War Paint":0},{"Calling Bell":0,"Bottled Flame":3,"Anchor":7,"Pear":6,"downfall:HeartBlessingRed":3,"champ:ChampionCrown":0,"Eternal Feather":0,"downfall:HeartBlessingGreen":7,"WingedGreaves":0,"War Paint":0},{"Calling Bell":0,"Bottled Flame":9,"Anchor":31,"Pear":24,"downfall:HeartBlessingRed":9,"champ:ChampionCrown":0,"Eternal Feather":0,"downfall:HeartBlessingGreen":31,"WingedGreaves":0,"War Paint":0}]},"card_choices":[{"not_picked":["champ:BerserkersShout","champ:FancyFootwork"],"picked":"champ:Haymaker","floor":2},{"not_picked":["champ:CrownThrow","champ:GutPunch"],"picked":"champ:ShieldSlam","floor":3},{"not_picked":["champ:BerserkersShout","champ:BringItOn"],"picked":"champ:Shatter","floor":5},{"not_picked":["champ:BerserkersShout","champ:BringItOn"],"picked":"champ:SteelEdge","floor":8},{"not_picked":["champ:DefensiveShout","champ:Parry"],"picked":"champ:EnGarde","floor":9},{"not_picked":["champ:Shatter","champ:DefensiveShout"],"picked":"champ:FocusedBerserking","floor":10},{"not_picked":["champ:Duel","champ:SkillfulDodge"],"picked":"champ:HeartStrike","floor":11},{"not_picked":["champ:RapidStrikes","champ:StanceDance","champ:EnGarde"],"picked":"SKIP","floor":14},{"not_picked":["champ:Parry","champ:BladeFlurry"],"picked":"champ:EnragedBash","floor":15}],"player_experience":129103,"relics_obtained":[{"floor":0,"key":"War Paint"},{"floor":0,"key":"Eternal Feather"},{"floor":0,"key":"WingedGreaves"},{"floor":7,"key":"Bottled Flame"},{"floor":10,"key":"Pear"},{"floor":11,"key":"Anchor"}],"event_choices":[],"is_beta":false,"boss_relics":[],"items_purged_floors":[],"is_endless":false,"potions_floor_spawned":[5,9,10,14,15],"killed_by":"WA_ARCHETYPE_RETAIN","ascension_level":0}}