{"host":"3d8t1b2vmfpvguqe","time":1611868204,"event":{"mods":["AchievementEnabler","BaseMod","Block Reminder","Minty Spire (QoL Compilation)","Slay the Relics Exporter","StSLib","UnlockEverythingMod"],"gold_per_floor":[111,136,152,152,108,108,149,163,163,163,182,197,19,38,38,168,168,187,200,215,140,140,174,174,198,198,2,2,2,42,55,55,178,178,193,211,29,92,92,92,92,61,61,75,75,19,35,56,56,56,56],"floor_reached":50,"language":"ENG","playtime":2036,"items_purged":["Strike_G"],"score":507,"play_id":"eca378be-d6e8-4f0f-9592-a708773c237a","local_time":"20210128151004","is_ascension_mode":false,"campfire_choices":[{"data":"Bouncing Flask","floor":6,"key":"SMITH"},{"data":"Bouncing Flask","floor":10,"key":"SMITH"},{"floor":15,"key":"REST"},{"floor":24,"key":"REST"},{"floor":29,"key":"REST"},{"floor":32,"key":"REST"},{"floor":40,"key":"REST"},{"floor":49,"key":"REST"}],"circlet_count":0,"master_deck":["Strike_G+1","Defend_G+1","Defend_G+1","Neutralize","Leg Sweep","Bouncing Flask+1","Bouncing Flask+1","Finisher","Predator","Storm of Steel+1","Accuracy","Deadly Poison","Dash","Accuracy+1","Endless Agony+1","Quick Slash+1","Choke","Deadly Poison+1","Eviscerate+1","Bane+1","Footwork","Infinite Blades+1","Noxious Fumes","Accuracy"],"relics":["Snecko Eye","Golden Idol","Shuriken","White Beast Statue","Astrolabe","CaptainsWheel","The Courier","Ninja Scroll","Tiny Chest","Empty Cage","Medical Kit","Bird Faced Urn","Singing Bowl","Girya"],"acts_visited":["Exordium","TheCity","TheBeyond"],"potions_floor_usage":[7,11,14,16,16,20,23,23,23,31,33,48,50,50],"damage_taken":[{"damage":1,"enemies":"Cultist","floor":1,"turns":6},{"damage":0,"enemies":"2 Louse","floor":3,"turns":3},{"damage":0,"enemies":"Lagavulin","floor":7,"turns":5},{"damage":0,"enemies":"Jaw Worm","floor":8,"turns":2},{"damage":8,"enemies":"Gremlin Gang","floor":11,"turns":4},{"damage":0,"enemies":"Large Slime","floor":12,"turns":2},{"damage":0,"enemies":"Looter","floor":14,"turns":1},{"damage":18,"enemies":"Hexaghost","floor":16,"turns":7},{"damage":0,"enemies":"Spheric Guardian","floor":18,"turns":2},{"damage":9,"enemies":"Shell Parasite","floor":19,"turns":3},{"damage":15,"enemies":"Snake Plant","floor":20,"turns":3},{"damage":25,"enemies":"Gremlin Leader","floor":23,"turns":6},{"damage":28,"enemies":"Shelled Parasite and Fungi","floor":25,"turns":5},{"damage":8,"enemies":"Slavers","floor":30,"turns":2},{"damage":0,"enemies":"Centurion and Healer","floor":31,"turns":3},{"damage":10,"enemies":"Champ","floor":33,"turns":8},{"damage":6,"enemies":"3 Shapes","floor":35,"turns":2},{"damage":13,"enemies":"3 Darklings","floor":36,"turns":4},{"damage":13,"enemies":"Mind Bloom Boss Battle","floor":38,"turns":4},{"damage":0,"enemies":"Transient","floor":44,"turns":5},{"damage":26,"enemies":"Maw","floor":47,"turns":6},{"damage":21,"enemies":"Writhing Mass","floor":48,"turns":4},{"damage":96,"enemies":"Awakened One","floor":50,"turns":5}],"seed_played":"-1664529360394949224","potions_obtained":[{"floor":1,"key":"SkillPotion"},{"floor":3,"key":"CunningPotion"},{"floor":7,"key":"DuplicationPotion"},{"floor":11,"key":"Swift Potion"},{"floor":12,"key":"Fire Potion"},{"floor":14,"key":"Weak Potion"},{"floor":16,"key":"Weak Potion"},{"floor":18,"key":"GamblersBrew"},{"floor":20,"key":"Explosive Potion"},{"floor":23,"key":"Strength Potion"},{"floor":25,"key":"FairyPotion"},{"floor":30,"key":"SkillPotion"},{"floor":31,"key":"LiquidBronze"},{"floor":33,"key":"LiquidMemories"},{"floor":48,"key":"Energy Potion"}],"is_trial":false,"path_per_floor":["M","T","M","?","?","R","E","M","T","R","M","M","$","M","R","B",null,"M","M","M","?","?","E","R","M","T","$","?","R","E","M","R","B",null,"M","M","$","?","?","R","T","$","T","M","?","$","M","M","R","B"],"character_chosen":"THE_SILENT","items_purchased":["Accuracy","Deadly Poison","Ninja Scroll","Footwork","Medical Kit","Noxious Fumes","Accuracy"],"campfire_rested":6,"item_purchase_floors":[13,13,27,37,37,42,46],"current_hp_per_floor":[69,69,69,65,65,65,65,65,65,65,57,57,57,57,65,47,65,65,56,41,41,41,16,35,7,7,7,7,26,18,18,37,27,65,59,46,46,33,33,52,52,52,52,58,58,58,42,25,45,0,0],"gold":56,"neow_bonus":"BOSS_RELIC","is_daily":false,"chose_seed":false,"campfire_upgraded":2,"win_rate":0.0,"timestamp":1611868204,"path_taken":["M","?","M","?","?","R","E","M","T","R","M","M","$","M","R","BOSS","M","M","M","?","?","E","R","M","T","$","?","R","E","?","R","BOSS","M","M","$","?","?","R","?","?","T","?","?","$","M","M","R","BOSS"],"items_purchased_type":["Card","Card","Relic","Card","Relic","Card","Card"],"build_version":"2020-12-22","purchased_purges":1,"victory":false,"max_hp_per_floor":[70,70,70,65,65,65,65,65,65,65,65,65,65,65,65,65,65,65,65,65,65,65,65,65,65,65,65,65,65,65,65,65,65,65,65,65,65,65,65,65,65,65,65,67,64,64,66,68,68,68,68],"card_choices":[{"not_picked":["Dagger Spray","PiercingWail"],"picked":"Leg Sweep","floor":1},{"not_picked":["Dagger Throw","Prepared"],"picked":"Bouncing Flask","floor":3},{"not_picked":["Blur","Quick Slash"],"picked":"Bouncing Flask","floor":7},{"not_picked":["Tactician","PiercingWail"],"picked":"Finisher","floor":8},{"not_picked":["Riddle With Holes","Tactician"],"picked":"Predator","floor":11},{"not_picked":["Choke","Dagger Spray"],"picked":"Storm of Steel","floor":12},{"not_picked":["Deadly Poison","All Out Attack"],"picked":"Dash","floor":14},{"not_picked":["Flying Knee","Concentrate+1"],"picked":"Choke","floor":18},{"not_picked":["PiercingWail+1","Terror+1","All Out Attack"],"picked":"SKIP","floor":19},{"not_picked":["Riddle With Holes","Masterful Stab"],"picked":"Deadly Poison+1","floor":20},{"not_picked":["Heel Hook","Finisher","Escape Plan"],"picked":"SKIP","floor":23},{"not_picked":["Dodge and Roll","Slice+1","Deflect"],"picked":"SKIP","floor":25},{"not_picked":["Sucker Punch","Die Die Die","Dodge and Roll+1"],"picked":"SKIP","floor":30},{"not_picked":["PiercingWail","Deadly Poison+1"],"picked":"Eviscerate+1","floor":31},{"not_picked":["Terror","Eviscerate+1","Blur+1"],"picked":"SKIP","floor":35},{"not_picked":["Dagger Throw+1","Backflip"],"picked":"Bane+1","floor":36},{"not_picked":["Setup","Deadly Poison"],"picked":"Infinite Blades+1","floor":38},{"not_picked":["Dodge and Roll","Dagger Throw+1","Sucker Punch"],"picked":"Singing Bowl","floor":44},{"not_picked":["Deflect+1","Blur","Prepared"],"picked":"Singing Bowl","floor":47},{"not_picked":["Skewer","Backstab","Acrobatics+1"],"picked":"Singing Bowl","floor":48}],"player_experience":7306,"relics_obtained":[{"floor":7,"key":"Shuriken"},{"floor":9,"key":"White Beast Statue"},{"floor":23,"key":"CaptainsWheel"},{"floor":26,"key":"The Courier"},{"floor":30,"key":"Tiny Chest"},{"floor":38,"key":"Bird Faced Urn"},{"floor":41,"key":"Singing Bowl"},{"floor":43,"key":"Girya"}],"event_choices":[{"damage_healed":0,"gold_gain":0,"player_choice":"Lose Max HP","damage_taken":0,"relics_obtained":["Golden Idol"],"max_hp_gain":0,"max_hp_loss":5,"event_name":"Golden Idol","floor":4,"gold_loss":0},{"damage_healed":0,"gold_gain":0,"player_choice":"Left Gold","damage_taken":0,"max_hp_gain":0,"max_hp_loss":0,"event_name":"World of Goop","floor":5,"gold_loss":44},{"cards_removed":["Defend_G"],"damage_healed":0,"gold_gain":0,"player_choice":"Gave Gold","damage_taken":0,"max_hp_gain":0,"max_hp_loss":0,"event_name":"Beggar","floor":21,"gold_loss":75},{"damage_healed":0,"gold_gain":0,"player_choice":"Simplicity","damage_taken":0,"max_hp_gain":0,"max_hp_loss":0,"event_name":"Back to Basics","floor":22,"gold_loss":0,"cards_upgraded":["Strike_G","Defend_G","Defend_G","Defend_G","Defend_G"]},{"damage_healed":0,"gold_gain":0,"player_choice":"Forge","damage_taken":0,"max_hp_gain":0,"max_hp_loss":0,"event_name":"Accursed Blacksmith","floor":28,"gold_loss":0,"cards_upgraded":["Storm of Steel"]},{"damage_healed":0,"gold_gain":0,"player_choice":"Fight","damage_taken":0,"max_hp_gain":0,"max_hp_loss":0,"event_name":"MindBloom","floor":38,"gold_loss":0},{"cards_removed":["Survivor"],"damage_healed":0,"gold_gain":0,"player_choice":"Removed Skill","damage_taken":0,"max_hp_gain":0,"max_hp_loss":0,"event_name":"Falling","floor":39,"gold_loss":0},{"damage_healed":0,"gold_gain":0,"player_choice":"Max HP","damage_taken":0,"max_hp_gain":0,"max_hp_loss":3,"event_name":"Winding Halls","floor":45,"gold_loss":0}],"is_beta":false,"boss_relics":[{"not_picked":["Tiny House","Runic Pyramid"],"picked":"Astrolabe"},{"not_picked":["Cursed Key","Velvet Choker"],"picked":"Empty Cage"}],"items_purged_floors":[13],"is_endless":false,"potions_floor_spawned":[1,3,7,11,12,14,16,18,19,20,23,25,30,31,33,35,36,38,44,47,48],"killed_by":"Awakened One","ascension_level":0}}