{"host":"fflyk188z5ncxlup","time":1611833509,"event":{"mods":["AchievementEnabler","BaseMod","Bestiary","Better Third Choice","Block Reminder","Colored Map","Colored Powertips","DeckTracker","Googly Eyes","Minty Spire (QoL Compilation)","StSLib","SuperFastMode"],"gold_per_floor":[114,134,134,147,160,160,53,53,53,99,99,99],"floor_reached":11,"language":"ENG","playtime":268,"items_purged":[],"score":120,"play_id":"4a4eefa4-b01e-4ffa-9ae1-aeab18a9a630","local_time":"20210128203149","is_ascension_mode":true,"campfire_choices":[{"data":"Spot Weakness","floor":6,"key":"SMITH"},{"data":"Trip","floor":8,"key":"SMITH"}],"circlet_count":0,"master_deck":["AscendersBane","Strike_R","Strike_R","Strike_R","Strike_R","Defend_R","Defend_R","Defend_R","Bash","Spot Weakness+1","Flex","Entrench","Flame Barrier+1","Shrug It Off","Trip+1"],"relics":["Burning Blood","White Beast Statue","Centennial Puzzle"],"acts_visited":["Exordium"],"potions_floor_usage":[],"damage_taken":[{"damage":12,"enemies":"Jaw Worm","floor":1,"turns":3},{"damage":6,"enemies":"2 Louse","floor":2,"turns":3},{"damage":14,"enemies":"Small Slimes","floor":4,"turns":4},{"damage":3,"enemies":"Blue Slaver","floor":5,"turns":6},{"damage":63,"enemies":"Gremlin Nob","floor":11,"turns":5}],"seed_played":"-414240640989750973","potions_obtained":[{"floor":2,"key":"PowerPotion"}],"is_trial":false,"path_per_floor":["M","M","?","M","M","R","$","R","T","T","E"],"character_chosen":"IRONCLAD","items_purchased":["Trip"],"campfire_rested":0,"item_purchase_floors":[7],"current_hp_per_floor":[62,62,62,54,57,57,57,57,57,57,0,0],"gold":99,"neow_bonus":"TRANSFORM_TWO_CARDS","is_daily":false,"chose_seed":false,"campfire_upgraded":2,"win_rate":0.0,"timestamp":1611833509,"path_taken":["M","M","?","M","M","R","$","R","T","T","E"],"items_purchased_type":["Card"],"build_version":"2020-12-22","purchased_purges":0,"victory":false,"max_hp_per_floor":[68,68,68,68,68,68,68,68,68,68,68,68],"card_choices":[{"not_picked":["Iron Wave","Flex"],"picked":"Entrench","floor":1},{"not_picked":["Warcry","Second Wind"],"picked":"Flame Barrier","floor":2},{"not_picked":["Power Through","Infernal Blade"],"picked":"Shrug It Off","floor":4},{"not_picked":["Seeing Red","Havoc","Clothesline"],"picked":"SKIP","floor":5}],"player_experience":398908,"relics_obtained":[{"floor":9,"key":"White Beast Statue"},{"floor":10,"key":"Centennial Puzzle"}],"event_choices":[{"damage_healed":0,"gold_gain":0,"player_choice":"Grow","damage_taken":0,"max_hp_gain":0,"max_hp_loss":0,"event_name":"Living Wall","floor":3,"gold_loss":0,"cards_upgraded":["Flame Barrier"]}],"is_beta":false,"boss_relics":[],"items_purged_floors":[],"is_endless":false,"potions_floor_spawned":[2],"killed_by":"Gremlin Nob","ascension_level":18}}