{"host":"56d873i5r3uhle0q","time":1611816142,"event":{"mods":["100% Spire Juice","Act Like it!","Aspiration","BaseMod","Block Reminder","Conspire","Dota2Spire","Downfall","Gensokyo","Hermit","Hubris","Infinite Spire","Jedi Mod","Lobotomy","LobotomyExtend","Marisa????????","Marked Mod","Minty Spire (QoL Compilation)","Reliquary","Replay The Spire","StSLib","The Animator","The Bug Knight","The Cursed","The Marked","The Servant 0.9.4","everything is the same but u backflip on backflip","??????REMEMod"],"gold_per_floor":[110,110,110,123,50,50,62,75,75,75,75,75,86,86,86,191,191,201,81,94,138,149,149,166,200,200,200,200],"floor_reached":27,"language":"ENG","playtime":1236,"items_purged":[],"score":223,"play_id":"ea14f7ee-0cbc-42c5-9b71-0d8e6467589d","local_time":"20210127234222","is_ascension_mode":false,"campfire_choices":[{"floor":6,"key":"REST"},{"data":"Havoc","floor":11,"key":"SMITH"},{"floor":15,"key":"REST"},{"floor":23,"key":"REST"}],"circlet_count":0,"master_deck":["Strike_R","Strike_R","Strike_R","Strike_R","Strike_R","Defend_R","Defend_R","Defend_R","Defend_R","Bash","Master of Strategy","Havoc+1","Rudolta","Fire Breathing","Wellcheers","jedi:harder","Battle Trance+1","Fire Breathing","Body Slam"],"relics":["Burning Blood","REME_ComplimentaryCards","CogitoBucket","LetterFromLob","hubris:Towel","ShedSkin_r","Pear","Ginger","infinitespire:Broken Mirror","Incense Burner","Mark of Pain","Gensokyo:DemonMask","Replay:WaspNest","aspiration:HatOfInfinitePower","reliquary:PurpleTingedLeaf"],"acts_visited":["Gensokyo:Gensokyo","Gensokyo:Gensokyoer"],"potions_floor_usage":[22,27,27,27],"damage_taken":[{"damage":7.0,"enemies":"Gensokyo:Gryphon","floor":1.0,"turns":3.0},{"damage":5,"enemies":"Gensokyo:2_Kodama","floor":4,"turns":6},{"damage":4,"enemies":"Gensokyo:3_Fairies","floor":7,"turns":5},{"damage":12,"enemies":"Gensokyo:Gryphon_and_Rabbit","floor":8,"turns":9},{"damage":8,"enemies":"Gensokyo:VengefulSpirit","floor":13,"turns":4},{"damage":46,"enemies":"Gensokyo:Yukari","floor":16,"turns":14},{"damage":10,"enemies":"Gensokyo:AngelMirror","floor":18,"turns":4},{"damage":8,"enemies":"Gensokyo:CosmicMonolith","floor":20,"turns":5},{"damage":43,"enemies":"conspire:MimicChest","floor":21,"turns":9},{"damage":32,"enemies":"Gensokyo:Swordslinger","floor":22,"turns":5},{"damage":30,"enemies":"Gensokyo:Slime_Group","floor":24,"turns":7},{"damage":22,"enemies":"Gensokyo:Reisen","floor":25,"turns":6},{"damage":22,"enemies":"Gensokyo:Chomper_and_Gloop","floor":27,"turns":2}],"seed_played":"4995673770915927717","potions_obtained":[{"floor":1.0,"key":"jedi:StrikingPotion"},{"floor":4,"key":"AttackPotion"},{"floor":13,"key":"AttackPotion"},{"floor":22,"key":"Fire Potion"}],"is_trial":false,"path_per_floor":["M","?","?","M","COS","R","M","M","T","T","R","?","M","T","R","B",null,"M","?","M","?","M","R","M","E","T","M"],"character_chosen":"IRONCLAD","items_purchased":[],"campfire_rested":3,"item_purchase_floors":[],"current_hp_per_floor":[79,79,48,49,49,73,75,69,79,79,79,79,77,77,90,61,90,86,86,87,53,30,57,36,20,20,0,0],"gold":200,"neow_bonus":"","is_daily":false,"chose_seed":false,"campfire_upgraded":1,"win_rate":0.0,"timestamp":1611816142,"path_taken":["M","?","?","M","COS","R","M","?","T","?","R","?","M","?","R","BOSS","M","?","M","?","?","R","M","E","T","M"],"items_purchased_type":[],"build_version":"2020-12-22","purchased_purges":0,"victory":false,"max_hp_per_floor":[80,80,80,80,80,80,80,80,90,90,90,90,90,90,90,90,90,90,90,90,90,90,90,90,90,90,90,90],"card_choices":[{"not_picked":["Sword Boomerang","Cleave"],"picked":"Havoc","floor":1.0},{"not_picked":["Power Through","Shrug It Off","Cleave"],"picked":"SKIP","floor":4},{"not_picked":["CherryBlossoms","MeatLantern"],"picked":"Rudolta","floor":7},{"not_picked":["Twin Strike","True Grit"],"picked":"Fire Breathing","floor":7},{"not_picked":["ReplayReversal","Body Slam","Iron Wave"],"picked":"SKIP","floor":8},{"not_picked":["BlackSwan","Mercenary"],"picked":"Wellcheers","floor":13},{"not_picked":["hubris:SharpeningStone","Headbutt","Body Slam"],"picked":"SKIP","floor":13},{"not_picked":["hubris:StunningStrike","Fiend Fire"],"picked":"jedi:harder","floor":16},{"not_picked":["Twin Strike","Disarm+1"],"picked":"Battle Trance+1","floor":18},{"not_picked":["jedi:controlledanger","jedi:fear+1"],"picked":"Fire Breathing","floor":20},{"not_picked":["Sever Soul","Whirlwind"],"picked":"Body Slam","floor":22},{"not_picked":["Heavy Blade","Blood for Blood","ReplayTheSpireMod:Strike From Hell"],"picked":"SKIP","floor":24},{"not_picked":["Sentinel","Clothesline","Flex"],"picked":"SKIP","floor":25}],"player_experience":681328,"relics_obtained":[{"floor":1.0,"key":"LetterFromLob"},{"floor":9,"key":"Pear"},{"floor":10,"key":"Ginger"},{"floor":14,"key":"infinitespire:Broken Mirror"},{"floor":21,"key":"Replay:WaspNest"},{"floor":25,"key":"aspiration:HatOfInfinitePower"},{"floor":26,"key":"reliquary:PurpleTingedLeaf"}],"event_choices":[],"is_beta":false,"boss_relics":[{"not_picked":["reliquary:WritOfMandamus","Calling Bell"],"picked":"Mark of Pain"}],"items_purged_floors":[],"is_endless":false,"potions_floor_spawned":[1,4,13,22,24],"killed_by":"Gensokyo:Chomper_and_Gloop","ascension_level":0}}