{"host":"d7fiu2yjkssjxoz6","time":1611863695,"event":{"mods":["AchievementEnabler","BaseMod","Duelist Mod","Minty Spire (QoL Compilation)","StSLib"],"gold_per_floor":[143,157,157,0,11,44,44,70,70,70,88,363,383,396,396,473,473,490,502,502,502,521,848,848,880,880,895,895,895],"floor_reached":28,"language":"ENG","playtime":1674,"items_purged":[],"score":592,"play_id":"d9d141ac-b0fa-4a44-aec7-5f876d3af623","local_time":"20210128115455","is_ascension_mode":true,"campfire_choices":[{"data":"theDuelist:HeartUnderdog","floor":7.0,"key":"SMITH"},{"floor":10.0,"key":"RECALL"},{"data":"theDuelist:IrisEarthMother","floor":15.0,"key":"SMITH"},{"data":"theDuelist:RainbowRuins","floor":24,"key":"SMITH"}],"circlet_count":0,"master_deck":["AscendersBane","theDuelist:CastleWalls","theDuelist:CastleWalls","theDuelist:DunamesDarkWitch","theDuelist:Eva","theDuelist:Hayate","theDuelist:RainbowFlower","theDuelist:RainbowKuribohBasic","theDuelist:RainbowNeos","theDuelist:Sparks","theDuelist:Sparks","theDuelist:MaskedDragon","theDuelist:HappyLover+1","theDuelist:HeartUnderdog+1","theDuelist:IrisEarthMother+1","theDuelist:LightningVortex","theDuelist:Biofalcon","theDuelist:Hayate","theDuelist:Biofalcon","Regret","theDuelist:SpiralSpearStrike","theDuelist:Zombyra","theDuelist:IrisEarthMother","theDuelist:TwinHeadedFire+1","theDuelist:RainbowRuins+1","theDuelist:IrisEarthMother","theDuelist:WhiteHowling","Metamorphosis+1","theDuelist:Raigeki"],"relics":["theDuelist:MillenniumPuzzle","theDuelist:CardPoolRelic","theDuelist:CardPoolBasicRelic","theDuelist:BoosterPackPoolRelic","theDuelist:CardPoolAddRelic","theDuelist:CardPoolMinusRelic","theDuelist:CardPoolSaveRelic","theDuelist:CardPoolOptionsRelic","theDuelist:DuelistLetterOpener","theDuelist:SolderToken","theDuelist:YugiMirror","Mark of Pain","theDuelist:DuelistOrichalcum","Letter Opener","Old Coin","theDuelist:MonsterEggRelic"],"acts_visited":["Exordium","TheCity"],"potions_floor_usage":[16,22,28,28],"damage_taken":[{"damage":0.0,"enemies":"Cultist","floor":1.0,"turns":2.0},{"damage":0.0,"enemies":"2 Louse","floor":2.0,"turns":3.0},{"damage":1.0,"enemies":"Jaw Worm","floor":5.0,"turns":2.0},{"damage":1.0,"enemies":"Gremlin Nob","floor":6.0,"turns":4.0},{"damage":0.0,"enemies":"3 Sentries","floor":8.0,"turns":4.0},{"damage":0.0,"enemies":"Exordium Wildlife","floor":11.0,"turns":2.0},{"damage":0.0,"enemies":"Red Slaver","floor":13.0,"turns":1.0},{"damage":0.0,"enemies":"2 Fungi Beasts","floor":14.0,"turns":2.0},{"damage":19,"enemies":"Slime Boss","floor":16,"turns":6},{"damage":0,"enemies":"Chosen","floor":18,"turns":4},{"damage":0,"enemies":"Spheric Guardian","floor":19,"turns":3},{"damage":0,"enemies":"Snake Plant","floor":22,"turns":4},{"damage":0,"enemies":"theDuelist:KaibaA2","floor":23,"turns":5},{"damage":34,"enemies":"Slavers","floor":25,"turns":4},{"damage":14,"enemies":"Centurion and Healer","floor":27,"turns":5},{"damage":19,"enemies":"Shelled Parasite and Fungi","floor":28,"turns":2}],"seed_played":"-136775390090134806","potions_obtained":[{"floor":6.0,"key":"Fire Potion"},{"floor":8.0,"key":"FearPotion"},{"floor":19,"key":"theDuelist:StunPotion"},{"floor":23,"key":"theDuelist:SealedPack"},{"floor":27,"key":"theDuelist:DebuffArmorPotion"}],"is_trial":false,"path_per_floor":["M","M","?","$","M","E","R","E","T","R","M","?","M","M","R","B",null,"M","M","?","?","M","E","R","E","T","M","M"],"character_chosen":"THE_DUELIST","items_purchased":["theDuelist:HeartUnderdog"],"campfire_rested":0,"item_purchase_floors":[4],"current_hp_per_floor":[70,70,70,70,69,68,68,68,68,68,68,68,68,68,68,49,70,70,70,62,62,62,62,62,28,28,14,0,0],"gold":895,"neow_bonus":"TEN_PERCENT_HP_BONUS","is_daily":false,"chose_seed":false,"campfire_upgraded":3,"win_rate":0.0,"timestamp":1611863695,"path_taken":["M","?","?","?","M","E","R","E","T","R","?","?","M","?","R","BOSS","M","M","?","?","?","E","R","E","T","M","M"],"items_purchased_type":["Card"],"build_version":"2020-12-22","purchased_purges":0,"victory":false,"max_hp_per_floor":[77,77,77,77,77,77,77,77,77,77,77,77,77,77,77,77,77,77,77,77,77,77,77,77,77,77,77,77,77],"card_choices":[{"not_picked":["theDuelist:KingYami","theDuelist:FiendMegacyber","theDuelist:MysticalElf","theDuelist:NeoMagic"],"picked":"theDuelist:MaskedDragon","floor":1.0},{"not_picked":["theDuelist:DragonZombie","theDuelist:RainbowNeos","theDuelist:DunamesDarkWitch","theDuelist:RainbowDragon"],"picked":"theDuelist:HappyLover","floor":2.0},{"not_picked":["theDuelist:OrbMetronome","theDuelist:Metronome","theDuelist:CallGrave","theDuelist:RainbowJar"],"picked":"theDuelist:IrisEarthMother","floor":5.0},{"not_picked":["theDuelist:FuryFire","theDuelist:GaiaMidNightSun","theDuelist:WormKing","theDuelist:SmashingGround"],"picked":"theDuelist:LightningVortex","floor":6.0},{"not_picked":["theDuelist:PatricianDarkness","theDuelist:DragonPiper","theDuelist:ShallowGrave","theDuelist:Boneheimer"],"picked":"theDuelist:Biofalcon","floor":8.0},{"not_picked":["theDuelist:GoblinZombie","theDuelist:GraydleSlimeJr","theDuelist:BlizzardWarrior","theDuelist:RainbowFlower"],"picked":"theDuelist:Biofalcon","floor":11.0},{"not_picked":["theDuelist:DarkEnergy","theDuelist:TributeDoomed","theDuelist:SuperSolarNutrient","theDuelist:CallMummy"],"picked":"theDuelist:SpiralSpearStrike","floor":13.0},{"not_picked":["theDuelist:SevenColoredFish","theDuelist:VampireFraulein","theDuelist:WhiteMagicalHat","theDuelist:TwinHeadedFire"],"picked":"theDuelist:Zombyra","floor":14.0},{"not_picked":["theDuelist:Eva","theDuelist:RainbowDragon","theDuelist:RainbowMagician","theDuelist:KamionTimelord"],"picked":"theDuelist:IrisEarthMother","floor":16},{"not_picked":["theDuelist:Lajinn","theDuelist:SangaThunder","theDuelist:NeoMagic","theDuelist:Biofalcon"],"picked":"theDuelist:TwinHeadedFire+1","floor":18},{"not_picked":["theDuelist:HeartUnderdog","theDuelist:LightningVortex","theDuelist:SpiralSpearStrike","theDuelist:BigWaveSmallWave"],"picked":"theDuelist:RainbowRuins","floor":19},{"not_picked":["theDuelist:RainbowFlower+1","theDuelist:RainbowNeos","theDuelist:Illusionist","theDuelist:Zombyra"],"picked":"theDuelist:IrisEarthMother","floor":22},{"not_picked":["theDuelist:IronDraw+1","theDuelist:OhFish","theDuelist:RainbowGravity","theDuelist:RainbowLife"],"picked":"theDuelist:WhiteHowling","floor":23},{"not_picked":["Master of Strategy","Mind Blast+1","Sadistic Nature"],"picked":"Metamorphosis+1","floor":25},{"not_picked":["theDuelist:AttackTheMoon","theDuelist:BigFire","theDuelist:WingedKuriboh","theDuelist:WormWarlord"],"picked":"theDuelist:Raigeki","floor":27}],"player_experience":332635,"relics_obtained":[{"floor":6.0,"key":"theDuelist:DuelistLetterOpener"},{"floor":8.0,"key":"theDuelist:SolderToken"},{"floor":9.0,"key":"theDuelist:YugiMirror"},{"floor":23,"key":"Old Coin"},{"floor":25,"key":"theDuelist:MonsterEggRelic"}],"event_choices":[{"damage_healed":0.0,"max_hp_gain":0.0,"max_hp_loss":0.0,"gold_gain":0.0,"event_name":"Upgrade Shrine","player_choice":"Upgraded","floor":3.0,"gold_loss":0.0,"damage_taken":0.0,"cards_upgraded":["theDuelist:HappyLover"]},{"damage_healed":0.0,"max_hp_gain":0.0,"max_hp_loss":0.0,"gold_gain":275.0,"event_name":"Golden Shrine","player_choice":"Desecrate","floor":12.0,"gold_loss":0.0,"damage_taken":0.0,"cards_obtained":["Regret"]},{"damage_healed":0,"gold_gain":0,"player_choice":"Dig - random Duelist relic","duelist":true,"damage_taken":0,"max_hp_gain":0,"max_hp_loss":0,"event_name":"Aknamkanon\u0027s Tomb","floor":20,"gold_loss":0},{"damage_healed":0,"gold_gain":0,"player_choice":"Gave Potion","damage_taken":0,"relics_obtained":["Letter Opener"],"max_hp_gain":0,"max_hp_loss":0,"event_name":"WeMeetAgain","floor":21,"gold_loss":0}],"is_beta":false,"boss_relics":[{"not_picked":["Empty Cage","Coffee Dripper"],"picked":"Mark of Pain"}],"items_purged_floors":[],"is_endless":false,"potions_floor_spawned":[6,8,11,13,14,19,23,27],"killed_by":"Shelled Parasite and Fungi","ascension_level":17}}