{"host":"9j472d1lqxyi8fmj","time":1611856053,"event":{"mods":["AchievementEnabler","Aspiration","BaseMod","Better Note","BetterRewards","Block Reminder","Colored Powertips","Downfall","Hermit","Hubris","Minty Spire (QoL Compilation)","Potion Indicator Mod","Rare Cards Sparkle","Relic Filter","Spicy Shops","StSLib","The Runesmith","Virulent Crown"],"gold_per_floor":[117,117,392,408,420,420,432,432,457,457,473,491,491,502,502,598,598,568,583,858,877,890,890,77,96,144,155,155,172,188,188,188,188,188],"floor_reached":33,"language":"ENG","playtime":1689,"items_purged":["hermit:Strike_Hermit","hermit:Strike_Hermit"],"score":345,"play_id":"0b00eb54-370b-4901-8588-38d93334a32d","local_time":"20210128124733","is_ascension_mode":false,"campfire_choices":[{"floor":6.0,"key":"DIG"},{"floor":13.0,"key":"DIG"},{"floor":15.0,"key":"REST"},{"floor":23.0,"key":"REST"},{"floor":32,"key":"REST"}],"circlet_count":0,"master_deck":["hermit:Strike_Hermit","hermit:Strike_Hermit","hermit:Defend_Hermit","hermit:Defend_Hermit","hermit:Defend_Hermit","hermit:Defend_Hermit","hermit:Snapshot","hermit:Covet","hermit:Manifest","hermit:Coalescence","hermit:DeadMansHand","hermit:Enervate","Regret","hermit:GoldenBullet","hermit:Ricochet","hermit:Gestalt","Pain","hermit:ItchyTrigger","hermit:CursedWeapon","hermit:FatalDesire","hermit:Spite","hermit:Enervate","Regret","hermit:TrackingShot","hermit:Vantage","hermit:Combo","hermit:FinalCanter","hermit:FlashPowder+1","hermit:Ricochet","hermit:Quickdraw","hermit:Quickdraw","downfall:Bewildered"],"relics":["hermit:Momento","Shovel","Nunchaku","hubris:Icosahedron","Centennial Puzzle","WarpedTongs","hubris:TenFootPole","hubris:Backtick","Kunai","Bottled Lightning","Orichalcum","OrangePellets","Pen Nib","sneckomod:BabySnecko"],"acts_visited":["Exordium","TheCity"],"potions_floor_usage":[],"damage_taken":[{"damage":17.0,"enemies":"2 Louse","floor":1.0,"turns":4.0},{"damage":1.0,"enemies":"Cultist","floor":4.0,"turns":4.0},{"damage":0.0,"enemies":"Small Slimes","floor":5.0,"turns":4.0},{"damage":0.0,"enemies":"2 Fungi Beasts","floor":7.0,"turns":3.0},{"damage":8.0,"enemies":"Gremlin Gang","floor":11.0,"turns":2.0},{"damage":1.0,"enemies":"Looter","floor":12.0,"turns":2.0},{"damage":6.0,"enemies":"Large Slime","floor":14.0,"turns":2.0},{"damage":48.0,"enemies":"The Guardian","floor":16.0,"turns":10.0},{"damage":38.0,"enemies":"2 Thieves","floor":18.0,"turns":5.0},{"damage":4.0,"enemies":"Spheric Guardian","floor":19.0,"turns":4.0},{"damage":3.0,"enemies":"Shelled Parasite and Fungi","floor":21.0,"turns":6.0},{"damage":16.0,"enemies":"Cultist and Chosen","floor":22.0,"turns":6.0},{"damage":9.0,"enemies":"3 Cultists","floor":25.0,"turns":4.0},{"damage":2.0,"enemies":"Centurion and Healer","floor":27.0,"turns":4.0},{"damage":17,"enemies":"Snake Plant","floor":29,"turns":4},{"damage":3,"enemies":"Cultist and Chosen","floor":30,"turns":5},{"damage":43,"enemies":"Automaton","floor":33,"turns":6}],"seed_played":"-7797081195639505445","potions_obtained":[{"floor":7.0,"key":"Regen Potion"},{"floor":12.0,"key":"LiquidMemories"},{"floor":14.0,"key":"LiquidMemories"},{"floor":19.0,"key":"Strength Potion"},{"floor":22.0,"key":"ColorlessPotion"},{"floor":30,"key":"bronze:BurnAndBuffPotion"}],"is_trial":false,"path_per_floor":["M","?","?","M","M","R","M","?","T","?","M","M","R","M","R","B",null,"M","M","?","M","M","R","$","M","T","M","?","M","M","?","R","B"],"character_chosen":"HERMIT","items_purchased":["Shovel","hermit:Manifest","hermit:DeadMansHand","Bottled Lightning","Orichalcum","hermit:Combo","hermit:FinalCanter","OrangePellets"],"campfire_rested":3,"item_purchase_floors":[0,0,0,24,24,24,24,24],"current_hp_per_floor":[41,44,44,43,43,43,43,43,43,43,35,34,34,28,51,18,78,40,36,36,33,17,40,40,31,31,29,29,12,9,9,32,0,0],"gold":188,"neow_bonus":"","is_daily":false,"chose_seed":false,"campfire_upgraded":0,"win_rate":0.0,"timestamp":1611856053,"path_taken":["M","?","?","M","M","R","?","?","T","?","M","?","R","M","R","BOSS","M","M","?","M","M","R","$","M","T","M","?","M","?","?","R","BOSS"],"items_purchased_type":["Relic","Card","Card","Relic","Relic","Card","Card","Relic"],"build_version":"2020-12-22","purchased_purges":2,"victory":false,"max_hp_per_floor":[75,78,78,78,78,78,78,78,78,78,78,78,78,78,78,78,78,78,78,78,78,78,78,78,78,78,78,78,78,78,78,78,78,78],"card_choices":[{"not_picked":["hermit:Maintenance","hermit:Feint"],"picked":"hermit:Enervate","floor":1.0},{"not_picked":["hermit:Grudge","hermit:EyeOfTheStorm"],"picked":"hermit:GoldenBullet","floor":4.0},{"not_picked":["hermit:Dive","hermit:Virtue"],"picked":"hermit:Ricochet","floor":5.0},{"not_picked":["hermit:Manifest","hermit:Feint"],"picked":"hermit:Gestalt","floor":7.0},{"not_picked":["hermit:WideOpen","hermit:PistolWhip","hermit:Cheat"],"picked":"SKIP","floor":11.0},{"not_picked":["hermit:Glare","hermit:Virtue"],"picked":"hermit:ItchyTrigger","floor":12.0},{"not_picked":["hermit:Glare","hermit:Brawl"],"picked":"hermit:CursedWeapon","floor":14.0},{"not_picked":["hermit:Adapt","hermit:Reprieve"],"picked":"hermit:FatalDesire","floor":16.0},{"not_picked":["hermit:ItchyTrigger","hermit:Virtue"],"picked":"hermit:Spite","floor":18.0},{"not_picked":["hermit:PistolWhip","hermit:TakeCover"],"picked":"hermit:Enervate","floor":19.0},{"not_picked":["hermit:Brawl","hermit:Ricochet+1"],"picked":"hermit:TrackingShot","floor":21.0},{"not_picked":["hermit:Ricochet","hermit:Coalescence"],"picked":"hermit:Vantage","floor":22.0},{"not_picked":["hermit:SprayPray+1","hermit:Vantage"],"picked":"hermit:FlashPowder+1","floor":25.0},{"not_picked":["hermit:Spite+1","hermit:Roulette"],"picked":"hermit:Ricochet","floor":27.0},{"not_picked":["hermit:Cheat","hermit:Desperado"],"picked":"hermit:Quickdraw","floor":29},{"not_picked":["hermit:BodyArmor","hermit:Brawl+1"],"picked":"hermit:Quickdraw","floor":30}],"player_experience":348155,"relics_obtained":[{"floor":6.0,"key":"Nunchaku"},{"floor":9.0,"key":"Centennial Puzzle"},{"floor":13.0,"key":"hubris:TenFootPole"},{"floor":26.0,"key":"Pen Nib"}],"event_choices":[{"damage_healed":0.0,"max_hp_gain":0.0,"max_hp_loss":0.0,"gold_gain":275.0,"event_name":"Golden Shrine","player_choice":"Desecrate","floor":3.0,"gold_loss":0.0,"damage_taken":0.0,"cards_obtained":["Regret"]},{"damage_healed":0.0,"max_hp_gain":0.0,"max_hp_loss":0.0,"gold_gain":0.0,"event_name":"Accursed Blacksmith","player_choice":"Rummage","floor":10.0,"gold_loss":0.0,"damage_taken":0.0,"relics_obtained":["WarpedTongs"],"cards_obtained":["Pain"]},{"damage_healed":0.0,"max_hp_gain":0.0,"max_hp_loss":0.0,"gold_gain":275.0,"event_name":"Golden Shrine","player_choice":"Desecrate","floor":20.0,"gold_loss":0.0,"damage_taken":0.0,"cards_obtained":["Regret"]},{"cards_removed":["hermit:Defend_Hermit"],"damage_healed":0,"gold_gain":0,"player_choice":"Give","damage_taken":0,"max_hp_gain":0,"max_hp_loss":0,"event_name":"betterNote:BetterNote","floor":28,"gold_loss":0,"cards_obtained":["None"]}],"is_beta":false,"boss_relics":[{"not_picked":["Runic Dome","hermit:DentedPlate"],"picked":"hubris:Backtick"}],"items_purged_floors":[24,24],"is_endless":false,"potions_floor_spawned":[7,12,14,19,22,25,30],"killed_by":"Automaton","ascension_level":0}}