{"host":"hka8b3f4pkvnp4ei","time":1611839862,"event":{"mods":["BaseMod","Minty Spire (QoL Compilation)","Quick Restart","Replay The Spire","StSLib"],"gold_per_floor":[114,114,114,114,114,150,150,184,184,203,203,224,268,287,287,413,413,437,437,455,455,480,480,494,538,538,538,538],"floor_reached":27,"language":"ZHS","playtime":1293,"items_purged":[],"score":477,"play_id":"748af2e3-f945-46e5-b9cc-c130fd3f9f1f","local_time":"20210128211742","is_ascension_mode":true,"campfire_choices":[{"data":"Dualcast","floor":7.0,"key":"SMITH"},{"data":"Recycle","floor":11.0,"key":"SMITH"},{"data":"Coolheaded","floor":15.0,"key":"SMITH"},{"data":"Coolheaded","floor":23.0,"key":"SMITH"}],"circlet_count":0,"master_deck":["AscendersBane","Strike_B+1","Strike_B","Defend_B+1","Defend_B","Defend_B","Defend_B","Zap+1","Dualcast+1","Panic Button+1","Streamline","Recycle+1","Cold Snap","Coolheaded+1","Seek","Coolheaded+1","Consume"],"relics":["Cracked Core","NeowsBlessing","Unceasing Top","Golden Idol","Simple Rune","Replay:Ringing Soul","War Paint","Oddly Smooth Stone","Inserter","Onion Ring","Divine Protection","Replay:Accelerometer"],"acts_visited":["Exordium","TheCity"],"potions_floor_usage":[25,27,27],"damage_taken":[{"damage":0.0,"enemies":"Jaw Worm","floor":1.0,"turns":1.0},{"damage":0.0,"enemies":"Gremlin Nob","floor":6.0,"turns":1.0},{"damage":0.0,"enemies":"3 Sentries","floor":8.0,"turns":1.0},{"damage":1.0,"enemies":"2 Louse","floor":10.0,"turns":2.0},{"damage":1.0,"enemies":"Cultist","floor":12.0,"turns":3.0},{"damage":22.0,"enemies":"Lagavulin","floor":13.0,"turns":6.0},{"damage":0.0,"enemies":"2 Fungi Beasts","floor":14.0,"turns":2.0},{"damage":26.0,"enemies":"Fading Forest","floor":16.0,"turns":11.0},{"damage":10.0,"enemies":"2 Thieves","floor":18.0,"turns":5.0},{"damage":0.0,"enemies":"Chosen","floor":20.0,"turns":6.0},{"damage":19.0,"enemies":"Shelled Parasite and Fungi","floor":22.0,"turns":6.0},{"damage":11.0,"enemies":"Snake Plant","floor":24.0,"turns":6.0},{"damage":6,"enemies":"Gremlin Leader","floor":25,"turns":10},{"damage":33,"enemies":"Slavers","floor":27,"turns":4}],"seed_played":"3865309604167065400","potions_obtained":[{"floor":10.0,"key":"PowerPotion"},{"floor":12.0,"key":"DistilledChaos"},{"floor":14.0,"key":"Death Potion"},{"floor":16.0,"key":"SneckoOil"},{"floor":20.0,"key":"Milkshake"},{"floor":22.0,"key":"Dexterity Potion"},{"floor":24.0,"key":"GamblersBrew"}],"is_trial":false,"path_per_floor":["M","?","T","?","?","E","R","E","T","M","R","M","E","M","R","B",null,"M","?","M","?","M","R","M","E","T","E"],"character_chosen":"DEFECT","items_purchased":[],"campfire_rested":0,"item_purchase_floors":[],"current_hp_per_floor":[68,68,68,50,43,43,43,46,46,45,45,44,25,28,28,27,72,62,62,62,62,46,46,38,32,32,0,0],"gold":538,"neow_bonus":"THREE_ENEMY_KILL","is_daily":false,"chose_seed":false,"campfire_upgraded":4,"win_rate":0.0,"timestamp":1611839862,"path_taken":["M","?","?","?","?","E","R","E","T","M","R","M","E","M","R","BOSS","M","?","?","?","?","R","M","E","T","E"],"items_purchased_type":[],"build_version":"2020-12-22","purchased_purges":0,"victory":false,"max_hp_per_floor":[75,75,75,75,75,75,75,78,78,78,78,78,81,84,84,87,87,87,87,87,87,90,90,93,93,93,93,93],"card_choices":[{"not_picked":["Cold Snap","Leap"],"picked":"Panic Button","floor":1.0},{"not_picked":["Cold Snap","Gash"],"picked":"Streamline","floor":6.0},{"not_picked":["Steam","Multi-Cast"],"picked":"Recycle","floor":8.0},{"not_picked":["Lockon","Darkness","Redo"],"picked":"SKIP","floor":10.0},{"not_picked":["Steam","FIFO Queue","Panic Button"],"picked":"SKIP","floor":12.0},{"not_picked":["Steam","FIFO Queue","Panic Button"],"picked":"SKIP","floor":12.0},{"not_picked":["Steam","FIFO Queue","Panic Button"],"picked":"SKIP","floor":12.0},{"not_picked":["Rebound","Redo"],"picked":"Cold Snap","floor":13.0},{"not_picked":["Barrage","Reprogram"],"picked":"Coolheaded","floor":14.0},{"not_picked":["Machine Learning","Biased Cognition"],"picked":"Seek","floor":16.0},{"not_picked":["Cold Snap","Recycle+1","Conserve Battery"],"picked":"SKIP","floor":18.0},{"not_picked":["Go for the Eyes+1","Streamline","Time Bomb"],"picked":"SKIP","floor":20.0},{"not_picked":["BasicCrystalCard+1","Loop"],"picked":"Coolheaded","floor":22.0},{"not_picked":["ReplaySort","Cold Snap"],"picked":"Consume","floor":24.0},{"not_picked":["All For One","Redo","Rebound"],"picked":"SKIP","floor":25}],"player_experience":1057356,"relics_obtained":[{"floor":3.0,"key":"Unceasing Top"},{"floor":6.0,"key":"Simple Rune"},{"floor":8.0,"key":"Replay:Ringing Soul"},{"floor":9.0,"key":"War Paint"},{"floor":13.0,"key":"Oddly Smooth Stone"},{"floor":19.0,"key":"Onion Ring"},{"floor":25,"key":"Divine Protection"},{"floor":26,"key":"Replay:Accelerometer"}],"event_choices":[{"damage_healed":0.0,"max_hp_gain":0.0,"max_hp_loss":0.0,"gold_gain":0.0,"event_name":"Golden Idol","player_choice":"Take Damage","floor":4.0,"gold_loss":0.0,"damage_taken":18.0,"relics_obtained":["Golden Idol"]},{"cards_removed":["Strike_B"],"damage_healed":0.0,"max_hp_gain":0.0,"max_hp_loss":0.0,"gold_gain":0.0,"event_name":"Golden Wing","player_choice":"Card Removal","floor":5.0,"gold_loss":0.0,"damage_taken":7.0},{"damage_healed":0.0,"max_hp_gain":0.0,"max_hp_loss":0.0,"gold_gain":0.0,"event_name":"Wheel of Change","player_choice":"Relic","floor":19.0,"gold_loss":0.0,"damage_taken":0.0},{"cards_removed":["Strike_B"],"damage_healed":0.0,"max_hp_gain":0.0,"max_hp_loss":0.0,"gold_gain":0.0,"event_name":"Purifier","player_choice":"Purged","floor":21.0,"gold_loss":0.0,"damage_taken":0.0}],"is_beta":false,"boss_relics":[{"not_picked":["ChewingGum","Replay:Wanted Poster"],"picked":"Inserter"}],"items_purged_floors":[],"is_endless":false,"potions_floor_spawned":[10,12,14,16,20,22,24],"killed_by":"Slavers","ascension_level":10}}