{"host":"x3688v8yj57o2b0e","time":1611796885,"event":{"mods":["BaseMod","Minty Spire (QoL Compilation)"],"gold_per_floor":[119,132,146,146,17,47,47,2,75,75,87,104,104,114,114,219,219,235,246,58,68,80,80,99,99,99,99,99],"floor_reached":27,"language":"ENG","playtime":1415,"items_purged":["Decay","Strike_B"],"score":239,"play_id":"3ad5c232-1570-427b-9cdb-dd0678de3a75","local_time":"20210127202125","is_ascension_mode":true,"campfire_choices":[{"data":"Coolheaded","floor":7,"key":"SMITH"},{"data":"Defragment","floor":10,"key":"SMITH"},{"data":"Streamline","floor":13,"key":"SMITH"},{"data":"Seek","floor":15,"key":"SMITH"},{"floor":23,"key":"REST"}],"circlet_count":0,"master_deck":["Strike_B","Strike_B","Strike_B","Defend_B","Defend_B","Defend_B","Defend_B","Zap","Dualcast","Coolheaded+1","Darkness","Compile Driver","Conserve Battery","Defragment+1","Leap","Streamline+1","Redo","Seek+1","Electrodynamics","Coolheaded","Leap+1","FTL","Coolheaded","Buffer","Conserve Battery","Chill"],"relics":["Cracked Core","NeowsBlessing","Strawberry","Pantograph","Runic Pyramid","The Courier"],"acts_visited":["Exordium","TheCity"],"potions_floor_usage":[6,22,27,27],"damage_taken":[{"damage":0,"enemies":"2 Louse","floor":1,"turns":1},{"damage":0,"enemies":"Cultist","floor":2,"turns":1},{"damage":0,"enemies":"Small Slimes","floor":3,"turns":1},{"damage":23,"enemies":"Gremlin Nob","floor":6,"turns":4},{"damage":3,"enemies":"Blue Slaver","floor":11,"turns":4},{"damage":11,"enemies":"3 Louse","floor":12,"turns":5},{"damage":17,"enemies":"Exordium Wildlife","floor":14,"turns":5},{"damage":14,"enemies":"Hexaghost","floor":16,"turns":9},{"damage":11,"enemies":"Spheric Guardian","floor":18,"turns":3},{"damage":23,"enemies":"2 Thieves","floor":19,"turns":4},{"damage":15,"enemies":"Cultist and Chosen","floor":21,"turns":6},{"damage":19,"enemies":"Sentry and Sphere","floor":22,"turns":7},{"damage":21,"enemies":"Snake Plant","floor":24,"turns":5},{"damage":17,"enemies":"Slavers","floor":27,"turns":1}],"seed_played":"-6960949429982326295","potions_obtained":[{"floor":3,"key":"FocusPotion"},{"floor":6,"key":"Dexterity Potion"},{"floor":11,"key":"ColorlessPotion"},{"floor":21,"key":"AttackPotion"},{"floor":24,"key":"Ancient Potion"}],"is_trial":false,"path_per_floor":["M","M","M","?","$","E","R","$","T","R","M","M","R","M","R","B",null,"M","M","$","M","M","R","M","?","T","E"],"character_chosen":"DEFECT","items_purchased":["Conserve Battery","Leap","FTL","Coolheaded"],"campfire_rested":1,"item_purchase_floors":[5,8,20,20],"current_hp_per_floor":[75,75,75,75,75,59,59,59,59,59,56,45,45,28,28,39,82,71,48,48,33,14,38,17,17,17,0,0],"gold":99,"neow_bonus":"THREE_ENEMY_KILL","is_daily":false,"chose_seed":false,"campfire_upgraded":4,"win_rate":0.0,"timestamp":1611796885,"path_taken":["M","M","M","?","$","E","R","?","T","R","M","M","R","M","R","BOSS","M","M","$","?","M","R","M","?","T","E"],"items_purchased_type":["Card","Card","Card","Card"],"build_version":"2020-12-22","purchased_purges":2,"victory":false,"max_hp_per_floor":[75,75,75,75,75,82,82,82,82,82,82,82,82,82,82,82,82,82,82,82,82,82,82,82,82,82,82,82],"card_choices":[{"not_picked":["Redo","FTL"],"picked":"Coolheaded","floor":1},{"not_picked":["Chill","Chaos"],"picked":"Darkness","floor":2},{"not_picked":["Melter","Sunder"],"picked":"Compile Driver","floor":3},{"not_picked":["Static Discharge","Genetic Algorithm"],"picked":"Defragment","floor":6},{"not_picked":["Leap","Rebound"],"picked":"Streamline","floor":11},{"not_picked":["White Noise","Rebound"],"picked":"Redo","floor":12},{"not_picked":["Gash","Rebound"],"picked":"Seek","floor":14},{"not_picked":["Machine Learning","Buffer"],"picked":"Electrodynamics","floor":16},{"not_picked":["Beam Cell+1","Heatsinks"],"picked":"Coolheaded","floor":18},{"not_picked":["Streamline+1","Compile Driver+1"],"picked":"Leap+1","floor":19},{"not_picked":["Streamline","Rebound"],"picked":"Buffer","floor":21},{"not_picked":["Double Energy+1","Sunder+1"],"picked":"Conserve Battery","floor":24}],"player_experience":156502,"relics_obtained":[{"floor":6,"key":"Strawberry"},{"floor":9,"key":"Pantograph"},{"floor":26,"key":"The Courier"}],"event_choices":[{"damage_healed":0,"gold_gain":0,"player_choice":"Cursed","damage_taken":0,"max_hp_gain":0,"max_hp_loss":0,"event_name":"Wheel of Change","floor":4,"gold_loss":0,"cards_obtained":["Decay"]},{"damage_healed":0,"gold_gain":0,"player_choice":"Read","damage_taken":0,"max_hp_gain":0,"max_hp_loss":0,"event_name":"The Library","floor":25,"gold_loss":0,"cards_obtained":["Chill"]}],"is_beta":false,"boss_relics":[{"not_picked":["Philosopher\u0027s Stone","Tiny House"],"picked":"Runic Pyramid"}],"items_purged_floors":[5,20],"is_endless":false,"potions_floor_spawned":[3,6,11,21,24],"killed_by":"Slavers","ascension_level":2}}