{"host":"wik2u884rt5bbues","time":1611876551,"event":{"mods":["AchievementEnabler","BaseMod","Colored Map","Colored Powertips","DeckTracker","Googly Eyes","Minty Spire (QoL Compilation)","Permanent Neow","Quick Restart","Shop Mod","StSLib","SuperFastMode"],"gold_per_floor":[115,134,59,72,22,22,37,37,37,37,56,77,77,121,121,252,252,273,243,243,243],"floor_reached":20,"language":"ENG","playtime":1309,"items_purged":["Strike_R"],"score":176,"play_id":"b5fe172d-c320-4f90-ac49-66c9e12a2981","local_time":"20210128232911","is_ascension_mode":false,"campfire_choices":[{"data":"Heavy Blade","floor":6.0,"key":"SMITH"},{"floor":15.0,"key":"REST"}],"circlet_count":0,"master_deck":["Strike_R","Strike_R","Defend_R","Defend_R+1","Defend_R+1","Defend_R","Bash","Heavy Blade+1","Clumsy","Limit Break"],"relics":["Burning Blood","War Paint","Golden Idol","Paper Frog","Sozu"],"acts_visited":["Exordium","TheCity"],"potions_floor_usage":[],"damage_taken":[{"damage":1.0,"enemies":"Cultist","floor":1.0,"turns":4.0},{"damage":7.0,"enemies":"Small Slimes","floor":2.0,"turns":4.0},{"damage":0.0,"enemies":"Jaw Worm","floor":4.0,"turns":3.0},{"damage":19.0,"enemies":"Large Slime","floor":7.0,"turns":11.0},{"damage":19.0,"enemies":"Lots of Slimes","floor":11.0,"turns":7.0},{"damage":4.0,"enemies":"Looter","floor":12.0,"turns":4.0},{"damage":16.0,"enemies":"Lagavulin","floor":14.0,"turns":12.0},{"damage":39.0,"enemies":"The Guardian","floor":16.0,"turns":15.0},{"damage":46,"enemies":"Spheric Guardian","floor":18,"turns":8},{"damage":17,"enemies":"2 Thieves","floor":19,"turns":5},{"damage":25,"enemies":"Shelled Parasite and Fungi","floor":20,"turns":7}],"seed_played":"8044945953610592276","potions_obtained":[{"floor":4.0,"key":"Dexterity Potion"},{"floor":12.0,"key":"Weak Potion"},{"floor":14.0,"key":"SteroidPotion"}],"is_trial":false,"path_per_floor":["M","M","$","M","?","R","M","?","T","?","M","M","?","E","R","B",null,"M","M","M"],"character_chosen":"IRONCLAD","items_purchased":[],"campfire_rested":1,"item_purchase_floors":[],"current_hp_per_floor":[80,79,79,80,80,80,67,64,64,44,31,33,33,23,47,14,80,40,29,4,4],"gold":243,"neow_bonus":"REMOVE_CARD","is_daily":false,"chose_seed":false,"campfire_upgraded":1,"win_rate":0.0,"timestamp":1611876551,"path_taken":["M","M","$","M","?","R","M","?","T","?","M","M","?","E","R","BOSS","M","M","?"],"items_purchased_type":[],"build_version":"2020-12-22","purchased_purges":1,"victory":false,"max_hp_per_floor":[80,80,80,80,80,80,80,80,80,80,80,80,80,80,80,80,80,80,80,80,80],"card_choices":[{"not_picked":["Body Slam","Whirlwind"],"picked":"Heavy Blade","floor":1.0},{"not_picked":["Sentinel","Iron Wave","Wild Strike"],"picked":"SKIP","floor":2.0},{"not_picked":["Sentinel","Inflame","Second Wind"],"picked":"SKIP","floor":4.0},{"not_picked":["Twin Strike","Intimidate","Sever Soul"],"picked":"SKIP","floor":7.0},{"not_picked":["Sentinel","Cleave","Feel No Pain"],"picked":"SKIP","floor":11.0},{"not_picked":["Thunderclap","Heavy Blade","Sword Boomerang"],"picked":"SKIP","floor":12.0},{"not_picked":["Dropkick","Juggernaut","Anger"],"picked":"SKIP","floor":14.0},{"not_picked":["Offering","Juggernaut"],"picked":"Limit Break","floor":16.0},{"not_picked":["Heavy Blade+1","Havoc+1","Anger"],"picked":"SKIP","floor":18},{"not_picked":["Warcry","Shrug It Off","True Grit"],"picked":"SKIP","floor":19}],"player_experience":780908,"relics_obtained":[{"floor":14.0,"key":"Paper Frog"}],"event_choices":[{"cards_removed":["Strike_R"],"damage_healed":0.0,"max_hp_gain":0.0,"max_hp_loss":0.0,"gold_gain":0.0,"event_name":"The Cleric","player_choice":"Card Removal","floor":5.0,"gold_loss":50.0,"damage_taken":0.0},{"damage_healed":0.0,"max_hp_gain":0.0,"max_hp_loss":0.0,"gold_gain":0.0,"event_name":"Scrap Ooze","player_choice":"Success","floor":8.0,"gold_loss":0.0,"damage_taken":3.0,"relics_obtained":["War Paint"]},{"damage_healed":0.0,"max_hp_gain":0.0,"max_hp_loss":0.0,"gold_gain":0.0,"event_name":"Golden Idol","player_choice":"Take Damage","floor":10.0,"gold_loss":0.0,"damage_taken":20.0,"relics_obtained":["Golden Idol"]},{"damage_healed":0.0,"max_hp_gain":0.0,"max_hp_loss":0.0,"gold_gain":0.0,"event_name":"Match and Keep!","player_choice":"1 cards matched","floor":13.0,"gold_loss":0.0,"damage_taken":0.0,"cards_obtained":["Clumsy"]}],"is_beta":false,"boss_relics":[{"not_picked":["Tiny House","Runic Pyramid"],"picked":"Sozu"}],"items_purged_floors":[3],"is_endless":false,"potions_floor_spawned":[4,12,14,18],"killed_by":"Shelled Parasite and Fungi","ascension_level":0}}