{"host":"ptk1shuto3uimndw","time":1611832248,"event":{"mods":["AchievementEnabler","BaseMod","Bestiary","Colored Map","Colored Powertips","Curses Come First","Minty Spire (QoL Compilation)","Quick Restart","Rare Cards Sparkle","Relic Stats","StSLib","Uncapped"],"gold_per_floor":[111,111,111,111,126,126,154,154,154,154,2,2,2,66,66,168,168,180,180,230,11,11,38,38,79,79,79,79,79,137,181,181,255,255,265,265,314,163,210,273,316,316,369,369,22,68,68,0,0,0],"floor_reached":51,"language":"ENG","playtime":2294,"items_purged":["Strike_P+1"],"score":1192,"play_id":"5100341b-9f35-4911-9eba-36cce64a1b81","local_time":"20210128121048","is_ascension_mode":true,"campfire_choices":[{"data":"Eruption","floor":6,"key":"SMITH"},{"data":"Wish","floor":8,"key":"SMITH"},{"data":"Meditate","floor":10,"key":"SMITH"},{"data":"FearNoEvil","floor":12,"key":"SMITH"},{"floor":15,"key":"REST"},{"floor":24,"key":"REST"},{"data":"LikeWater","floor":27,"key":"SMITH"},{"floor":32,"key":"REST"},{"data":"CarveReality","floor":44,"key":"SMITH"},{"data":"Vigilance","floor":49,"key":"SMITH"}],"circlet_count":0,"master_deck":["AscendersBane","Strike_P+1","Strike_P+1","Defend_P+1","Defend_P+1","Defend_P+1","Defend_P+1","Eruption+1","Vigilance+1","CutThroughFate+1","Meditate+1","Wish+1","FearNoEvil+1","LikeWater+1","Scrawl+1","CarveReality+1","CutThroughFate+1","LikeWater+1","ThirdEye+1","LessonLearned+1","ThirdEye+1","SandsOfTime+1","MasterReality+1","Wireheading+1"],"relics":["PureWater","NeowsBlessing","Akabeko","Yang","Mercury Hourglass","Calipers","Snecko Eye","War Paint","MutagenicStrength","Toy Ornithopter","Frozen Egg 2","Mummified Hand","Oddly Smooth Stone","Philosopher\u0027s Stone","Turnip","Lantern","Vajra","Strawberry"],"acts_visited":["Exordium","TheCity","TheBeyond"],"potions_floor_usage":[50,50],"damage_taken":[{"damage":0,"enemies":"Jaw Worm","floor":1,"turns":1},{"damage":0,"enemies":"2 Louse","floor":5,"turns":1},{"damage":0,"enemies":"Lagavulin","floor":7,"turns":1},{"damage":20,"enemies":"Gremlin Nob","floor":14,"turns":3},{"damage":10,"enemies":"Hexaghost","floor":16,"turns":9},{"damage":9,"enemies":"2 Thieves","floor":18,"turns":2},{"damage":0,"enemies":"Chosen","floor":20,"turns":3},{"damage":48,"enemies":"Slavers","floor":23,"turns":8},{"damage":0,"enemies":"Snecko","floor":25,"turns":4},{"damage":8,"enemies":"Book of Stabbing","floor":30,"turns":5},{"damage":6,"enemies":"Snake Plant","floor":31,"turns":4},{"damage":14,"enemies":"Automaton","floor":33,"turns":7},{"damage":0,"enemies":"Orb Walker","floor":35,"turns":2},{"damage":0,"enemies":"3 Shapes","floor":37,"turns":2},{"damage":28,"enemies":"Writhing Mass","floor":39,"turns":7},{"damage":32,"enemies":"Nemesis","floor":40,"turns":11},{"damage":0,"enemies":"3 Darklings","floor":41,"turns":3},{"damage":7,"enemies":"Spire Growth","floor":46,"turns":3},{"damage":8,"enemies":"Awakened One","floor":50,"turns":12}],"seed_played":"-2900363164366746775","potions_obtained":[{"floor":7,"key":"Ambrosia"},{"floor":23,"key":"SkillPotion"},{"floor":30,"key":"FairyPotion"},{"floor":41,"key":"LiquidBronze"}],"is_trial":false,"path_per_floor":["M","?","?","?","M","R","E","R","T","R","$","R","$","E","R","B",null,"M","?","M","$","?","E","R","M","T","R","?","?","E","M","R","B",null,"M","?","M","$","M","E","M","?","T","R","$","M","?","$","R","B",null],"character_chosen":"WATCHER","items_purchased":["FearNoEvil","LikeWater","LikeWater","War Paint","SandsOfTime","SkillPotion","Vajra","Strawberry","Wireheading+1"],"campfire_rested":3,"item_purchase_floors":[11,11,21,21,38,45,45,45,48],"current_hp_per_floor":[65,47,33,33,33,33,33,33,33,33,33,33,33,13,34,24,60,51,51,51,51,51,3,24,24,24,24,24,24,16,10,31,17,58,58,58,58,58,30,21,21,63,63,63,70,63,63,63,63,65],"gold":0,"neow_bonus":"THREE_ENEMY_KILL","is_daily":false,"chose_seed":false,"campfire_upgraded":7,"win_rate":0.0,"timestamp":1611832248,"path_taken":["M","?","?","?","?","R","E","R","T","R","$","R","$","E","R","BOSS","M","?","M","$","?","E","R","?","T","R","?","?","E","M","R","BOSS","M","?","M","$","M","E","M","?","T","R","?","?","?","$","R","BOSS"],"items_purchased_type":["Card","Card","Card","Relic","Card","Potion","Relic","Relic","Card"],"build_version":"2020-12-22","purchased_purges":1,"victory":true,"max_hp_per_floor":[72,72,72,72,72,72,72,72,72,72,72,72,72,72,72,72,72,72,72,72,72,72,72,72,72,72,72,72,72,72,72,72,72,72,72,72,72,72,72,72,72,63,63,63,70,70,70,70,70,70],"relic_stats":{"counters":[19,88],"Mummified Hand":[43],"Snecko Eye":[141,141,120,141],"Yang":[199],"Turnip":[0],"War Paint":["Scrawl","Defend_P"],"obtain_stats":[{"Lantern":43,"Calipers":14,"NeowsBlessing":0,"Oddly Smooth Stone":30,"Vajra":45,"Yang":7,"War Paint":21,"Frozen Egg 2":26,"Akabeko":2,"Mercury Hourglass":9,"Mummified Hand":29,"MutagenicStrength":22,"Strawberry":45,"Snecko Eye":17,"Philosopher\u0027s Stone":34,"Turnip":40,"PureWater":0,"Toy Ornithopter":23},{"Lantern":17,"Calipers":4,"NeowsBlessing":0,"Oddly Smooth Stone":10,"Vajra":17,"Yang":3,"War Paint":7,"Frozen Egg 2":9,"Akabeko":1,"Mercury Hourglass":3,"Mummified Hand":9,"MutagenicStrength":7,"Strawberry":17,"Snecko Eye":5,"Philosopher\u0027s Stone":12,"Turnip":16,"PureWater":0,"Toy Ornithopter":8},{"Lantern":73,"Calipers":6,"NeowsBlessing":0,"Oddly Smooth Stone":37,"Vajra":73,"Yang":3,"War Paint":20,"Frozen Egg 2":32,"Akabeko":1,"Mercury Hourglass":3,"Mummified Hand":32,"MutagenicStrength":20,"Strawberry":73,"Snecko Eye":15,"Philosopher\u0027s Stone":48,"Turnip":70,"PureWater":0,"Toy Ornithopter":28}],"Toy Ornithopter":10,"Mercury Hourglass":[297]},"card_choices":[{"not_picked":["Halt","EmptyBody"],"picked":"CutThroughFate","floor":1},{"not_picked":["BowlingBash","EmptyBody"],"picked":"Meditate","floor":5},{"not_picked":["ConjureBlade","Crescendo"],"picked":"Wish","floor":7},{"not_picked":["Indignation","Weave","Pray"],"picked":"SKIP","floor":14},{"not_picked":["DeusExMachina","DevaForm"],"picked":"Scrawl","floor":16},{"not_picked":["Vengeance+1","InnerPeace"],"picked":"CarveReality","floor":18},{"not_picked":["Consecrate","Wireheading"],"picked":"CutThroughFate+1","floor":20},{"not_picked":["SignatureMove","FearNoEvil+1","DeceiveReality"],"picked":"SKIP","floor":23},{"not_picked":["JustLucky","SashWhip"],"picked":"ThirdEye","floor":25},{"not_picked":["CrushJoints+1","DeceiveReality","Prostrate"],"picked":"SKIP","floor":30},{"not_picked":["SashWhip","Collect","Consecrate"],"picked":"SKIP","floor":31},{"not_picked":["Establishment+1","Judgement"],"picked":"LessonLearned","floor":33},{"not_picked":["EmptyFist","ClearTheMind","CutThroughFate"],"picked":"SKIP","floor":35},{"not_picked":["FlyingSleeves","ClearTheMind"],"picked":"ThirdEye+1","floor":37},{"not_picked":["CutThroughFate","Meditate","Crescendo"],"picked":"SKIP","floor":39},{"not_picked":["FlyingSleeves","Collect","Halt"],"picked":"SKIP","floor":40},{"not_picked":["JustLucky","PathToVictory","Conclude"],"picked":"SKIP","floor":41},{"not_picked":["ThirdEye","Swivel"],"picked":"MasterReality+1","floor":46}],"player_experience":315434,"relics_obtained":[{"floor":7,"key":"Yang"},{"floor":9,"key":"Mercury Hourglass"},{"floor":14,"key":"Calipers"},{"floor":23,"key":"Toy Ornithopter"},{"floor":26,"key":"Frozen Egg 2"},{"floor":30,"key":"Oddly Smooth Stone"},{"floor":40,"key":"Turnip"},{"floor":43,"key":"Lantern"}],"event_choices":[{"damage_healed":0,"gold_gain":0,"player_choice":"Success","damage_taken":18,"relics_obtained":["Akabeko"],"max_hp_gain":0,"max_hp_loss":0,"event_name":"Scrap Ooze","floor":2,"gold_loss":0},{"damage_healed":0,"gold_gain":0,"player_choice":"Entered Light","damage_taken":14,"max_hp_gain":0,"max_hp_loss":0,"event_name":"Shining Light","floor":3,"gold_loss":0,"cards_upgraded":["Defend_P","Strike_P"]},{"cards_removed":["Strike_P"],"damage_healed":0,"gold_gain":0,"player_choice":"Forget","damage_taken":0,"max_hp_gain":0,"max_hp_loss":0,"event_name":"Living Wall","floor":4,"gold_loss":0},{"damage_healed":0,"gold_gain":0,"player_choice":"Ignored","damage_taken":0,"max_hp_gain":0,"max_hp_loss":0,"event_name":"Ghosts","floor":19,"gold_loss":0},{"damage_healed":0,"gold_gain":0,"player_choice":"Inject Mutagens","damage_taken":0,"relics_obtained":["MutagenicStrength"],"max_hp_gain":0,"max_hp_loss":0,"event_name":"Drug Dealer","floor":22,"gold_loss":0},{"damage_healed":0,"gold_gain":0,"player_choice":"Simplicity","damage_taken":0,"max_hp_gain":0,"max_hp_loss":0,"event_name":"Back to Basics","floor":28,"gold_loss":0,"cards_upgraded":["Strike_P","Strike_P","Defend_P","Defend_P"]},{"damage_healed":0,"gold_gain":0,"player_choice":"Opened","damage_taken":0,"relics_obtained":["Mummified Hand"],"max_hp_gain":0,"max_hp_loss":0,"event_name":"The Mausoleum","floor":29,"gold_loss":0},{"damage_healed":0,"gold_gain":0,"player_choice":"Ignored","damage_taken":0,"max_hp_gain":0,"max_hp_loss":0,"event_name":"Tomb of Lord Red Mask","floor":36,"gold_loss":0},{"damage_healed":63,"gold_gain":0,"player_choice":"Heal","damage_taken":0,"max_hp_gain":0,"max_hp_loss":9,"event_name":"The Moai Head","floor":42,"gold_loss":0},{"damage_healed":0,"gold_gain":0,"player_choice":"Memory 1","damage_taken":0,"max_hp_gain":0,"max_hp_loss":0,"event_name":"SensoryStone","floor":47,"gold_loss":0}],"is_beta":false,"boss_relics":[{"not_picked":["Ectoplasm","Runic Dome"],"picked":"Snecko Eye"},{"not_picked":["Empty Cage","Velvet Choker"],"picked":"Philosopher\u0027s Stone"}],"items_purged_floors":[38],"is_endless":false,"potions_floor_spawned":[7,23,30,31,35,41],"ascension_level":13}}