{"host":"vx9g5eyuglzorf3u","time":1611857775,"event":{"mods":["2.2 Compatiblity","BaseMod","DeckTracker","Keyboard Shortcuts","Minty Spire (QoL Compilation)","Relic Stats","StSLib","SuperFastMode","everything is the same but u backflip on backflip"],"gold_per_floor":[109,34,34,48,59,59,87,87,137,166,166,179,10,25,25,25,25],"floor_reached":16,"language":"KOR","playtime":273,"items_purged":[],"score":200,"play_id":"8b312089-4e53-4812-8271-510dc0504935","local_time":"20210129031615","is_ascension_mode":true,"campfire_choices":[{"data":"Body Slam","floor":6.0,"key":"SMITH"},{"data":"Entrench","floor":11.0,"key":"SMITH"},{"data":"Shrug It Off","floor":15.0,"key":"SMITH"}],"circlet_count":0,"master_deck":["AscendersBane","Strike_R","Strike_R","Strike_R","Defend_R","Defend_R","Defend_R","Defend_R","Bash","Body Slam+1","Power Through","Shrug It Off+1","Entrench+1"],"relics":["Burning Blood","NeowsBlessing","Regal Pillow","Pen Nib","Odd Mushroom","Membership Card"],"acts_visited":["Exordium"],"potions_floor_usage":[16,16],"damage_taken":[{"damage":0.0,"enemies":"Cultist","floor":1.0,"turns":1.0},{"damage":0.0,"enemies":"2 Louse","floor":4.0,"turns":1.0},{"damage":0.0,"enemies":"Small Slimes","floor":5.0,"turns":1.0},{"damage":8.0,"enemies":"Gremlin Nob","floor":7.0,"turns":3.0},{"damage":6.0,"enemies":"The Mushroom Lair","floor":10.0,"turns":5.0},{"damage":0.0,"enemies":"2 Fungi Beasts","floor":12.0,"turns":4.0},{"damage":18.0,"enemies":"Exordium Wildlife","floor":14.0,"turns":7.0},{"damage":86,"enemies":"Slime Boss","floor":16,"turns":12}],"seed_played":"625586442522052092","potions_obtained":[{"floor":5.0,"key":"Fire Potion"},{"floor":10.0,"key":"EntropicBrew"},{"floor":14.0,"key":"ElixirPotion"}],"is_trial":false,"path_per_floor":["M","?","?","M","M","R","E","?","T","?","R","M","$","M","R","B"],"character_chosen":"IRONCLAD","items_purchased":["Membership Card"],"campfire_rested":0,"item_purchase_floors":[13],"current_hp_per_floor":[74,74,74,75,75,75,73,73,73,73,73,75,75,63,63,0,0],"gold":25,"neow_bonus":"THREE_ENEMY_KILL","is_daily":false,"chose_seed":false,"campfire_upgraded":3,"win_rate":0.0,"timestamp":1611857775,"path_taken":["M","?","?","M","?","R","E","?","T","?","R","M","$","?","R","BOSS"],"items_purchased_type":["Relic"],"build_version":"2020-12-22","purchased_purges":0,"victory":false,"max_hp_per_floor":[75,75,75,75,75,75,75,75,75,75,75,75,75,75,75,75,75],"relic_stats":{"Regal Pillow":0,"counters":[8,34],"Pen Nib":[3],"obtain_stats":[{"Regal Pillow":7,"NeowsBlessing":0,"Pen Nib":9,"Membership Card":13,"Odd Mushroom":10,"Burning Blood":0},{"Regal Pillow":4,"NeowsBlessing":0,"Pen Nib":4,"Membership Card":6,"Odd Mushroom":5,"Burning Blood":0},{"Regal Pillow":6,"NeowsBlessing":0,"Pen Nib":6,"Membership Card":15,"Odd Mushroom":11,"Burning Blood":0}],"Burning Blood":27},"card_choices":[{"not_picked":["Anger","Rage"],"picked":"Body Slam","floor":1.0},{"not_picked":["Heavy Blade","Thunderclap"],"picked":"Power Through","floor":4.0},{"not_picked":["Body Slam","Uppercut","Pummel"],"picked":"SKIP","floor":5.0},{"not_picked":["Thunderclap","Heavy Blade"],"picked":"Shrug It Off","floor":7.0},{"not_picked":["Pummel","Sword Boomerang"],"picked":"Entrench","floor":10.0},{"not_picked":["Feel No Pain","Hemokinesis","Clash"],"picked":"SKIP","floor":12.0},{"not_picked":["Cleave","Metallicize","Power Through"],"picked":"SKIP","floor":14.0}],"player_experience":1499402,"relics_obtained":[{"floor":7.0,"key":"Regal Pillow"},{"floor":9.0,"key":"Pen Nib"},{"floor":10.0,"key":"Odd Mushroom"}],"event_choices":[{"cards_removed":["Strike_R"],"damage_healed":0.0,"max_hp_gain":0.0,"max_hp_loss":0.0,"gold_gain":0.0,"event_name":"The Cleric","player_choice":"Card Removal","floor":2.0,"gold_loss":75.0,"damage_taken":0.0},{"cards_removed":["Strike_R"],"damage_healed":0.0,"max_hp_gain":0.0,"max_hp_loss":0.0,"gold_gain":0.0,"event_name":"Purifier","player_choice":"Purged","floor":3.0,"gold_loss":0.0,"damage_taken":0.0},{"damage_healed":0.0,"max_hp_gain":0.0,"max_hp_loss":0.0,"gold_gain":0.0,"event_name":"Liars Game","player_choice":"Ignored","floor":8.0,"gold_loss":0.0,"damage_taken":0.0},{"damage_healed":0.0,"max_hp_gain":0.0,"max_hp_loss":0.0,"gold_gain":0.0,"event_name":"Mushrooms","player_choice":"Fought Mushrooms","floor":10.0,"gold_loss":0.0,"damage_taken":0.0}],"is_beta":false,"boss_relics":[],"items_purged_floors":[],"is_endless":false,"potions_floor_spawned":[5,10,14],"killed_by":"Slime Boss","ascension_level":20}}