{"host":"eaiphzh066bwqdh7","time":1611876285,"event":{"mods":["BaseMod","Better Note","Halation","Hubris","Minty Spire (QoL Compilation)","Reliquary","Replay The Spire","StSLib"],"gold_per_floor":[115,115,115,115,127,127,137,165,165,165,181,193,118,129,129,224,224,242,96,96,111,61,93,104,121,121,121,121,121,140,156,156,253,253,270,281,301,327,337,337,350,350,350],"floor_reached":42,"language":"ENG","playtime":1441,"items_purged":["Pain"],"score":466,"play_id":"295e645a-b26b-44e6-9c36-041e0489c3b6","local_time":"20210128182445","is_ascension_mode":true,"campfire_choices":[{"data":"hubris:DuctTapeCard","floor":6,"key":"SMITH"},{"floor":15,"key":"REST"},{"floor":28,"key":"REST"},{"floor":32,"key":"REST"},{"floor":40,"key":"REST"}],"circlet_count":0,"master_deck":["Strike_B","Strike_B","Strike_B","Strike_B","Defend_B","Defend_B","Defend_B","Defend_B","Rebound","Languid","hubris:DuctTapeCard+2","Streamline","Gash","Streamline","hubris:PowerSurge","Static Discharge","Electrodynamics","Gash"],"relics":["Cracked Core","NeowsBlessing","Ring of Peace","ReplayTheSpireMod:Ring of Exchange","Gremlin Horn","hubris:DuctTape","Replay:Baseball","reliquary:ShortFuse","WarpedTongs","hubris:VirtuousBlindfold","hubris:BallOfYels","Strawberry","reliquary:Firecrackers","halation:PinkSoulGem","Emotion Chip","Ring of Chaos","Shovel"],"acts_visited":["Exordium","TheCity","TheBeyond"],"potions_floor_usage":[23,23,33,33,41],"damage_taken":[{"damage":0,"enemies":"2 Louse","floor":1,"turns":1},{"damage":0,"enemies":"Small Slimes","floor":5,"turns":1},{"damage":0,"enemies":"Jaw Worm","floor":7,"turns":1},{"damage":18,"enemies":"Lagavulin","floor":8,"turns":6},{"damage":5,"enemies":"Exordium Thugs","floor":11,"turns":3},{"damage":1,"enemies":"2 Fungi Beasts","floor":12,"turns":3},{"damage":0,"enemies":"Lots of Slimes","floor":14,"turns":2},{"damage":28,"enemies":"Slime Boss","floor":16,"turns":9},{"damage":4,"enemies":"Chosen","floor":18,"turns":3},{"damage":0,"enemies":"3 Byrds","floor":21,"turns":3},{"damage":19,"enemies":"Book of Stabbing","floor":23,"turns":4},{"damage":0,"enemies":"3 Cultists","floor":24,"turns":1},{"damage":13,"enemies":"Snake Plant","floor":25,"turns":2},{"damage":0,"enemies":"Centurion and Healer","floor":30,"turns":2},{"damage":8,"enemies":"Snecko","floor":31,"turns":3},{"damage":59,"enemies":"hubris:MusketHawk","floor":33,"turns":8},{"damage":13,"enemies":"3 Darklings","floor":35,"turns":3},{"damage":13,"enemies":"3 Shapes","floor":36,"turns":4},{"damage":11,"enemies":"Sphere and 2 Shapes","floor":37,"turns":3},{"damage":1,"enemies":"3 Darklings","floor":39,"turns":3},{"damage":59,"enemies":"Transient","floor":41,"turns":5},{"damage":35,"enemies":"Maw","floor":42,"turns":6}],"seed_played":"6868630540170209410","potions_obtained":[{"floor":5,"key":"Venom Potion"},{"floor":12,"key":"FocusPotion"},{"floor":16,"key":"AttackPotion"},{"floor":21,"key":"PowerPotion"},{"floor":30,"key":"LiquidMemories"},{"floor":31,"key":"Swift Potion"},{"floor":36,"key":"Dexterity Potion"}],"is_trial":false,"path_per_floor":["M","?","?","T","M","R","M","E","T","?","M","M","$","M","R","B",null,"M","$","$","M","?","E","M","M","T","?","R","?","M","M","R","B",null,"M","M","M","?","M","R","M","M"],"character_chosen":"DEFECT","items_purchased":["hubris:BallOfYels"],"campfire_rested":4,"item_purchase_floors":[19],"current_hp_per_floor":[75,75,72,72,72,72,72,54,54,54,49,48,48,48,70,42,75,71,71,71,71,71,59,59,46,46,46,70,70,70,62,82,23,82,69,56,45,45,44,68,9,0,0],"gold":350,"neow_bonus":"THREE_ENEMY_KILL","is_daily":false,"chose_seed":false,"campfire_upgraded":1,"win_rate":0.0,"timestamp":1611876285,"path_taken":["M","?","?","?","?","R","M","E","T","?","?","M","$","M","R","BOSS","M","?","$","M","?","E","?","?","T","?","R","?","?","M","R","BOSS","M","M","M","?","M","R","M","M"],"items_purchased_type":["Relic"],"build_version":"2020-12-22","purchased_purges":1,"victory":false,"max_hp_per_floor":[75,75,75,75,75,75,75,75,75,75,75,75,75,75,75,75,75,75,75,75,75,75,82,82,82,82,82,82,82,82,82,82,82,82,82,82,82,82,82,82,82,82,82],"card_choices":[{"not_picked":["Leap","ReplayTheSpireMod:Calculation Training"],"picked":"Rebound","floor":1},{"not_picked":["Hologram","Force Field"],"picked":"Streamline","floor":5},{"not_picked":["Meteor Strike","Beam Cell","Compile Driver"],"picked":"SKIP","floor":7},{"not_picked":["Scrape","Rebound"],"picked":"Gash","floor":8},{"not_picked":["Glacier","Rip and Tear"],"picked":"Streamline","floor":11},{"not_picked":["Streamline","Doom and Gloom"],"picked":"hubris:PowerSurge","floor":12},{"not_picked":["Double Energy","Melter"],"picked":"Static Discharge","floor":14},{"not_picked":["Seek","Creative AI"],"picked":"Electrodynamics","floor":16},{"not_picked":["Go for the Eyes","hubris:Ukulele","Hologram"],"picked":"SKIP","floor":18},{"not_picked":["Doom and Gloom","Rebound"],"picked":"Gash","floor":21},{"not_picked":["Conserve Battery+1","Cold Snap+1","Panic Button"],"picked":"SKIP","floor":23},{"not_picked":["Conserve Battery","Turbo","Compile Driver"],"picked":"SKIP","floor":24},{"not_picked":["Stack","Barrage+1","Cold Snap"],"picked":"SKIP","floor":25},{"not_picked":["Ball Lightning+1","Go for the Eyes","Gash"],"picked":"SKIP","floor":30},{"not_picked":["Ball Lightning","Reboot","Doom and Gloom+1"],"picked":"SKIP","floor":31},{"not_picked":["Compile Driver","Beam Cell+1","Sweeping Beam"],"picked":"SKIP","floor":35},{"not_picked":["Rebound","Recycle+1","ReplayTheSpireMod:Repulse+1"],"picked":"SKIP","floor":36},{"not_picked":["Consume+1","Rebound+1","Sweeping Beam"],"picked":"SKIP","floor":37},{"not_picked":["Redo+1","Stack+1","ReplayTheSpireMod:System Scan"],"picked":"SKIP","floor":39},{"not_picked":["ReplayTheSpireMod:System Scan","Time Bomb","Ball Lightning+1"],"picked":"SKIP","floor":41}],"player_experience":202876,"relics_obtained":[{"floor":2,"key":"Ring of Peace"},{"floor":2,"key":"ReplayTheSpireMod:Ring of Exchange"},{"floor":4,"key":"hubris:DuctTape"},{"floor":8,"key":"Replay:Baseball"},{"floor":9,"key":"reliquary:ShortFuse"},{"floor":23,"key":"Strawberry"},{"floor":26,"key":"reliquary:Firecrackers"},{"floor":38,"key":"Shovel"}],"event_choices":[{"damage_healed":0,"gold_gain":0,"player_choice":"Success","damage_taken":3,"relics_obtained":["Gremlin Horn"],"max_hp_gain":0,"max_hp_loss":0,"event_name":"Scrap Ooze","floor":3,"gold_loss":0},{"damage_healed":0,"gold_gain":0,"player_choice":"Rummage","damage_taken":0,"relics_obtained":["WarpedTongs"],"max_hp_gain":0,"max_hp_loss":0,"event_name":"Accursed Blacksmith","floor":10,"gold_loss":0,"cards_obtained":["Pain"]},{"damage_healed":0,"gold_gain":0,"player_choice":"Bet on Murderer","damage_taken":0,"max_hp_gain":0,"max_hp_loss":0,"event_name":"The Joust","floor":22,"gold_loss":50},{"damage_healed":0,"gold_gain":0,"player_choice":"Gave Potion","damage_taken":0,"relics_obtained":["Emotion Chip"],"max_hp_gain":0,"max_hp_loss":0,"event_name":"WeMeetAgain","floor":29,"gold_loss":0}],"is_beta":false,"boss_relics":[{"not_picked":["Runic Pyramid","hubris:GrandSneckoEye"],"picked":"hubris:VirtuousBlindfold"},{"not_picked":["Cauldron","reliquary:RedPaperclip"],"picked":"Ring of Chaos"}],"items_purged_floors":[13],"is_endless":false,"potions_floor_spawned":[5,12,16,21,30,31,36],"killed_by":"Maw","ascension_level":2}}