{"host":"6qx28v6zmz7ytl2v","time":1611832159,"event":{"mods":["BaseMod","Minty Spire (QoL Compilation)","Quick Restart","Replay The Spire","Shop Mod","StSLib","The Cursed","The Runesmith"],"gold_per_floor":[117,117,117,170,170,170,170,170,219,237,237,237,237,122,122,225,225,194,209,209],"floor_reached":19,"language":"ZHS","playtime":726,"items_purged":["Runesmith:MakeshiftArmor"],"score":153,"play_id":"33d0f894-5453-4f8d-9a2e-4dc4fe547a47","local_time":"20210128190919","daily_mods":["Vintage","Heirloom","Time Dilation","Flight"],"is_ascension_mode":false,"campfire_choices":[{"data":"Runesmith:BackupBattery","floor":6,"key":"SMITH"},{"data":"Runesmith:BackupBattery+1","floor":7,"key":"SMITH"},{"data":"Runesmith:BackupBattery+2","floor":8,"key":"SMITH"},{"data":"Runesmith:BackupBattery+3","floor":11,"key":"SMITH"}],"circlet_count":0,"master_deck":["Runesmith:Strike_RS","Runesmith:Strike_RS","Runesmith:Strike_RS","Runesmith:Defend_RS","Runesmith:Defend_RS","Runesmith:Defend_RS","Runesmith:CraftFirestone+1","Runesmith:Fortify","Runesmith:PoweredAnvil+1","Runesmith:BackupBattery+4","Runesmith:PerfectChisel+1","Runesmith:Firestorm+1","Runesmith:ReplicatingBarrier+1","CurseOfTheBell"],"relics":["Runesmith:BrokenRuby","Pondfish Scales","Replay:Kaleidoscope","Centennial Puzzle","Replay:Wax Seal","MealTicket","Replay:Grab Bag","SlaversCollar","Runic Dome","Calling Bell","Smiling Mask","Replay:Bottled Eggs","StoneCalendar","Lizard Tail","PreservedInsect"],"acts_visited":["Exordium","TheCity"],"potions_floor_usage":[16,16],"damage_taken":[{"damage":0,"enemies":"Small Slimes","floor":1,"turns":4},{"damage":10,"enemies":"2 Louse","floor":10,"turns":2},{"damage":46,"enemies":"The Guardian","floor":16,"turns":9},{"damage":24,"enemies":"2 Thieves","floor":18,"turns":5},{"damage":14,"enemies":"Chosen","floor":19,"turns":5}],"seed_played":"-1339795849336080935","potions_obtained":[{"floor":1,"key":"LiquidBronze"},{"floor":4,"key":"Languid Potion"},{"floor":19,"key":"LifebloodPotion"}],"is_trial":true,"path_per_floor":["M","?","?","?","?","R","R","R","T","M","R","?","?","$","R","B",null,"M","M"],"character_chosen":"RUNESMITH_CLASS","items_purchased":["Runesmith:Firestorm"],"campfire_rested":0,"item_purchase_floors":[14],"current_hp_per_floor":[70,70,70,53,53,53,53,53,53,43,43,29,29,44,65,19,70,46,32,32],"gold":209,"neow_bonus":"","is_daily":false,"chose_seed":false,"campfire_upgraded":4,"win_rate":0.0,"timestamp":1611832159,"path_taken":["M","?","?","?","?","R","R","R","T","?","R","?","?","$","R","BOSS","M","?"],"items_purchased_type":["Card"],"build_version":"2020-12-22","purchased_purges":1,"victory":false,"max_hp_per_floor":[70,70,70,70,70,70,70,70,70,70,70,70,70,70,70,70,70,70,70,70],"card_choices":[{"not_picked":["Runesmith:Electrocute","Runesmith:Overpower"],"picked":"Runesmith:PoweredAnvil","floor":4},{"not_picked":["Runesmith:CraftMagma","Runesmith:NegativeSpace"],"picked":"Runesmith:BackupBattery","floor":4},{"not_picked":["Runesmith:ArcReactor","Runesmith:DuctTape"],"picked":"Runesmith:ReplicatingBarrier","floor":16}],"player_experience":99258,"relics_obtained":[{"floor":1,"key":"Replay:Kaleidoscope"},{"floor":4,"key":"Centennial Puzzle"},{"floor":9,"key":"Replay:Wax Seal"},{"floor":10,"key":"MealTicket"},{"floor":17,"key":"Smiling Mask"},{"floor":17,"key":"Replay:Bottled Eggs"},{"floor":17,"key":"StoneCalendar"},{"floor":18,"key":"Lizard Tail"},{"floor":19,"key":"PreservedInsect"}],"event_choices":[{"damage_healed":0,"gold_gain":0,"player_choice":"Ignored","damage_taken":0,"max_hp_gain":0,"max_hp_loss":0,"event_name":"Golden Wing","floor":3,"gold_loss":0},{"damage_healed":0,"gold_gain":0,"player_choice":"Entered Light","damage_taken":14,"max_hp_gain":0,"max_hp_loss":0,"event_name":"Shining Light","floor":12,"gold_loss":0,"cards_upgraded":["Runesmith:PoweredAnvil","Runesmith:CraftFirestone"]},{"damage_healed":0,"gold_gain":0,"player_choice":"1 cards matched","damage_taken":0,"max_hp_gain":0,"max_hp_loss":0,"event_name":"Match and Keep!","floor":13,"gold_loss":0,"cards_obtained":["Runesmith:MakeshiftArmor"]},{"damage_healed":0,"gold_gain":0,"player_choice":"1 cards matched","damage_taken":0,"max_hp_gain":0,"max_hp_loss":0,"event_name":"Match and Keep!","floor":13,"gold_loss":0,"cards_obtained":["Runesmith:MakeshiftArmor"]}],"is_beta":false,"boss_relics":[{"not_picked":["Snecko Eye","Snecko Heart"],"picked":"Replay:Grab Bag"},{"not_picked":["Busted Crown","Sozu"],"picked":"SlaversCollar"},{"not_picked":["Fusion Hammer","ChewingGum"],"picked":"Runic Dome"},{"not_picked":["SacredBark","Honey Jar"],"picked":"Calling Bell"}],"items_purged_floors":[14],"is_endless":true,"potions_floor_spawned":[1,19],"killed_by":"Chosen","ascension_level":0}}