{"host":"tvwbxqry54t86y0v","time":1611821209,"event":{"mods":["2.2 Compatiblity","A Magickal Journey","Arknights The Spire","Astrologer","BaseMod","Beaked The Cultist","BetterRewards","Block Reminder","Clockwork Mod","Colored Powertips","DeckTracker","Downfall","Fiend Mod","GungeonMod","Hermit","Hubris","Infinite Spire","Ironclad Rager","Marked Mod","Mimic Mod","Minty Spire (QoL Compilation)","Potionbrewer","Replay The Spire","Shade Mod","Somnambulant","StSLib","The Bug Knight","The Cursed","The Death Knight","The Druid","The Elementalist","The Exalted","The Forsaken","The Hierophant","The Jungle","The Marked","The Mystic","The Problem Sleuth","The Runesmith","The Senshi","The Spell Scribe","The Valiant","The Wild Card","TheFirefly","TheHeartMod","Unceasing Turn Reminder","thorton"],"gold_per_floor":[109,109,109,109,109,109,126,126,161,179,197,228,228,200,200,306,306,336,394,250,273,273,305,327,242,282,301,301,340,360,391,391,504,504,545,646,646,646,646,658,680,680,774,819,819,836,836,846,846,862],"floor_reached":51,"language":"ENG","playtime":4314,"items_purged":[],"score":862,"play_id":"4a920b9b-af74-4528-b867-4ff33d096f5c","local_time":"20210128190649","is_ascension_mode":false,"campfire_choices":[{"data":"elementalist:Crystal_Chalk","floor":6,"key":"SMITH"},{"data":"elementalist:Multification","floor":8,"key":"SMITH"},{"data":"elementalist:Monument","floor":13,"key":"SMITH"},{"floor":15,"key":"REST"},{"data":"elementalist:Earth_Emblem","floor":42,"key":"SMITH"},{"data":"elementalist:Gaian_Form","floor":45,"key":"SMITH"},{"data":"elementalist:Fire_Emblem","floor":47,"key":"SMITH"},{"data":"elementalist:Fire_Emblem","floor":49,"key":"SMITH"}],"circlet_count":0,"master_deck":["elementalist:Fire_Emblem","elementalist:Fire_Emblem+1","elementalist:Earth_Emblem+1","elementalist:Earth_Emblem","elementalist:Fire_Emblem+1","elementalist:Strike+Elemblue","elementalist:Defend_Elemblue+1","elementalist:Defend_Elemblue+1","elementalist:Defend_Elemblue+1","elementalist:Defend_Elemblue+1","elementalist:Defend_Elemblue+1","elementalist:Firestrike","elementalist:Earthstrike","elementalist:Waterstrike","elementalist:Airstrike","elementalist:Crystal_Chalk+1","elementalist:Flame","elementalist:Multification+1","elementalist:Magma_Shot","elementalist:Monument+1","elementalist:Caution","elementalist:Momentum","elementalist:Rising_Vapors","ReplayTheSpireMod:Splinters","elementalist:Prepared_Sand","elementalist:Refract+1","elementalist:Emberveil","elementalist:Gaian_Form+1","elementalist:Flame","elementalist:Impact+1","elementalist:Ferruchemy+1","elementalist:Impact+1","CurseOfTheBell","elementalist:Earth_Emblem","Finesse","elementalist:Momentum+1","elementalist:Multification+1","elementalist:Quake+1","elementalist:Solar_Form+1","elementalist:Aegis+1"],"relics":["elementalistmod:MagusStaff","elementalistmod:YellowCirclet","hubris:Towel","Vajra","infinitespire:Midas Blood","DemoMod:BlueGuonStone","Pen Nib","PreservedInsect","hubris:MedicalManual","hubris:ScarierMask","Golden Egg","potionbrewer:Keyblade","ReplayTheSpireMod:TigerMarble","Bag of Marbles","Replay:Bottled Eggs","Strawberry","SacredBark","infinitespire:CheckeredPen","potionbrewer:RamsHorn","Huge Egg","Calling Bell","ReplayFunnel","Eternal Feather","Guardian:GemstoneGun","hubris:Teleporter","Sling","Archangels Feather","DemoMod:GreenGuonStone","DemoMod:GlassGuonStoneRelic"],"acts_visited":["Exordium","TheCity","TheBeyond"],"potions_floor_usage":[14,16,33,33,33,50,50,50],"damage_taken":[{"damage":2,"enemies":"Small Slimes","floor":1,"turns":3},{"damage":2,"enemies":"2 Louse","floor":7,"turns":3},{"damage":0,"enemies":"Jaw Worm","floor":9,"turns":10},{"damage":1,"enemies":"Jaw Worm","floor":10,"turns":4},{"damage":6,"enemies":"Lots of Slimes","floor":11,"turns":4},{"damage":10,"enemies":"Gremlin Nob","floor":12,"turns":5},{"damage":5,"enemies":"Exordium Thugs","floor":14,"turns":5},{"damage":9,"enemies":"Hexaghost","floor":16,"turns":12},{"damage":12,"enemies":"3 Byrds","floor":18,"turns":6},{"damage":8,"enemies":"Chosen","floor":21,"turns":10},{"damage":14,"enemies":"HollowMod:Nosk","floor":23,"turns":12},{"damage":13,"enemies":"Snake Plant","floor":24,"turns":3},{"damage":4,"enemies":"3 Cultists","floor":26,"turns":11},{"damage":0,"enemies":"3 Cultists","floor":27,"turns":3},{"damage":0,"enemies":"Centurion and Healer","floor":29,"turns":5},{"damage":0,"enemies":"Centurion and Healer","floor":30,"turns":3},{"damage":0,"enemies":"Slavers","floor":31,"turns":2},{"damage":35,"enemies":"Collector","floor":33,"turns":9},{"damage":2,"enemies":"3 Darklings","floor":35,"turns":6},{"damage":2,"enemies":"2 Orb Walkers","floor":36,"turns":8},{"damage":5,"enemies":"Orb Walker","floor":40,"turns":6},{"damage":2,"enemies":"3 Darklings","floor":41,"turns":5},{"damage":7,"enemies":"4 Shapes","floor":43,"turns":9},{"damage":13,"enemies":"4 Shapes","floor":44,"turns":4},{"damage":25,"enemies":"Jaw Worm Horde","floor":46,"turns":3},{"damage":0,"enemies":"HollowMod:SlobberingHusk","floor":48,"turns":6},{"damage":10,"enemies":"hubris:GrandSnecko","floor":50,"turns":11}],"seed_played":"8677603706002250946","potions_obtained":[{"floor":11,"key":"potionbrewer:NoxiousPotion"},{"floor":14,"key":"bronze:BurnAndBuffPotion"},{"floor":16,"key":"SpeedPotion"},{"floor":23,"key":"LiquidBronze"},{"floor":24,"key":"champ:CounterPotion"},{"floor":40,"key":"Strength Potion"},{"floor":46,"key":"Dexterity Potion"},{"floor":48,"key":"Swift Potion"}],"is_trial":false,"path_per_floor":["M","?","?","?","T","R","M","R","MIM","M","M","E","R","M","R","B",null,"M","?","$","M","?","E","M","?","MIM","M","AVR","MIM","M","E","R","B",null,"M","?","?","?","AVR","M","M","R","MIM","M","R","M","R","M","R","B",null],"character_chosen":"THE_ELEMENTALIST","items_purchased":["potionbrewer:Keyblade"],"campfire_rested":1,"item_purchase_floors":[20],"current_hp_per_floor":[75,75,75,57,57,57,55,55,55,54,48,38,38,33,56,47,77,65,65,65,60,60,51,38,38,39,39,46,46,48,48,48,21,87,90,101,101,101,101,97,95,102,108,109,122,97,118,122,122,112],"gold":862,"neow_bonus":"TEN_PERCENT_HP_BONUS","is_daily":false,"chose_seed":false,"campfire_upgraded":7,"win_rate":0.0,"timestamp":1611821209,"path_taken":["M","?","?","?","?","R","?","R","MIM","M","M","E","R","M","R","BOSS","M","?","$","M","?","E","M","?","MIM","?","AVR","?","M","E","R","BOSS","M","?","?","?","AVR","M","M","R","MIM","?","R","M","R","M","R","BOSS"],"items_purchased_type":["Relic"],"build_version":"2020-12-22","purchased_purges":0,"victory":true,"max_hp_per_floor":[77,77,77,77,77,77,77,77,77,77,77,77,77,77,77,77,77,77,77,77,77,77,77,77,77,77,77,84,84,84,84,84,87,87,92,102,102,102,102,102,102,102,115,122,122,122,122,122,122,122],"card_choices":[{"not_picked":["elementalist:Momentum","elementalist:Geomancy"],"picked":"elementalist:Flame","floor":1},{"not_picked":["elementalist:Concentricity","elementalist:Mist"],"picked":"elementalist:Multification","floor":7},{"not_picked":["elementalist:Mist","elementalist:Spark"],"picked":"elementalist:Magma_Shot","floor":9},{"not_picked":["elementalist:Cyclone","elementalist:Undertow"],"picked":"elementalist:Monument","floor":10},{"not_picked":["elementalist:Inferno","elementalist:Wards","elementalist:Widdershins_Conversion"],"picked":"SKIP","floor":11},{"not_picked":["elementalist:Pressurize","elementalist:Stone_to_Mud"],"picked":"elementalist:Caution","floor":12},{"not_picked":["elementalist:Caution","elementalist:Dragon_Bigram"],"picked":"elementalist:Momentum","floor":14},{"not_picked":["elementalist:Dragon_Bigram","elementalist:Reckless_Dance"],"picked":"elementalist:Rising_Vapors","floor":16},{"not_picked":["elementalist:Flame","elementalist:Caution","elementalist:Cauterize+1"],"picked":"SKIP","floor":18},{"not_picked":["elementalist:Spark","elementalist:Momentum"],"picked":"elementalist:Prepared_Sand","floor":19},{"not_picked":["elementalist:Undertow","elementalist:Spark"],"picked":"elementalist:Refract","floor":19},{"not_picked":["elementalist:Mist","elementalist:Fission_Lance"],"picked":"elementalist:Emberveil","floor":21},{"not_picked":["elementalist:Stone_to_Mud","elementalist:Spout"],"picked":"elementalist:Flame","floor":23},{"not_picked":["elementalist:Widdershins_Conversion","elementalist:Spout+1","elementalist:Wards+1"],"picked":"SKIP","floor":24},{"not_picked":["elementalist:Wards+1","elementalist:Confluence+1","elementalist:Stone_to_Mud"],"picked":"SKIP","floor":27},{"not_picked":["elementalist:Low_Tides+1","elementalist:Momentum"],"picked":"elementalist:Impact","floor":29},{"not_picked":["elementalist:Caution","elementalist:Aegis","elementalist:Magma_Shot"],"picked":"SKIP","floor":30},{"not_picked":["elementalist:Wards","elementalist:Ignition"],"picked":"elementalist:Ferruchemy","floor":31},{"not_picked":["elementalist:Erosion","elementalist:Heavensfall"],"picked":"elementalist:Impact","floor":33},{"not_picked":["elementalist:Spark","elementalist:Mage_Hand+1","elementalist:Widdershins_Conversion"],"picked":"SKIP","floor":35},{"not_picked":["Flash of Steel","Good Instincts"],"picked":"Finesse","floor":38},{"not_picked":["elementalist:Stone_to_Mud+1","elementalist:Prepared_Sand"],"picked":"elementalist:Momentum+1","floor":40},{"not_picked":["elementalist:Flame+1","elementalist:Gaian_Form","elementalist:Aegis"],"picked":"SKIP","floor":41},{"not_picked":["elementalist:Caution+1","elementalist:Cyclone+1"],"picked":"elementalist:Multification","floor":43},{"not_picked":["elementalist:Prepared_Sand+1","elementalist:Monument","elementalist:Wards+1"],"picked":"SKIP","floor":44},{"not_picked":["elementalist:Gaian_Form+1","elementalist:Prepared_Sand"],"picked":"elementalist:Quake","floor":46},{"not_picked":["elementalist:Rising_Tides","elementalist:Monument"],"picked":"elementalist:Aegis+1","floor":48}],"player_experience":1114583,"relics_obtained":[{"floor":3,"key":"Vajra"},{"floor":5,"key":"DemoMod:BlueGuonStone"},{"floor":9,"key":"Pen Nib"},{"floor":9,"key":"PreservedInsect"},{"floor":12,"key":"hubris:MedicalManual"},{"floor":19,"key":"Golden Egg"},{"floor":23,"key":"ReplayTheSpireMod:TigerMarble"},{"floor":26,"key":"Replay:Bottled Eggs"},{"floor":29,"key":"infinitespire:CheckeredPen"},{"floor":29,"key":"potionbrewer:RamsHorn"},{"floor":31,"key":"Huge Egg"},{"floor":34,"key":"ReplayFunnel"},{"floor":34,"key":"Eternal Feather"},{"floor":34,"key":"Guardian:GemstoneGun"},{"floor":36,"key":"hubris:Teleporter"},{"floor":43,"key":"Archangels Feather"},{"floor":43,"key":"DemoMod:GreenGuonStone"}],"event_choices":[{"damage_healed":0,"gold_gain":0,"player_choice":"Success","damage_taken":18,"relics_obtained":["infinitespire:Midas Blood"],"max_hp_gain":0,"max_hp_loss":0,"event_name":"Scrap Ooze","floor":4,"gold_loss":0},{"damage_healed":0,"gold_gain":0,"player_choice":"Obtained Relic","damage_taken":0,"relics_obtained":["Bag of Marbles"],"max_hp_gain":0,"max_hp_loss":0,"event_name":"Addict","floor":25,"gold_loss":85},{"damage_healed":0,"gold_gain":0,"player_choice":"Fight","damage_taken":0,"max_hp_gain":0,"max_hp_loss":0,"event_name":"Mysterious Sphere","floor":36,"gold_loss":0},{"damage_healed":0,"gold_gain":0,"player_choice":"Memory 1","damage_taken":0,"max_hp_gain":0,"max_hp_loss":0,"event_name":"SensoryStone","floor":38,"gold_loss":0}],"is_beta":false,"boss_relics":[{"not_picked":["hubris:VirtuousBlindfold","hubris:GrandSneckoEye"],"picked":"hubris:ScarierMask"},{"not_picked":["Replay:Fungal Core","hubris:Stopwatch"],"picked":"Calling Bell"}],"items_purged_floors":[],"is_endless":false,"potions_floor_spawned":[11,14,16,23,24,30,31,40,46,48],"ascension_level":0}}