{"host":"Troy","time":1611860609,"event":{"mods":["BaseMod","Colored Map","Highlight Path","Minty Spire (QoL Compilation)","Permanent Neow"],"gold_per_floor":[113,113,126,126,196,196,224,224,224,224,249,524,541,63,63,163,163,173,191,191,41,67,101,101,131,431,431,451,483,398,417,417,519,519,531,235,252,263,48,81,81,109,109,109,159,177,189,216,216,216,216,216,18,49,49],"floor_reached":56,"language":"ENG","playtime":4741,"items_purged":["Regret","Strike_R"],"score":1374,"play_id":"9806a745-6f29-4b06-9afc-473ecea24d57","local_time":"20210128140329","is_ascension_mode":false,"campfire_choices":[{"data":"True Grit","floor":6.0,"key":"SMITH"},{"data":"Bash","floor":8.0,"key":"SMITH"},{"data":"Disarm","floor":10.0,"key":"SMITH"},{"data":"Uppercut","floor":15.0,"key":"SMITH"},{"data":"Demon Form","floor":24.0,"key":"SMITH"},{"floor":27.0,"key":"REST"},{"data":"Feel No Pain","floor":32.0,"key":"SMITH"},{"data":"Juggernaut","floor":41,"key":"SMITH"},{"floor":44,"key":"RECALL"},{"data":"Feel No Pain","floor":49,"key":"SMITH"},{"data":"Bludgeon","floor":52,"key":"SMITH"}],"circlet_count":0,"master_deck":["Defend_R","Defend_R","Defend_R","Defend_R+1","Bash+1","Bludgeon+1","True Grit+1","Disarm+1","Fiend Fire","Uppercut+1","Pommel Strike","Flash of Steel","Demon Form+1","Bludgeon+1","Disarm+1","Uppercut+1","Inflame+1","Feel No Pain+1","Second Wind+1","Bludgeon+1","Feel No Pain+1","Corruption","Demon Form+1","Juggernaut+1","Dark Embrace","Heavy Blade+1"],"relics":["Burning Blood","Red Skull","Matryoshka","Sundial","Nunchaku","Blue Candle","Paper Frog","Membership Card","Mercury Hourglass","Ornamental Fan","Astrolabe","Bag of Marbles","TheAbacus","Red Mask","Boot","Molten Egg 2","Letter Opener","Old Coin","Torii","PreservedInsect","Snecko Eye","Pantograph","DollysMirror","Strange Spoon","Eternal Feather","Darkstone Periapt","Ginger","Gambling Chip","Incense Burner","OrangePellets","Bottled Tornado","War Paint"],"acts_visited":["Exordium","TheCity","TheBeyond","TheEnding"],"potions_floor_usage":[33,33,33,33,33,45,55,55,55],"damage_taken":[{"damage":5.0,"enemies":"Small Slimes","floor":1.0,"turns":2.0},{"damage":6.0,"enemies":"2 Louse","floor":3.0,"turns":3.0},{"damage":0.0,"enemies":"Gremlin Nob","floor":7.0,"turns":2.0},{"damage":40.0,"enemies":"3 Sentries","floor":11.0,"turns":6.0},{"damage":11.0,"enemies":"Jaw Worm","floor":13.0,"turns":2.0},{"damage":14.0,"enemies":"The Guardian","floor":16.0,"turns":5.0},{"damage":12.0,"enemies":"Shell Parasite","floor":18.0,"turns":3.0},{"damage":18.0,"enemies":"2 Thieves","floor":19.0,"turns":3.0},{"damage":10.0,"enemies":"Masked Bandits","floor":22.0,"turns":4.0},{"damage":63.0,"enemies":"Gremlin Leader","floor":23.0,"turns":5.0},{"damage":17.0,"enemies":"Book of Stabbing","floor":25.0,"turns":4.0},{"damage":2.0,"enemies":"Chosen and Byrds","floor":28.0,"turns":3.0},{"damage":33.0,"enemies":"Slavers","floor":29.0,"turns":6.0},{"damage":7.0,"enemies":"3 Cultists","floor":31.0,"turns":4.0},{"damage":44,"enemies":"Automaton","floor":33,"turns":11},{"damage":1,"enemies":"3 Shapes","floor":35,"turns":4},{"damage":17,"enemies":"3 Darklings","floor":37,"turns":4},{"damage":0,"enemies":"Transient","floor":38,"turns":5},{"damage":9,"enemies":"Giant Head","floor":40,"turns":6},{"damage":45,"enemies":"Nemesis","floor":42,"turns":6},{"damage":0,"enemies":"Mind Bloom Boss Battle","floor":45,"turns":5},{"damage":0,"enemies":"Spire Growth","floor":46,"turns":3},{"damage":10,"enemies":"Maw","floor":47,"turns":4},{"damage":0,"enemies":"Giant Head","floor":48,"turns":4},{"damage":28,"enemies":"Time Eater","floor":50,"turns":6},{"damage":15,"enemies":"Shield and Spear","floor":54,"turns":4},{"damage":11,"enemies":"The Heart","floor":55,"turns":7}],"seed_played":"2420949362156523768","potions_obtained":[{"floor":3.0,"key":"SneckoOil"},{"floor":13.0,"key":"GamblersBrew"},{"floor":16.0,"key":"Regen Potion"},{"floor":18.0,"key":"BloodPotion"},{"floor":28.0,"key":"Regen Potion"},{"floor":29.0,"key":"EntropicBrew"},{"floor":33,"key":"ElixirPotion"},{"floor":37,"key":"BloodPotion"},{"floor":45,"key":"PowerPotion"},{"floor":46,"key":"LiquidMemories"},{"floor":47,"key":"GamblersBrew"}],"is_trial":false,"path_per_floor":["M","?","M","?","T","R","E","R","T","R","E","?","M","$","R","B",null,"M","M","?","$","?","E","R","E","T","R","M","E","?","M","R","B",null,"M","$","M","M","$","E","R","E","T","R","?","M","M","E","R","B",null,"R","$","E","B",null],"character_chosen":"IRONCLAD","items_purchased":["Membership Card","Mercury Hourglass","Ornamental Fan","Flash of Steel","Bag of Marbles","TheAbacus","Pantograph","DollysMirror","Fruit Juice","Strange Spoon","Dark Embrace","Eternal Feather","OrangePellets","Bottled Tornado"],"campfire_rested":1,"item_purchase_floors":[14,14,14,14,21,21,36,36,36,39,39,39,53,53],"current_hp_per_floor":[80,73,73,70,70,70,76,76,76,76,42,42,37,37,37,29,80,74,62,62,62,58,17,17,18,18,42,46,19,19,18,18,75,80,80,80,69,75,75,72,80,41,41,56,85,85,81,85,85,63,85,85,85,76,80],"gold":49,"neow_bonus":"ONE_RANDOM_RARE_CARD","is_daily":false,"chose_seed":false,"campfire_upgraded":9,"win_rate":0.0,"timestamp":1611860609,"path_taken":["M","?","M","?","?","R","E","R","T","R","E","?","M","$","R","BOSS","M","M","?","$","?","E","R","E","T","R","M","E","?","M","R","BOSS","M","$","M","M","$","E","R","E","T","R","?","M","M","E","R","BOSS","R","$","E","BOSS"],"items_purchased_type":["Relic","Relic","Relic","Card","Relic","Relic","Relic","Relic","Potion","Relic","Card","Relic","Relic","Relic"],"build_version":"2020-12-18","purchased_purges":2,"victory":true,"max_hp_per_floor":[80,80,80,80,80,80,80,80,80,80,80,80,80,80,80,80,80,80,80,80,80,80,80,80,80,80,80,80,80,80,80,80,80,80,80,80,80,80,80,80,80,80,80,80,85,85,85,85,85,85,85,85,85,85,85],"card_choices":[{"not_picked":["Warcry","Body Slam"],"picked":"True Grit","floor":1.0},{"not_picked":["Seeing Red","Blood for Blood"],"picked":"Disarm","floor":3.0},{"not_picked":["Iron Wave","Havoc"],"picked":"Fiend Fire","floor":7.0},{"not_picked":["Blood for Blood","Sentinel"],"picked":"Uppercut","floor":11.0},{"not_picked":["Body Slam","Heavy Blade"],"picked":"Pommel Strike","floor":13.0},{"not_picked":["Offering","Exhume"],"picked":"Demon Form","floor":16.0},{"not_picked":["Sword Boomerang","Flex","Shrug It Off"],"picked":"SKIP","floor":18.0},{"not_picked":["Searing Blow","Body Slam","Carnage+1"],"picked":"SKIP","floor":19.0},{"not_picked":["Uppercut+1","Body Slam"],"picked":"Inflame+1","floor":22.0},{"not_picked":["Warcry+1","Anger"],"picked":"Feel No Pain","floor":23.0},{"not_picked":["Wild Strike+1","Demon Form"],"picked":"Second Wind","floor":25.0},{"not_picked":["Sword Boomerang+1","Second Wind","Combust"],"picked":"SKIP","floor":28.0},{"not_picked":["Clothesline+1","Headbutt+1"],"picked":"Bludgeon+1","floor":29.0},{"not_picked":["Cleave+1","Hemokinesis+1"],"picked":"Feel No Pain","floor":31.0},{"not_picked":["Demon Form","Reaper+1"],"picked":"Corruption","floor":33},{"not_picked":["Headbutt+1","Perfected Strike+1","Dual Wield+1"],"picked":"SKIP","floor":35},{"not_picked":["Wild Strike+1","Havoc+1","Intimidate+1"],"picked":"SKIP","floor":37},{"not_picked":["Armaments","Thunderclap+1"],"picked":"Juggernaut","floor":38},{"not_picked":["Wild Strike+1","Second Wind","Immolate+1"],"picked":"SKIP","floor":40},{"not_picked":["Wild Strike+1","Second Wind","Immolate+1"],"picked":"SKIP","floor":40},{"not_picked":["Wild Strike+1","Pommel Strike+1"],"picked":"Heavy Blade+1","floor":42},{"not_picked":["Iron Wave+1","Headbutt+1","Inflame"],"picked":"SKIP","floor":46},{"not_picked":["Armaments","Intimidate","Combust"],"picked":"SKIP","floor":47},{"not_picked":["Warcry","Spot Weakness+1","Headbutt+1"],"picked":"SKIP","floor":48},{"not_picked":["Body Slam+1","True Grit","Bloodletting"],"picked":"SKIP","floor":54}],"player_experience":4092498,"relics_obtained":[{"floor":5.0,"key":"Matryoshka"},{"floor":7.0,"key":"Sundial"},{"floor":9.0,"key":"Nunchaku"},{"floor":9.0,"key":"Blue Candle"},{"floor":11.0,"key":"Paper Frog"},{"floor":22.0,"key":"Red Mask"},{"floor":23.0,"key":"Boot"},{"floor":25.0,"key":"Molten Egg 2"},{"floor":26.0,"key":"Letter Opener"},{"floor":26.0,"key":"Old Coin"},{"floor":29.0,"key":"Torii"},{"floor":40,"key":"Darkstone Periapt"},{"floor":42,"key":"Ginger"},{"floor":45,"key":"Gambling Chip"},{"floor":48,"key":"Incense Burner"},{"floor":54,"key":"War Paint"}],"event_choices":[{"cards_removed":["Strike_R"],"damage_healed":0.0,"max_hp_gain":0.0,"max_hp_loss":0.0,"gold_gain":0.0,"event_name":"Golden Wing","player_choice":"Card Removal","floor":2.0,"gold_loss":0.0,"damage_taken":7.0},{"damage_healed":0.0,"max_hp_gain":0.0,"max_hp_loss":0.0,"gold_gain":0.0,"event_name":"Scrap Ooze","player_choice":"Success","floor":4.0,"gold_loss":0.0,"damage_taken":3.0,"relics_obtained":["Red Skull"]},{"damage_healed":0.0,"max_hp_gain":0.0,"max_hp_loss":0.0,"gold_gain":275.0,"event_name":"Golden Shrine","player_choice":"Desecrate","floor":12.0,"gold_loss":0.0,"damage_taken":0.0,"cards_obtained":["Regret"]},{"damage_healed":0.0,"max_hp_gain":0.0,"max_hp_loss":0.0,"gold_gain":0.0,"event_name":"Vampires","player_choice":"Ignored","floor":20.0,"gold_loss":0.0,"damage_taken":0.0},{"damage_healed":0.0,"max_hp_gain":0.0,"max_hp_loss":0.0,"gold_gain":0.0,"event_name":"Masked Bandits","player_choice":"Fought Bandits","floor":22.0,"gold_loss":0.0,"damage_taken":0.0},{"damage_healed":0.0,"max_hp_gain":0.0,"max_hp_loss":0.0,"gold_gain":0.0,"event_name":"Addict","player_choice":"Obtained Relic","floor":30.0,"gold_loss":85.0,"damage_taken":0.0,"relics_obtained":["PreservedInsect"]},{"damage_healed":0,"gold_gain":0,"player_choice":"Fight","damage_taken":0,"max_hp_gain":0,"max_hp_loss":0,"event_name":"MindBloom","floor":45,"gold_loss":0}],"is_beta":true,"boss_relics":[{"not_picked":["Runic Pyramid","SlaversCollar"],"picked":"Astrolabe"},{"not_picked":["Cursed Key","SacredBark"],"picked":"Snecko Eye"}],"items_purged_floors":[14,36],"is_endless":false,"potions_floor_spawned":[3,13,16,18,28,29,33,37,45,46,47,54],"ascension_level":0}}