{"host":"oz0i1fpezyhy8r2h","time":1611837578,"event":{"mods":["ATMod(∞¢Ë™Mod)","Act Like it!","Arknights The Spire","BaseMod","KinomotoSakuraMod(ƒæ÷Æ±æ”£)","Minty Spire (QoL Compilation)","Reimu£®≤©¿ˆ¡È√Œ£©","Remilia£®¿Ÿ√◊¿Ú—«£©","StSLib","The Bug Knight","°æ“≈ŒÔø®≈∆°øREMEMod"],"gold_per_floor":[114,133,133,149,168,199,199,228,254,254,270,270,286,313,313,412,412,430,201,201,201,269,421,421,481,504,573,615,715,715,770,770,897,897,992,639,680,715,715,715,759,759,759,759,360,489,489,540,540,615,615],"floor_reached":50,"language":"ZHS","playtime":2623,"items_purged":["ats:Strike C","ats:Defend","ats:Strike S+1"],"score":750,"play_id":"7c0a28c3-c084-4779-93da-6388316474e7","local_time":"20210128203938","is_ascension_mode":true,"campfire_choices":[{"data":"ats:True Silver Slash","floor":7.0,"key":"SMITH"},{"floor":15.0,"key":"REST"},{"data":"ats:Emotion Absorption","floor":24.0,"key":"SMITH"},{"data":"ats:Song Of Battle","floor":30.0,"key":"SMITH"},{"floor":32.0,"key":"REST"},{"data":"ats:Fractured Body","floor":40.0,"key":"SMITH"},{"data":"ats:Armor Crushing Shot","floor":44.0,"key":"PURGE"},{"data":"ats:Defend","floor":49.0,"key":"PURGE"}],"circlet_count":0,"master_deck":["ats:Strike G+1","ats:Defend+1","ats:Emotion Absorption+1","ats:True Silver Slash+1","ats:Apocalypse+1","ats:Nebulous Foxfire","ats:Wolf Pack","ats:Phantom","ats:Guard Mode","ats:Shadow Assault","ats:Blood Oath+1","ats:Song Of Battle+1","ats:Fractured Body+1","ats:Fractured Body+1","ats:Thermite Blade+1","ats:Chain Hook+1","ats:Thorns"],"relics":["ats:Sanity Plus","AT_ATBox","REME_ComplimentaryCards","ats:Originium","RuthlessExorcism:ReiMu","Nunchaku","AT_ArcaneBoots","Blood Vial","Akabeko","AT_MibuBalloonWealth","HollowMod:LifeEnderRelic","HollowMod:StagPassRelic","War Paint","REME_ChargedStone","Bottled Tornado","Peace Pipe","Gremlin Horn","AT_ArchangelStaff"],"acts_visited":["Exordium","TheCity","TheBeyond"],"potions_floor_usage":[50,50,50],"damage_taken":[{"damage":19.0,"enemies":"Small Slimes","floor":1.0,"turns":4.0},{"damage":12.0,"enemies":"Jaw Worm","floor":2.0,"turns":4.0},{"damage":13.0,"enemies":"Cultist","floor":4.0,"turns":4.0},{"damage":24.0,"enemies":"Large Slime","floor":5.0,"turns":7.0},{"damage":22.0,"enemies":"Gremlin Nob","floor":6.0,"turns":5.0},{"damage":16.0,"enemies":"3 Sentries","floor":8.0,"turns":3.0},{"damage":0.0,"enemies":"3 Louse","floor":11.0,"turns":1.0},{"damage":0.0,"enemies":"Exordium Thugs","floor":13.0,"turns":3.0},{"damage":16.0,"enemies":"Gremlin Nob","floor":14.0,"turns":4.0},{"damage":54.0,"enemies":"The Guardian","floor":16.0,"turns":10.0},{"damage":22.0,"enemies":"3 Byrds","floor":18.0,"turns":3.0},{"damage":11.0,"enemies":"2 Thieves","floor":22.0,"turns":3.0},{"damage":18.0,"enemies":"Gremlin Leader","floor":23.0,"turns":6.0},{"damage":2.0,"enemies":"Centurion and Healer","floor":25.0,"turns":4.0},{"damage":7.0,"enemies":"Cultist and Chosen","floor":27.0,"turns":4.0},{"damage":0.0,"enemies":"Snecko","floor":28.0,"turns":3.0},{"damage":29.0,"enemies":"Slavers","floor":29.0,"turns":2.0},{"damage":44.0,"enemies":"Book of Stabbing","floor":31.0,"turns":6.0},{"damage":60.0,"enemies":"Champ","floor":33.0,"turns":9.0},{"damage":21.0,"enemies":"3 Shapes","floor":35.0,"turns":3.0},{"damage":34.0,"enemies":"Orb Walker","floor":37.0,"turns":4.0},{"damage":44.0,"enemies":"Transient","floor":38.0,"turns":5.0},{"damage":35.0,"enemies":"Writhing Mass","floor":41.0,"turns":6.0},{"damage":21.0,"enemies":"Reptomancer","floor":46.0,"turns":4.0},{"damage":58.0,"enemies":"Giant Head","floor":48.0,"turns":8.0},{"damage":91,"enemies":"Awakened One","floor":50,"turns":10}],"seed_played":"-3229528274574355434","potions_obtained":[{"floor":2.0,"key":"LiquidBronze"},{"floor":5.0,"key":"Strength Potion"},{"floor":11.0,"key":"ats:Emergency Sanity Potion"},{"floor":13.0,"key":"AttackPotion"},{"floor":16.0,"key":"Fire Potion"},{"floor":23.0,"key":"Strength Potion"},{"floor":28.0,"key":"AttackPotion"},{"floor":31.0,"key":"FearPotion"},{"floor":41.0,"key":"Block Potion"},{"floor":48.0,"key":"ats:Top Emergency Sanity Potion"}],"is_trial":false,"path_per_floor":["M","M","?","M","M","E","R","E","T","?","M","T","M","E","R","B",null,"M","$","?","?","M","E","R","M","T","M","M","E","R","E","R","B",null,"M","$","M","M","?","R","M","?","T","R","$","E","?","E","R","B"],"character_chosen":"DOCTOR_CLASS","items_purchased":["AT_MibuBalloonWealth","Bottled Tornado","ats:Thermite Blade","Gremlin Horn"],"campfire_rested":2,"item_purchase_floors":[19,36,45,45],"current_hp_per_floor":[53,41,41,41,42,31,31,20,20,6,6,6,13,14,35,18,59,44,44,44,44,40,45,45,50,50,55,62,35,35,17,38,10,57,45,45,26,14,14,14,1,1,1,1,1,6,6,1,1,0,0],"gold":615,"neow_bonus":"ONE_RANDOM_RARE_CARD","is_daily":false,"chose_seed":false,"campfire_upgraded":4,"win_rate":0.0,"timestamp":1611837578,"path_taken":["M","M","?","M","M","E","R","E","T","?","M","?","?","E","R","BOSS","M","$","?","?","M","E","R","M","T","M","M","E","R","E","R","BOSS","M","$","M","M","?","R","M","?","T","R","$","E","?","E","R","BOSS"],"items_purchased_type":["Relic","Relic","Card","Relic"],"build_version":"2020-12-22","purchased_purges":3,"victory":false,"max_hp_per_floor":[72,72,72,72,72,72,72,72,72,72,72,72,72,72,72,72,72,72,72,72,72,72,72,72,72,72,72,72,72,72,72,72,72,72,72,72,72,72,72,72,72,68,68,68,68,68,68,68,68,68,68],"card_choices":[{"not_picked":["ats:Explosion Area Strengthen","ats:Hammer On","ats:Very Hot Blade"],"picked":"SKIP","floor":1.0},{"not_picked":["ats:Very Hot Blade","ats:Shell Defense"],"picked":"ats:Apocalypse","floor":2.0},{"not_picked":["ats:Ignite","ats:Defend Order","ats:Explosion Area Strengthen"],"picked":"SKIP","floor":4.0},{"not_picked":["ats:Apocalypse","ats:Cat Scratch"],"picked":"ats:Wolf Pack","floor":5.0},{"not_picked":["ats:Healing Drone","ats:Absolute Focus","ats:Automatic Cover"],"picked":"SKIP","floor":6.0},{"not_picked":["ats:Flexible Camouflage","ats:Apocalypse"],"picked":"ats:Phantom","floor":8.0},{"not_picked":["ats:Counter Healing Mode","ats:Explosion Area Strengthen"],"picked":"ats:Guard Mode","floor":11.0},{"not_picked":["ats:Explosion Area Strengthen","ats:Steam Pump","ats:Consecutive Shot Auto"],"picked":"SKIP","floor":13.0},{"not_picked":["ats:Apocalypse","ats:Roar Of Ursus","ats:Poison Spread"],"picked":"SKIP","floor":14.0},{"not_picked":["ats:True Silver Slash","ats:Fractured Body"],"picked":"ats:Shadow Assault","floor":16.0},{"not_picked":["ats:Guardian Obelisk+1","ats:Poison Spread","ats:Shell Defense"],"picked":"SKIP","floor":18.0},{"not_picked":["ats:Absolute Focus","ats:Phantom","ats:Guard Mode"],"picked":"SKIP","floor":22.0},{"not_picked":["ats:Flexible Camouflage","ats:Magnetic Hammer+1","ats:Absolute Focus"],"picked":"SKIP","floor":23.0},{"not_picked":["ats:Apocalypse","ats:Encircling Forest","ats:Curse Doll"],"picked":"SKIP","floor":25.0},{"not_picked":["ats:LN2 Cannon","ats:Apocalypse"],"picked":"ats:Blood Oath+1","floor":27.0},{"not_picked":["ats:Consecutive Shot Auto","ats:Magnetic Hammer+1"],"picked":"ats:Song Of Battle","floor":28.0},{"not_picked":["ats:LN2 Cannon","ats:Hammer On","ats:Powerful Strike"],"picked":"SKIP","floor":29.0},{"not_picked":["ats:LN2 Cannon","ats:Hammer On","ats:Powerful Strike"],"picked":"SKIP","floor":29.0},{"not_picked":["ats:Encircling Forest","ats:Very Hot Blade+1"],"picked":"ats:Fractured Body","floor":31.0},{"not_picked":["ats:Ambush","ats:Nebulous Foxfire"],"picked":"ats:Fractured Body","floor":33.0},{"not_picked":["ats:Assault Order","ats:Leaping Hammer","ats:Guardian Obelisk"],"picked":"SKIP","floor":35.0},{"not_picked":["ats:Cat Scratch","ats:Shadow Raid+1","ats:Consecutive Shot Auto"],"picked":"SKIP","floor":37.0},{"not_picked":["ats:Healing Drone","ats:Shell Defense","ats:Cat Scratch"],"picked":"SKIP","floor":38.0},{"not_picked":["ats:Explosion Area Strengthen","ats:Leaping Hammer+1","ats:Ignite+1"],"picked":"SKIP","floor":41.0},{"not_picked":["ats:Guard Mode+1","ats:Blood Oath"],"picked":"ats:Chain Hook+1","floor":46.0},{"not_picked":["ats:Volcano","ats:Beaten Up+1"],"picked":"ats:Thorns","floor":48.0}],"player_experience":172502,"relics_obtained":[{"floor":6.0,"key":"ats:Originium"},{"floor":6.0,"key":"RuthlessExorcism:ReiMu"},{"floor":8.0,"key":"ats:Originium"},{"floor":8.0,"key":"Nunchaku"},{"floor":9.0,"key":"AT_SpeedBoots"},{"floor":12.0,"key":"Blood Vial"},{"floor":14.0,"key":"ats:Originium"},{"floor":14.0,"key":"Akabeko"},{"floor":23.0,"key":"ats:Originium"},{"floor":23.0,"key":"HollowMod:LifeEnderRelic"},{"floor":29.0,"key":"ats:Originium"},{"floor":29.0,"key":"HollowMod:StagPassRelic"},{"floor":31.0,"key":"War Paint"},{"floor":43.0,"key":"Peace Pipe"},{"floor":48.0,"key":"AT_ArchangelStaff"}],"event_choices":[{"damage_healed":0.0,"max_hp_gain":0.0,"max_hp_loss":0.0,"gold_gain":0.0,"cards_transformed":["ats:Strike V"],"event_name":"Living Wall","player_choice":"Change","floor":3.0,"gold_loss":0.0,"damage_taken":0.0,"cards_obtained":["ats:Nebulous Foxfire"]},{"damage_healed":0.0,"max_hp_gain":0.0,"max_hp_loss":0.0,"gold_gain":0.0,"event_name":"Shining Light","player_choice":"Entered Light","floor":10.0,"gold_loss":0.0,"damage_taken":14.0,"cards_upgraded":["ats:Strike G","ats:Strike S"]},{"damage_healed":0.0,"max_hp_gain":0.0,"max_hp_loss":0.0,"gold_gain":0.0,"event_name":"The Mausoleum","player_choice":"Ignored","floor":20.0,"gold_loss":0.0,"damage_taken":0.0},{"cards_removed":["ats:Defend"],"damage_healed":0.0,"max_hp_gain":0.0,"max_hp_loss":0.0,"gold_gain":0.0,"event_name":"Back to Basics","player_choice":"Elegance","floor":21.0,"gold_loss":0.0,"damage_taken":0.0},{"damage_healed":0.0,"max_hp_gain":0.0,"max_hp_loss":0.0,"gold_gain":0.0,"event_name":"The Moai Head","player_choice":"Ignored","floor":39.0,"gold_loss":0.0,"damage_taken":0.0},{"damage_healed":0.0,"max_hp_gain":0.0,"max_hp_loss":4.0,"gold_gain":0.0,"event_name":"Winding Halls","player_choice":"Max HP","floor":42.0,"gold_loss":0.0,"damage_taken":0.0},{"damage_healed":0.0,"max_hp_gain":0.0,"max_hp_loss":0.0,"gold_gain":0.0,"event_name":"Upgrade Shrine","player_choice":"Upgraded","floor":47.0,"gold_loss":0.0,"damage_taken":0.0,"cards_upgraded":["ats:Fractured Body"]}],"is_beta":false,"boss_relics":[{"not_picked":["REME_DuelDisc","Tiny House"],"picked":"ats:Sanity Plus"},{"not_picked":["Astrolabe","Black Star"],"picked":"REME_ChargedStone"}],"items_purged_floors":[19,36,45],"is_endless":false,"potions_floor_spawned":[2,5,11,13,16,23,28,29,31,41,48],"killed_by":"Awakened One","ascension_level":5}}