{"host":"zlryddw6xv0ljf8b","time":1611822195,"event":{"mods":["AchievementEnabler","BaseMod","Colored Map","Colored Powertips","Highlight Path","Minty Spire (QoL Compilation)","Permanent Neow","Quick Restart","StSLib","UnlockEverythingMod"],"gold_per_floor":[116,131,150,120,139,169,169,85,385,403,414,445,10,29,29,128,128,138,138,138,138,151,151,180,180,234,250,55,72,72,82,82,184,184,195,195,39,51,69,102,116,116,116],"floor_reached":42,"language":"ENG","playtime":3058,"items_purged":["Strike_R"],"score":537,"play_id":"64d22c90-6b5a-4ece-976b-f7265e67704a","local_time":"20210128022315","is_ascension_mode":false,"campfire_choices":[{"data":"Reaper","floor":7.0,"key":"SMITH"},{"floor":15,"key":"REST"},{"data":"Combust","floor":23,"key":"SMITH"},{"data":"Rupture","floor":25,"key":"SMITH"},{"data":"Barricade","floor":32,"key":"SMITH"}],"circlet_count":0,"master_deck":["Bash","Reaper+1","Blood for Blood+1","Warcry","Havoc","Ghostly Armor","Second Wind","Headbutt","Combust+1","Sentinel","Flame Barrier","Armaments","Spot Weakness","Barricade+1","Fire Breathing","Clash","Twin Strike","Bloodletting","Exhume+1","Armaments","Evolve","True Grit+1","J.A.X.","Blood for Blood","Rupture+1","Combust","Offering","Rupture+1","Armaments+1","Demon Form","Disarm+1","Shrug It Off","Dual Wield+1"],"relics":["Burning Blood","Gremlin Horn","Charon\u0027s Ashes","Old Coin","Ornamental Fan","Whetstone","Pandora\u0027s Box","Vajra","Art of War","Cursed Key","Potion Belt","Juzu Bracelet"],"acts_visited":["Exordium","TheCity","TheBeyond"],"potions_floor_usage":[16,16,24,24,24,33,40,42,42],"damage_taken":[{"damage":1.0,"enemies":"Small Slimes","floor":1.0,"turns":4.0},{"damage":5.0,"enemies":"Cultist","floor":2.0,"turns":4.0},{"damage":8.0,"enemies":"Jaw Worm","floor":3.0,"turns":4.0},{"damage":50.0,"enemies":"Exordium Thugs","floor":5.0,"turns":8.0},{"damage":13.0,"enemies":"Gremlin Nob","floor":6.0,"turns":3.0},{"damage":5.0,"enemies":"3 Louse","floor":10.0,"turns":2.0},{"damage":10.0,"enemies":"2 Fungi Beasts","floor":11.0,"turns":4.0},{"damage":26.0,"enemies":"Lagavulin","floor":12.0,"turns":8.0},{"damage":2,"enemies":"Large Slime","floor":14,"turns":3},{"damage":3,"enemies":"Slime Boss","floor":16,"turns":5},{"damage":43,"enemies":"Spheric Guardian","floor":18,"turns":6},{"damage":17,"enemies":"Chosen","floor":22,"turns":5},{"damage":8,"enemies":"Gremlin Leader","floor":24,"turns":4},{"damage":34,"enemies":"Centurion and Healer","floor":27,"turns":7},{"damage":20,"enemies":"Snake Plant","floor":29,"turns":3},{"damage":13,"enemies":"Shelled Parasite and Fungi","floor":31,"turns":3},{"damage":48,"enemies":"Collector","floor":33,"turns":5},{"damage":29,"enemies":"Orb Walker","floor":35,"turns":5},{"damage":20,"enemies":"3 Darklings","floor":38,"turns":2},{"damage":30,"enemies":"Maw","floor":39,"turns":8},{"damage":42,"enemies":"Nemesis","floor":40,"turns":5},{"damage":38,"enemies":"Spire Growth","floor":41,"turns":5},{"damage":75,"enemies":"Writhing Mass","floor":42,"turns":3}],"seed_played":"-586030316565739888","potions_obtained":[{"floor":1.0,"key":"Energy Potion"},{"floor":4.0,"key":"Strength Potion"},{"floor":4.0,"key":"EssenceOfSteel"},{"floor":5.0,"key":"FearPotion"},{"floor":11.0,"key":"Weak Potion"},{"floor":14,"key":"Regen Potion"},{"floor":16,"key":"SkillPotion"},{"floor":18,"key":"FearPotion"},{"floor":33,"key":"LiquidBronze"},{"floor":35,"key":"Regen Potion"},{"floor":38,"key":"EssenceOfSteel"},{"floor":40,"key":"BloodPotion"}],"is_trial":false,"path_per_floor":["M","M","M","?","M","E","R","?","T","M","M","E","$","M","R","B",null,"M","?","?","?","M","R","E","R","T","M","$","M","?","M","R","B",null,"M","?","$","M","M","E","M","M"],"character_chosen":"IRONCLAD","items_purchased":["Whetstone","Flame Barrier","Armaments","AttackPotion","Strength Potion","Offering","Block Potion","Potion Belt"],"campfire_rested":1,"item_purchase_floors":[13,13,13,13,13,28,28,37],"current_hp_per_floor":[69,74,76,76,38,40,40,40,40,51,52,32,32,36,60,63,80,43,43,43,43,32,32,77,77,77,80,80,72,72,71,71,56,80,57,57,57,71,80,59,27,0,0],"gold":116,"neow_bonus":"THREE_RARE_CARDS","is_daily":false,"chose_seed":false,"campfire_upgraded":4,"win_rate":0.0,"timestamp":1611822195,"path_taken":["M","M","M","?","?","E","R","?","T","M","M","E","$","M","R","BOSS","M","?","?","?","M","R","E","R","T","M","$","M","?","M","R","BOSS","M","?","$","?","M","E","M","M"],"items_purchased_type":["Relic","Card","Card","Potion","Potion","Card","Potion","Relic"],"build_version":"2020-12-22","purchased_purges":1,"victory":false,"max_hp_per_floor":[80,80,80,80,80,80,80,80,80,80,80,80,80,80,80,80,80,80,80,80,80,80,80,80,80,80,80,80,80,80,80,80,80,80,80,80,80,80,80,80,80,80,80],"card_choices":[{"not_picked":["Feed","Exhume"],"picked":"Reaper","floor":0.0},{"not_picked":["Dark Embrace","Sever Soul"],"picked":"Blood for Blood","floor":1.0},{"not_picked":["Second Wind","Sword Boomerang"],"picked":"Warcry","floor":2.0},{"not_picked":["Battle Trance","Anger"],"picked":"Havoc","floor":3.0},{"not_picked":["Thunderclap","Evolve"],"picked":"Ghostly Armor","floor":5.0},{"not_picked":["Rage","Wild Strike"],"picked":"Second Wind","floor":6.0},{"not_picked":["Pummel","Perfected Strike"],"picked":"Headbutt","floor":10.0},{"not_picked":["Limit Break","Wild Strike"],"picked":"Combust","floor":11.0},{"not_picked":["Infernal Blade","Flex"],"picked":"Sentinel","floor":12.0},{"not_picked":["Iron Wave","Body Slam"],"picked":"Spot Weakness","floor":14},{"not_picked":["Corruption","Reaper"],"picked":"Barricade","floor":16},{"not_picked":["Armaments+1","Warcry"],"picked":"True Grit+1","floor":18},{"not_picked":["Reckless Charge","Headbutt"],"picked":"Blood for Blood","floor":22},{"not_picked":["Iron Wave","Sword Boomerang"],"picked":"Rupture","floor":24},{"not_picked":["Headbutt","Body Slam"],"picked":"Combust","floor":27},{"not_picked":["True Grit","Carnage"],"picked":"Rupture+1","floor":29},{"not_picked":["Clash","Heavy Blade+1"],"picked":"Armaments+1","floor":31},{"not_picked":["Immolate","Exhume"],"picked":"Demon Form","floor":33},{"not_picked":["Dropkick","Spot Weakness"],"picked":"Disarm+1","floor":35},{"not_picked":["Pommel Strike","Rage+1","Fire Breathing+1"],"picked":"SKIP","floor":38},{"not_picked":["Wild Strike","Searing Blow+1"],"picked":"Shrug It Off","floor":39},{"not_picked":["Reckless Charge+1","Anger"],"picked":"Dual Wield+1","floor":40},{"not_picked":["Pommel Strike+1","Sentinel+1","Spot Weakness"],"picked":"SKIP","floor":41}],"player_experience":11733,"relics_obtained":[{"floor":6.0,"key":"Gremlin Horn"},{"floor":9.0,"key":"Old Coin"},{"floor":12.0,"key":"Ornamental Fan"},{"floor":24,"key":"Vajra"},{"floor":26,"key":"Art of War"},{"floor":40,"key":"Juzu Bracelet"}],"event_choices":[{"damage_healed":0.0,"max_hp_gain":0.0,"max_hp_loss":0.0,"gold_gain":0.0,"event_name":"The Woman in Blue","player_choice":"Bought 2 Potions","floor":4.0,"gold_loss":0.0,"damage_taken":0.0},{"damage_healed":0.0,"max_hp_gain":0.0,"max_hp_loss":0.0,"gold_gain":0.0,"event_name":"WeMeetAgain","player_choice":"Paid Gold","floor":8.0,"gold_loss":84.0,"damage_taken":0.0,"relics_obtained":["Charon\u0027s Ashes"]},{"damage_healed":0,"gold_gain":0,"player_choice":"Ignored","damage_taken":0,"max_hp_gain":0,"max_hp_loss":0,"event_name":"Cursed Tome","floor":19,"gold_loss":0},{"damage_healed":0,"gold_gain":0,"player_choice":"Obtain J.A.X.","damage_taken":0,"max_hp_gain":0,"max_hp_loss":0,"event_name":"Drug Dealer","floor":20,"gold_loss":0,"cards_obtained":["J.A.X."]},{"cards_removed":["Evolve"],"damage_healed":0,"gold_gain":0,"player_choice":"Elegance","damage_taken":0,"max_hp_gain":0,"max_hp_loss":0,"event_name":"Back to Basics","floor":21,"gold_loss":0},{"damage_healed":0,"gold_gain":0,"player_choice":"Ignored","damage_taken":0,"max_hp_gain":0,"max_hp_loss":0,"event_name":"Vampires","floor":30,"gold_loss":0},{"damage_healed":0,"gold_gain":0,"player_choice":"Upgraded","damage_taken":0,"max_hp_gain":0,"max_hp_loss":0,"event_name":"Upgrade Shrine","floor":36,"gold_loss":0,"cards_upgraded":["Exhume"]}],"is_beta":false,"boss_relics":[{"not_picked":["SacredBark","Runic Cube"],"picked":"Pandora\u0027s Box"},{"not_picked":["Snecko Eye","Runic Pyramid"],"picked":"Cursed Key"}],"items_purged_floors":[13],"is_endless":false,"potions_floor_spawned":[1,5,11,14,16,18,22,33,35,38,40],"killed_by":"Writhing Mass","ascension_level":0}}