{"host":"kiqwdjvbe02g19y1","time":1611838534,"event":{"mods":["BaseMod","BetterRewards","Colored Powertips","Downfall","Googly Eyes","Hubris","Minty Spire (QoL Compilation)","Relic Stats","Spicy Shops","StSLib","everything is the same but u backflip on backflip"],"gold_per_floor":[99,113,98,116,131,148,148,148,165,176,176,189,189,203,220,316,316,316,326,155,169,169,179,202,202,222,60,77,77,77,23,37,142,142,142,154,79,92,92,171,225,225,0,29,29,29,43,63,81,81],"floor_reached":51,"language":"ENG","playtime":11360,"items_purged":["Slimebound:FirmFortitude","Pain","Clumsy"],"score":675,"play_id":"287ca099-0d92-429f-977b-da72a92382d1","local_time":"20210128225534","is_ascension_mode":false,"campfire_choices":[{"data":"Slimebound:Split","floor":1.0,"key":"SMITH"},{"data":"Slimebound:GrowthPunch","floor":8.0,"key":"SMITH"},{"data":"Slimebound:CorrosiveSpit","floor":11.0,"key":"SMITH"},{"data":"Slimebound:LeechLife","floor":18.0,"key":"SMITH"},{"data":"Slimebound:Gluttony","floor":30,"key":"SMITH"},{"floor":35,"key":"RECALL"},{"data":"Slimebound:CheckThePlaybook","floor":42,"key":"SMITH"},{"data":"Slimebound:SamplingLick","floor":45,"key":"SMITH"}],"circlet_count":0,"master_deck":["Slimebound:Tackle","Slimebound:Split+1","Slimebound:CorrosiveSpit+1","Slimebound:Gluttony+1","Slimebound:SlimeTap","Slimebound:GrowthPunch+1","Slimebound:LeechEnergy","Slimebound:RollThrough+1","Slimebound:Prepare","Slimebound:ComboTackle","Slimebound:Schlurp","Slimebound:RainOfGoop","Slimebound:GoopSpray","Slimebound:Chomp","Slimebound:FlameTackle","Slimebound:SamplingLick+1","Parasite","Slimebound:Equalize","Slimebound:GoopSpray+1","Slimebound:Schlurp","Slimebound:CheckThePlaybook+1","Slimebound:SamplingLick+1","Slimebound:MassFeed","Slimebound:SplitBruiser","Slimebound:ViciousTackle","Slimebound:OozeBath","Slimebound:LeechLife","Slimebound:GrowthPunch","Slimebound:SlimeBrawl","Slimebound:SlimeSpikes+1","Slimebound:SpikyOuterGoop+1","Slimebound:Darklings","Slimebound:Schlurp+1"],"relics":["Slimebound:AbsorbEndCombat","HornCleat","Cursed Key","Bag of Marbles","hubris:Icosahedron","Whetstone","ClockworkSouvenir","Slimebound:AggressiveSlimeRelic","Kunai","Pandora\u0027s Box","hubris:Towel","Pen Nib","Eternal Feather"],"acts_visited":["Exordium","TheCity","TheBeyond"],"potions_floor_usage":[50],"damage_taken":[{"damage":1.0,"enemies":"Cultist","floor":2.0,"turns":3.0},{"damage":0.0,"enemies":"downfall:FleeingMerchant","floor":3.0,"turns":4.0},{"damage":3.0,"enemies":"2 Louse","floor":4.0,"turns":3.0},{"damage":9.0,"enemies":"Small Slimes","floor":5.0,"turns":3.0},{"damage":2.0,"enemies":"Blue Slaver","floor":6.0,"turns":4.0},{"damage":3.0,"enemies":"Red Slaver","floor":9.0,"turns":3.0},{"damage":3.0,"enemies":"Lots of Slimes","floor":10.0,"turns":3.0},{"damage":0.0,"enemies":"2 Fungi Beasts","floor":12.0,"turns":3.0},{"damage":0.0,"enemies":"Large Slime","floor":14.0,"turns":5.0},{"damage":6.0,"enemies":"Exordium Wildlife","floor":15.0,"turns":3.0},{"damage":34.0,"enemies":"WA_ARCHETYPE_RETAIN","floor":16.0,"turns":9.0},{"damage":16.0,"enemies":"Chosen","floor":19.0,"turns":5.0},{"damage":0.0,"enemies":"downfall:FleeingMerchant","floor":20.0,"turns":4.0},{"damage":9.0,"enemies":"Shelled Parasite and Fungi","floor":21.0,"turns":7.0},{"damage":17.0,"enemies":"Snecko","floor":23.0,"turns":5.0},{"damage":6,"enemies":"Chosen and Byrds","floor":26,"turns":5},{"damage":0,"enemies":"downfall:FleeingMerchant","floor":27,"turns":4},{"damage":12,"enemies":"Centurion and Healer","floor":28,"turns":4},{"damage":0,"enemies":"downfall:FleeingMerchant","floor":31,"turns":4},{"damage":0,"enemies":"3 Cultists","floor":32,"turns":5},{"damage":50,"enemies":"DF_ARCHETYPE_CLAW","floor":33,"turns":8},{"damage":0,"enemies":"Orb Walker","floor":36,"turns":3},{"damage":3,"enemies":"3 Shapes","floor":38,"turns":3},{"damage":35,"enemies":"Nemesis","floor":44,"turns":5},{"damage":11,"enemies":"Sphere and 2 Shapes","floor":47,"turns":3},{"damage":6,"enemies":"Maw","floor":48,"turns":4},{"damage":23,"enemies":"Transient","floor":49,"turns":5},{"damage":14,"enemies":"SI_POISON_ARCHETYPE","floor":50,"turns":10}],"seed_played":"-8943850127331297268","potions_obtained":[{"floor":2.0,"key":"Fire Potion"},{"floor":5.0,"key":"DuplicationPotion"},{"floor":9.0,"key":"Weak Potion"},{"floor":15.0,"key":"Slimebound:ThreeZeroPotion"},{"floor":19.0,"key":"Dexterity Potion"},{"floor":26,"key":"Slimebound:SlimyTonguePotion"},{"floor":44,"key":"Slimebound:SlimyTonguePotion"}],"is_trial":false,"path_per_floor":["R","M","$","M","M","M","T","R","M","M","R","M","?","M","M","B",null,"R","M","$","M","?","M","T","?","M","$","M","?","R","$","M","B",null,"R","M","$","M","?","?","T","R","$","E","R","?","M","M","M","B",null],"character_chosen":"SLIMEBOUND","items_purchased":["Bag of Marbles","ClockworkSouvenir","Slimebound:AggressiveSlimeRelic","Kunai"],"campfire_rested":0,"item_purchase_floors":[20,27,31,31],"current_hp_per_floor":[71,71,71,70,67,71,71,71,71,68,68,71,71,71,71,37,71,71,55,63,71,71,56,56,35,56,70,67,43,43,63,71,32,71,71,71,71,74,74,74,74,74,74,63,74,74,76,80,58,52],"gold":81,"neow_bonus":"TEN_PERCENT_HP_BONUS","is_daily":false,"chose_seed":false,"campfire_upgraded":7,"win_rate":0.0,"timestamp":1611838534,"path_taken":["R","M","?","M","M","M","T","R","M","M","R","M","?","M","M","BOSS","R","M","$","M","?","M","T","?","?","?","M","?","R","?","M","BOSS","R","M","$","M","?","?","T","R","$","E","R","?","M","M","M","BOSS"],"items_purchased_type":["Relic","Relic","Relic","Relic"],"build_version":"2020-12-22","purchased_purges":3,"victory":true,"max_hp_per_floor":[71,71,71,71,71,71,71,71,71,71,71,71,71,71,71,71,71,71,71,71,71,71,71,71,71,71,71,71,71,71,71,71,71,71,71,71,71,74,74,74,74,74,74,74,74,74,80,80,80,80],"relic_stats":{"counters":[28,123],"Pandora\u0027s Box":["Slimebound:FirmFortitude","Slimebound:SplitBruiser","Slimebound:ViciousTackle","Slimebound:OozeBath","Slimebound:LeechLife","Slimebound:GrowthPunch","Slimebound:SlimeBrawl"],"Eternal Feather":11,"Pen Nib":[5],"Whetstone":["Slimebound:RollThrough","Slimebound:Strike_Slimebound"],"Kunai":[14],"Cursed Key":3,"obtain_stats":[{"Slimebound:AggressiveSlimeRelic":31,"Eternal Feather":44,"Pen Nib":41,"Whetstone":24,"hubris:Towel":39,"Cursed Key":17,"ClockworkSouvenir":27,"HornCleat":7,"hubris:Icosahedron":22,"Pandora\u0027s Box":34,"Slimebound:AbsorbEndCombat":0,"Bag of Marbles":20,"Kunai":31},{"Slimebound:AggressiveSlimeRelic":19,"Eternal Feather":24,"Pen Nib":23,"Whetstone":15,"hubris:Towel":23,"Cursed Key":11,"ClockworkSouvenir":17,"HornCleat":5,"hubris:Icosahedron":14,"Pandora\u0027s Box":21,"Slimebound:AbsorbEndCombat":0,"Bag of Marbles":13,"Kunai":19},{"Slimebound:AggressiveSlimeRelic":79,"Eternal Feather":101,"Pen Nib":96,"Whetstone":62,"hubris:Towel":96,"Cursed Key":42,"ClockworkSouvenir":71,"HornCleat":17,"hubris:Icosahedron":57,"Pandora\u0027s Box":90,"Slimebound:AbsorbEndCombat":0,"Bag of Marbles":50,"Kunai":79}]},"card_choices":[{"not_picked":["Slimebound:ForwardTackle","Slimebound:SlimeSpikes"],"picked":"Slimebound:Gluttony","floor":2.0},{"not_picked":["Slimebound:MegaLick","Slimebound:Prepare"],"picked":"Slimebound:SlimeTap","floor":3.0},{"not_picked":["Slimebound:ComboTackle","Slimebound:LeechingTouch"],"picked":"Slimebound:GrowthPunch","floor":4.0},{"not_picked":["Slimebound:SplitAcid","Slimebound:SamplingLick"],"picked":"Slimebound:LeechEnergy","floor":5.0},{"not_picked":["Slimebound:SamplingLick","Slimebound:ItLooksTasty"],"picked":"Slimebound:RollThrough","floor":6.0},{"not_picked":["Slimebound:LivingWall","Slimebound:GoopTackle"],"picked":"Slimebound:Prepare","floor":9.0},{"not_picked":["Slimebound:MinionMaster","Slimebound:RejuvenatingLick"],"picked":"Slimebound:ComboTackle","floor":10.0},{"not_picked":["Slimebound:ComboTackle","Slimebound:SplitBruiser"],"picked":"Slimebound:Schlurp","floor":12.0},{"not_picked":["Slimebound:FormOfPuddle","Slimebound:SplitAcid"],"picked":"Slimebound:RainOfGoop","floor":14.0},{"not_picked":["Slimebound:SamplingLick","Slimebound:Gluttony"],"picked":"Slimebound:GoopSpray","floor":15.0},{"not_picked":["Slimebound:MinionMaster","Slimebound:PrepareCrush"],"picked":"Slimebound:LeechLife","floor":16.0},{"not_picked":["Slimebound:LeechingTouch","Slimebound:LivingWall+1","Slimebound:PressTheAttack+1"],"picked":"SKIP","floor":19.0},{"not_picked":["Slimebound:PressTheAttack","Slimebound:SlimeSpikes"],"picked":"Slimebound:Chomp","floor":20.0},{"not_picked":["Slimebound:GoopTackle","Slimebound:FormOfPuddle"],"picked":"Slimebound:FlameTackle","floor":21.0},{"not_picked":["Slimebound:LeechEnergy","Slimebound:LeadByExample"],"picked":"Slimebound:SamplingLick+1","floor":23.0},{"not_picked":["Slimebound:FirmFortitude","Slimebound:GrowthPunch"],"picked":"Slimebound:Equalize","floor":26},{"not_picked":["Slimebound:SlimeTap","Slimebound:DisruptingSlam+1"],"picked":"Slimebound:GoopSpray+1","floor":27},{"not_picked":["Slimebound:ItLooksTasty","Slimebound:RollThrough"],"picked":"Slimebound:Schlurp","floor":28},{"not_picked":["Slimebound:ProtectTheBoss","Slimebound:Dissolve","Slimebound:SplitAcid"],"picked":"SKIP","floor":31},{"not_picked":["Slimebound:Schlurp","Slimebound:ItLooksTasty+1"],"picked":"Slimebound:SamplingLick","floor":32},{"not_picked":["Slimebound:LeechLife","Slimebound:FirmFortitude"],"picked":"Slimebound:MassFeed","floor":33},{"not_picked":["Slimebound:Prepare","Slimebound:DisruptingSlam"],"picked":"Slimebound:SlimeSpikes+1","floor":36},{"not_picked":["Slimebound:PressTheAttack","Slimebound:Chomp","Slimebound:LivingWall+1"],"picked":"SKIP","floor":38},{"not_picked":["Slimebound:PrepareCrush","Slimebound:LivingWall+1"],"picked":"Slimebound:SpikyOuterGoop+1","floor":44},{"not_picked":["Slimebound:SplitLeeching+1","Slimebound:Prepare+1"],"picked":"Slimebound:Schlurp+1","floor":47},{"not_picked":["Slimebound:Teamwork","Slimebound:SplitMire","Slimebound:LeechEnergy+1"],"picked":"SKIP","floor":48},{"not_picked":["Slimebound:LeechingTouch","Slimebound:SlimeSpikes+1","Slimebound:RollThrough+1"],"picked":"SKIP","floor":49}],"player_experience":302098,"relics_obtained":[{"floor":7.0,"key":"HornCleat"},{"floor":24.0,"key":"Whetstone"},{"floor":41,"key":"Pen Nib"},{"floor":44,"key":"Eternal Feather"}],"event_choices":[],"is_beta":false,"boss_relics":[{"not_picked":["Black Star","hubris:VirtuousBlindfold"],"picked":"Cursed Key"},{"not_picked":["hubris:CrackedHourglass","Snecko Eye"],"picked":"Pandora\u0027s Box"}],"items_purged_floors":[37,43,43],"is_endless":false,"potions_floor_spawned":[2,5,9,15,19,26,28,36,44],"ascension_level":0}}