{"host":"clf2hd4adhiiw0zf","time":1611818979,"event":{"mods":["AchievementEnabler","BaseMod","Beaked The Cultist","Bestiary","Dark Map","Downfall","Gremlin Mod","Hermit","Jorbs\u0027s Wanderer Trilogy","Marisa????????","Minty Spire (QoL Compilation)","Shop Mod","StSLib","The Cursed","The Servant 0.9.4","Wide Potions"],"gold_per_floor":[99,116,173,173,189,189,243,268,279,79,79,79,114,133,149,247,247,147,247,347,360,193,20,20,20,53,153,165,194,194,194,209,304,304,304,322,322,333,351,351,376,104,104,132,132,160,176,176,188,188,188,220,64,64,64,64],"floor_reached":57,"language":"ENG","playtime":2810,"items_purged":["bronze:Defend","bronze:Strike","downfall:Malfunctioning"],"score":1509,"play_id":"adc6b49b-13c5-4939-b78a-c11a44bff549","local_time":"20210128002939","is_ascension_mode":true,"campfire_choices":[{"floor":1.0,"key":"RECALL"},{"data":"bronze:BugBarrage","floor":10,"key":"SMITH"},{"floor":12,"key":"REST"},{"data":"bronze:SpaghettiCode","floor":18,"key":"SMITH"},{"data":"bronze:DecaBeam","floor":25,"key":"SMITH"},{"data":"bronze:Assembly","floor":30,"key":"SMITH"},{"data":"Clumsy","floor":35,"key":"PURGE"},{"data":"bronze:Turbo","floor":40,"key":"SMITH"},{"data":"bronze:Shell","floor":43,"key":"SMITH"},{"data":"bronze:Strike","floor":54,"key":"PURGE"}],"circlet_count":0,"master_deck":["bronze:Defend","bronze:Replicate","bronze:Goto","bronze:TinkerersToolbox","bronze:BugBarrage+1","bronze:WildBeam+1","bronze:BuggyMess","bronze:Allocate","bronze:BronzeOrb+1","bronze:Iterate+1","bronze:BugBarrage+1","bronze:Flail+1","bronze:Turbo+1","bronze:Assembly+1","bronze:Deprecate","bronze:Iterate+1","bronze:SpaghettiCode+1","bronze:DonuBeam+1","bronze:DecaBeam+1","bronze:OilSpill+1","bronze:BurnOut+1","bronze:BugBarrage+1","bronze:BugBarrage+1","bronze:Shell+1","bronze:WildBeam+1","bronze:BugBarrage+1","bronze:BuggyMess+1","bronze:Mutator","bronze:Shield+1","bronze:ItsAFeature+1","bronze:Shield+1","bronze:MaxOutput+1","bronze:MaxOutput+1","bronze:BuggyMess+1"],"relics":["bronze:BronzeCore","Molten Egg 2","WingedGreaves","downfall:HeartBlessingBlue","downfall:HeartBlessingRed","Prayer Wheel","Cursed Key","downfall:HeartBlessingGreen","Guardian:GemstoneGun","Darkstone Periapt","Bottled Lightning","Lee\u0027s Waffle","Toxic Egg 2","Blood Vial","White Beast Statue","Peace Pipe","SlaversCollar","Art of War","Toy Ornithopter","InkBottle","Gremlin Horn","Letter Opener","Membership Card"],"acts_visited":["Exordium","TheCity","TheBeyond","TheEnding"],"potions_floor_usage":[8,14,19,19,20,56,56,56,56,56],"damage_taken":[{"damage":6.0,"enemies":"Jaw Worm","floor":2.0,"turns":3.0},{"damage":55.0,"enemies":"Gremlin Nob","floor":3.0,"turns":6.0},{"damage":5.0,"enemies":"2 Louse","floor":5.0,"turns":3.0},{"damage":25,"enemies":"Lagavulin","floor":8,"turns":4},{"damage":0,"enemies":"Cultist","floor":9,"turns":3},{"damage":4,"enemies":"3 Sentries","floor":13,"turns":3},{"damage":2,"enemies":"Exordium Wildlife","floor":14,"turns":3},{"damage":0,"enemies":"3 Louse","floor":15,"turns":2},{"damage":8,"enemies":"WA_ARCHETYPE_RETAIN","floor":16,"turns":3},{"damage":21,"enemies":"SI_SHIV_ARCHETYPE","floor":19,"turns":6},{"damage":20,"enemies":"SI_SHIV_ARCHETYPE","floor":20,"turns":4},{"damage":0,"enemies":"Spheric Guardian","floor":21,"turns":2},{"damage":0,"enemies":"downfall:FleeingMerchant","floor":22,"turns":4},{"damage":0,"enemies":"downfall:FleeingMerchant","floor":23,"turns":2},{"damage":0,"enemies":"Gremlin Leader","floor":26,"turns":2},{"damage":14,"enemies":"downfall:LadyInBlue","floor":27,"turns":5},{"damage":0,"enemies":"Snake Plant","floor":28,"turns":1},{"damage":0,"enemies":"Book of Stabbing","floor":29,"turns":2},{"damage":0,"enemies":"Centurion and Healer","floor":32,"turns":2},{"damage":34,"enemies":"DF_ARCHETYPE_CLAW","floor":33,"turns":5},{"damage":0,"enemies":"Orb Walker","floor":36,"turns":1},{"damage":0,"enemies":"3 Shapes","floor":38,"turns":3},{"damage":2,"enemies":"Transient","floor":39,"turns":5},{"damage":25,"enemies":"Reptomancer","floor":44,"turns":4},{"damage":0,"enemies":"Giant Head","floor":46,"turns":2},{"damage":0,"enemies":"Writhing Mass","floor":47,"turns":2},{"damage":0,"enemies":"Jaw Worm Horde","floor":49,"turns":2},{"damage":51,"enemies":"IC_BLOCK_ARCHETYPE","floor":50,"turns":4},{"damage":0,"enemies":"downfall:CharBossMerchant","floor":52,"turns":3},{"damage":34,"enemies":"downfall:NeowBoss","floor":55,"turns":8},{"damage":18,"enemies":"downfall:NeowBossFinal","floor":56,"turns":6}],"seed_played":"1433190472683933772","potions_obtained":[{"floor":3.0,"key":"Strength Potion"},{"floor":13,"key":"Regen Potion"},{"floor":14,"key":"Fruit Juice"},{"floor":15,"key":"champ:CounterPotion"},{"floor":16,"key":"Swift Potion"},{"floor":19,"key":"PowerPotion"},{"floor":20,"key":"Energy Potion"},{"floor":27,"key":"SpeedPotion"},{"floor":27,"key":"Dexterity Potion"},{"floor":27,"key":"FearPotion"},{"floor":27,"key":"DuplicationPotion"},{"floor":46,"key":"EntropicBrew"}],"is_trial":false,"path_per_floor":["R","M","?","?","M","?","T","E","M","R","?","R","E","M","M","B",null,"R","?","?","M","$","$","T","R","E","?","M","E","R","?","M","B",null,"R","M","?","M","M","R","T","$","R","E","?","E","M","?","M","B",null,"E","$","R","B","B",null],"character_chosen":"THE_AUTOMATON","items_purchased":["bronze:Shell","Bottled Lightning","Lee\u0027s Waffle","Toy Ornithopter","Membership Card"],"campfire_rested":1,"item_purchase_floors":[22,23,23,42,53],"current_hp_per_floor":[70,64,9,9,4,27,27,2,2,12,12,36,32,42,42,34,92,92,71,51,51,51,99,105,105,105,91,93,95,95,95,97,65,105,105,105,105,105,103,103,109,109,109,86,86,88,90,90,92,43,111,111,111,111,77,91],"gold":64,"neow_bonus":"ONE_RANDOM_RARE_CARD","is_daily":false,"chose_seed":false,"campfire_upgraded":6,"win_rate":0.0,"timestamp":1611818979,"path_taken":["R","M","?","?","?","?","T","E","M","R","?","R","E","?","M","BOSS","R","?","?","M","$","$","T","R","E","?","?","E","R","?","M","BOSS","R","M","?","M","?","R","T","$","R","E","?","E","?","?","M","BOSS","E","$","R","BOSS","BOSS"],"items_purchased_type":["Card","Relic","Relic","Relic","Relic"],"build_version":"2020-12-22","purchased_purges":3,"victory":true,"max_hp_per_floor":[70,70,70,70,70,70,70,70,70,80,80,80,80,92,92,92,92,92,92,92,92,92,99,105,105,105,105,105,105,105,105,105,105,105,105,105,105,105,105,105,111,111,111,111,111,111,111,111,111,111,111,111,111,111,111,111],"card_choices":[{"not_picked":["bronze:Overheat","bronze:Constructor"],"picked":"bronze:BugBarrage","floor":2.0},{"not_picked":["bronze:DelayedSlice+1","bronze:DelayedGuard"],"picked":"bronze:WildBeam+1","floor":3.0},{"not_picked":["bronze:Safeguard","bronze:CutThrough+1"],"picked":"bronze:Allocate","floor":5.0},{"not_picked":["bronze:Invalidate","bronze:DigitalCarnage+1"],"picked":"bronze:BronzeOrb+1","floor":8},{"not_picked":["bronze:Optimize","bronze:Turbo"],"picked":"bronze:Iterate+1","floor":9},{"not_picked":["bronze:Shield","bronze:GetLatest"],"picked":"bronze:Flail+1","floor":13},{"not_picked":["bronze:WildBeam+1","bronze:Safeguard"],"picked":"bronze:Turbo","floor":14},{"not_picked":["bronze:Invalidate","bronze:BuggyMess"],"picked":"bronze:Assembly","floor":14},{"not_picked":["bronze:Frontload","bronze:CutThrough+1"],"picked":"bronze:Deprecate","floor":15},{"not_picked":["bronze:ForceShield","bronze:BronzeArmor"],"picked":"bronze:Iterate+1","floor":15},{"not_picked":["bronze:InfiniteLoop+1","bronze:CleanCode"],"picked":"bronze:SpaghettiCode","floor":16},{"not_picked":[],"picked":"bronze:DonuBeam","floor":20},{"not_picked":[],"picked":"bronze:DecaBeam","floor":20},{"not_picked":["bronze:FollowUp+1","bronze:Backtrace+1"],"picked":"bronze:OilSpill+1","floor":20},{"not_picked":["bronze:Optimize+1","bronze:BuggyMess"],"picked":"bronze:BurnOut+1","floor":21},{"not_picked":["bronze:GetLatest","bronze:BronzeArmor"],"picked":"bronze:BugBarrage+1","floor":21},{"not_picked":["bronze:DigitalCarnage+1","bronze:Return"],"picked":"bronze:BugBarrage+1","floor":22},{"not_picked":["bronze:ChildClass","bronze:Philosophize"],"picked":"bronze:WildBeam+1","floor":23},{"not_picked":["bronze:Flail+1","bronze:Turbo+1","bronze:Overload+1"],"picked":"SKIP","floor":26},{"not_picked":["bronze:Allocate+1","bronze:Shield+1","bronze:Optimize+1"],"picked":"SKIP","floor":28},{"not_picked":["bronze:GetLatest+1","bronze:Frontload+1","bronze:BitShift+1"],"picked":"SKIP","floor":28},{"not_picked":["bronze:FollowUp+1","bronze:Overload+1","bronze:Boost+1"],"picked":"SKIP","floor":29},{"not_picked":["bronze:ForLoop+1","bronze:BronzeArmor+1"],"picked":"bronze:BugBarrage+1","floor":32},{"not_picked":["bronze:DelayedGuard+1","bronze:Library"],"picked":"bronze:BuggyMess+1","floor":32},{"not_picked":["bronze:Library","bronze:CleanCode"],"picked":"bronze:Mutator","floor":33},{"not_picked":["bronze:Iterate+1","bronze:Fortify+1"],"picked":"bronze:Shield+1","floor":36},{"not_picked":["bronze:Separator+1","bronze:ForLoop+1"],"picked":"bronze:ItsAFeature+1","floor":36},{"not_picked":["bronze:BronzeOrb+1","bronze:Flail+1","bronze:Deprecate+1"],"picked":"SKIP","floor":38},{"not_picked":["bronze:WhirlingStrike+1","bronze:Overload+1","bronze:Format+1"],"picked":"SKIP","floor":38},{"not_picked":["bronze:WhirlingStrike+1","bronze:Iterate+1"],"picked":"bronze:Shield+1","floor":39},{"not_picked":["bronze:Constructor+1","bronze:Overheat+1","bronze:Iterate+1"],"picked":"SKIP","floor":39},{"not_picked":["bronze:Refactor+1","bronze:CutThrough+1","bronze:BitShift+1"],"picked":"SKIP","floor":44},{"not_picked":["bronze:Safeguard+1","bronze:ItsAFeature"],"picked":"bronze:MaxOutput+1","floor":46},{"not_picked":["bronze:CutThrough+1","bronze:ShipIt+1"],"picked":"bronze:MaxOutput+1","floor":47},{"not_picked":["bronze:DelayedGuard+1","bronze:Separator+1"],"picked":"bronze:BuggyMess+1","floor":47},{"not_picked":["bronze:Refactor+1","bronze:Iterate+1","bronze:FineTuning+1"],"picked":"SKIP","floor":49},{"not_picked":["bronze:BronzeArmor+1","bronze:Boost+1","bronze:Branch+1"],"picked":"SKIP","floor":49},{"not_picked":["bronze:DarkDash+1","bronze:DelayedSlice+1","bronze:InfiniteBeams+1"],"picked":"SKIP","floor":52}],"player_experience":143564,"relics_obtained":[{"floor":3.0,"key":"Molten Egg 2"},{"floor":8,"key":"WingedGreaves"},{"floor":13,"key":"Prayer Wheel"},{"floor":19,"key":"Guardian:GemstoneGun"},{"floor":19,"key":"Darkstone Periapt"},{"floor":24,"key":"Toxic Egg 2"},{"floor":26,"key":"Blood Vial"},{"floor":27,"key":"White Beast Statue"},{"floor":29,"key":"Peace Pipe"},{"floor":41,"key":"Art of War"},{"floor":44,"key":"InkBottle"},{"floor":46,"key":"Gremlin Horn"},{"floor":52,"key":"Letter Opener"}],"event_choices":[{"damage_healed":23.0,"max_hp_gain":0.0,"max_hp_loss":0.0,"gold_gain":0.0,"event_name":"Big Fish","player_choice":"Banana","floor":6.0,"gold_loss":0.0,"damage_taken":0.0},{"cards_removed":["bronze:Defend"],"damage_healed":0,"gold_gain":0,"player_choice":"Removed Skill","damage_taken":0,"max_hp_gain":0,"max_hp_loss":0,"event_name":"Falling","floor":48,"gold_loss":0}],"is_beta":false,"boss_relics":[{"not_picked":["Runic Pyramid","Tiny House"],"picked":"Cursed Key"},{"not_picked":["bronze:MakeshiftBattery","Empty Cage"],"picked":"SlaversCollar"}],"items_purged_floors":[22,23,42],"is_endless":false,"potions_floor_spawned":[3,13,14,15,16,19,20,27,28,29,32,33,36,38,39,44,46,47,49,52],"ascension_level":1}}