{"host":"fvux6yoihym3ucic","time":1611801177,"event":{"mods":["BaseMod","Curses Come First","Downfall","Energized Spire","Hermit","Infinite Spire","Minty Spire (QoL Compilation)","Rare Cards Sparkle","Replay The Spire","Spire Arcade","StSLib","The Cursed"],"gold_per_floor":[115,115,115,128,148,148,168,168,168,54,85,85,85,85,85,85,85],"floor_reached":16,"language":"ENG","playtime":378,"items_purged":["Defend_R"],"score":98,"play_id":"7d079a29-c290-4881-be6f-dabd0afd3870","local_time":"20210127213257","is_ascension_mode":false,"campfire_choices":[{"data":"Seeing Red","floor":6,"key":"SMITH"},{"data":"infinitespire:OneForAll","floor":8,"key":"SMITH"},{"data":"Eruption","floor":12,"key":"SMITH"},{"floor":15,"key":"REST"}],"circlet_count":0,"master_deck":["Strike_R","Strike_R","Strike_R","Strike_R","Strike_R","Defend_R","Defend_R","ReplayTheSpireMod:Strike From Hell+1","Eruption+1","Seeing Red+1","infinitespire:OneForAll+1","Heavy Blade+1","Heavy Blade"],"relics":["Replay:M_SmolderingBlood","Chameleon Ring"],"acts_visited":["Exordium"],"potions_floor_usage":[11,16],"damage_taken":[{"damage":13,"enemies":"Jaw Worm","floor":1,"turns":3},{"damage":7,"enemies":"Small Slimes","floor":4,"turns":4},{"damage":0,"enemies":"Cultist","floor":5,"turns":2},{"damage":13,"enemies":"Exordium Wildlife","floor":7,"turns":3},{"damage":8,"enemies":"Gremlin Nob","floor":11,"turns":3},{"damage":69,"enemies":"The Guardian","floor":16,"turns":7}],"seed_played":"1595353856086075203","potions_obtained":[{"floor":4,"key":"Elixir"},{"floor":7,"key":"Strength Potion"},{"floor":11,"key":"LiquidBronze"}],"is_trial":false,"path_per_floor":["M","?","?","M","M","R","M","R","T","$","E","R","?","$","R","B"],"character_chosen":"IRONCLAD","items_purchased":["Heavy Blade+1"],"campfire_rested":1,"item_purchase_floors":[10],"current_hp_per_floor":[73,73,73,66,66,66,53,53,53,53,45,45,45,45,69,0,0],"gold":85,"neow_bonus":"REMOVE_CARD","is_daily":false,"chose_seed":false,"campfire_upgraded":3,"win_rate":0.0,"timestamp":1611801177,"path_taken":["M","?","?","M","?","R","M","R","T","$","E","R","?","$","R","BOSS"],"items_purchased_type":["Card"],"build_version":"2020-12-22","purchased_purges":1,"victory":false,"max_hp_per_floor":[80,80,80,80,80,80,80,80,80,80,80,80,80,80,80,80,80],"card_choices":[{"not_picked":["Thunderclap","ReplayTheSpireMod:Strike From Hell","Clothesline"],"picked":"SKIP","floor":1},{"not_picked":["Thunderclap","Clothesline"],"picked":"ReplayTheSpireMod:Strike From Hell","floor":1},{"not_picked":["FollowUp","ReplayTheSpireMod:Corrosion Curse","True Grit"],"picked":"SKIP","floor":4},{"not_picked":["Armaments","Battle Trance"],"picked":"Seeing Red","floor":5},{"not_picked":["Tantrum","ReachHeaven"],"picked":"infinitespire:OneForAll","floor":7},{"not_picked":["Armaments","Shockwave"],"picked":"Heavy Blade","floor":11}],"player_experience":29903,"relics_obtained":[{"floor":11,"key":"Chameleon Ring"}],"event_choices":[{"damage_healed":0,"gold_gain":0,"player_choice":"Grow","damage_taken":0,"max_hp_gain":0,"max_hp_loss":0,"event_name":"Living Wall","floor":2,"gold_loss":0,"cards_upgraded":["ReplayTheSpireMod:Strike From Hell"]}],"is_beta":false,"boss_relics":[],"items_purged_floors":[10],"is_endless":false,"potions_floor_spawned":[4,7,11],"killed_by":"The Guardian","ascension_level":0}}