{"host":"takgv9cv6xf64vhq","time":1611865371,"event":{"mods":["BaseMod","Colored Powertips","Downfall","Hubris","LagranYue(拉格朗・月)","Marisa（F雨　魔理沙）","Minty Spire (QoL Compilation)","Replay The Spire","StSLib","The Animator","The Cursed","The Jungle","TheHeartMod"],"gold_per_floor":[118,137,148,148,159,194,194,119,119,151,151,151,178,196,196,326,326,342,342,342,342,492,492,525,539,563,598,95,199,219,233,233,358,358,377,377,224,245,260,298,13,13,13,73,108,108,108,121,121,121,121,121,13,51,51],"floor_reached":56,"language":"ZHS","playtime":3627,"items_purged":["Strike_B"],"score":1698,"play_id":"bad4dda1-51e0-4f67-a1c7-3e8058ffbb0f","local_time":"20210129042251","is_ascension_mode":true,"campfire_choices":[{"data":"Gash","floor":7.0,"key":"SMITH"},{"data":"Self Repair","floor":11.0,"key":"SMITH"},{"data":"Buffer","floor":23.0,"key":"SMITH"},{"floor":32.0,"key":"DIG"},{"floor":42.0,"key":"RECALL"},{"data":"Creative AI","floor":46.0,"key":"SMITH"},{"data":"ReplayUltimateDefense","floor":49.0,"key":"SMITH"},{"data":"Machine Learning","floor":52.0,"key":"SMITH"}],"circlet_count":0,"master_deck":["Coolheaded","Gash+1","Ball Lightning","Self Repair+1","Steam","ReplayTheSpireMod:System Scan","All For One","Hologram","Buffer+1","All For One+1","Gash","Cold Snap+1","theJungle:PetSnecko","Capacitor","Coolheaded","Reinforced Body+1","Leap+1","Glacier","ReplayUltimateDefense+1","Turbo","Cold Snap","Hologram+1","Go for the Eyes","Sweeping Beam","Turbo","Gash+1","Compile Driver","Machine Learning+1","Time Bomb","Self Repair","Steam Power","ReplayTheSpireMod:Omega Cannon","Coolheaded+1","Gash+1","Go for the Eyes","Steam Power+1","Biased Cognition","Panic Button+1","Creative AI+1","Gash+1","Madness","Madness","Steam+1","Steam+1","ReplayRNGCard","Conserve Battery+1","Capacitor","FTL+1"],"relics":["Cracked Core","NeowsBlessing","Happy Flower","Replay:PocketPolymizer","Matryoshka","Nunchaku","Prayer Wheel","Omamori","Golden Idol","hubris:ScarierMask","Ring of Fury","Ring of Hypnosis","theJungle:PaperFaux","ReplayTheSpireMod:Lightbulb","Question Card","Whetstone","Oddly Smooth Stone","Bag of Marbles","Replay:Bottled Steam","Pandora\u0027s Box","Vajra","Replay:Bottled Snecko","TungstenRod","Pet Ghost","StrikeDummy","Calipers","Pondfish Scales","Torii"],"acts_visited":["Exordium","Exordium","TheBeyond","TheEnding"],"potions_floor_usage":[55,55,55],"damage_taken":[{"damage":0.0,"enemies":"Cultist","floor":1.0,"turns":1.0},{"damage":0.0,"enemies":"2 Louse","floor":2.0,"turns":1.0},{"damage":0.0,"enemies":"Jaw Worm","floor":3.0,"turns":1.0},{"damage":5.0,"enemies":"Exordium Thugs","floor":5.0,"turns":3.0},{"damage":28.0,"enemies":"3 Sentries","floor":6.0,"turns":6.0},{"damage":9.0,"enemies":"Gremlin Nob","floor":10.0,"turns":3.0},{"damage":32.0,"enemies":"Lagavulin","floor":13.0,"turns":6.0},{"damage":0.0,"enemies":"2 Fungi Beasts","floor":14.0,"turns":3.0},{"damage":14.0,"enemies":"Hexaghost","floor":16.0,"turns":10.0},{"damage":0.0,"enemies":"theJungle:MUSHROOMGANG","floor":18.0,"turns":3.0},{"damage":0.0,"enemies":"theJungle:2_Phrogs","floor":24.0,"turns":4.0},{"damage":0.0,"enemies":"theJungle:GiantWrat","floor":25.0,"turns":5.0},{"damage":14.0,"enemies":"theJungle:Cassacara","floor":27.0,"turns":6.0},{"damage":0.0,"enemies":"theJungle:2_Snecko_Cultists","floor":30.0,"turns":2.0},{"damage":0.0,"enemies":"theJungle:Lyon","floor":31.0,"turns":1.0},{"damage":0.0,"enemies":"theJungle:FunGuy","floor":33.0,"turns":10.0},{"damage":0.0,"enemies":"3 Shapes","floor":35.0,"turns":5.0},{"damage":3.0,"enemies":"3 Darklings","floor":38.0,"turns":2.0},{"damage":0.0,"enemies":"Transient","floor":39.0,"turns":5.0},{"damage":0.0,"enemies":"Nemesis","floor":40.0,"turns":5.0},{"damage":0.0,"enemies":"2 Orb Walkers","floor":44.0,"turns":2.0},{"damage":0.0,"enemies":"Reptomancer","floor":45.0,"turns":4.0},{"damage":0.0,"enemies":"Jaw Worm Horde","floor":48.0,"turns":1.0},{"damage":0.0,"enemies":"Donu and Deca","floor":50.0,"turns":11.0},{"damage":0.0,"enemies":"Shield and Spear","floor":54.0,"turns":3.0},{"damage":0,"enemies":"The Heart","floor":55,"turns":7}],"seed_played":"7647548655831825329","potions_obtained":[{"floor":2.0,"key":"Fire Potion"},{"floor":5.0,"key":"Venom Potion"},{"floor":10.0,"key":"Regen Potion"},{"floor":14.0,"key":"ColorlessPotion"},{"floor":25.0,"key":"ColorlessPotion"},{"floor":27.0,"key":"Dexterity Potion"},{"floor":31.0,"key":"PowerPotion"},{"floor":33.0,"key":"Block Potion"},{"floor":38.0,"key":"Reflective Coating"},{"floor":45.0,"key":"Languid Potion"},{"floor":48.0,"key":"Strength Potion"}],"is_trial":false,"path_per_floor":["M","M","M","?","M","E","R","$","T","E","R","?","E","M","R","B",null,"M","?","?","?","?","R","E","M","T","E","$","?","M","M","R","B",null,"M","?","$","M","M","E","$","R","T","?","E","R","?","M","R","B",null,"R","$","E","B",null],"character_chosen":"DEFECT","items_purchased":["Oddly Smooth Stone","ReplayUltimateDefense","Bag of Marbles","Vajra","TungstenRod","Conserve Battery+1","Capacitor"],"campfire_rested":0,"item_purchase_floors":[28,28,28,37,41,53,53],"current_hp_per_floor":[75,75,75,75,70,49,49,49,49,47,47,47,25,35,35,21,69,69,69,69,69,69,69,69,69,69,65,65,65,65,65,65,65,69,69,69,69,66,66,69,69,69,69,69,69,69,61,61,61,68,69,69,69,69,69],"gold":51,"neow_bonus":"THREE_ENEMY_KILL","is_daily":false,"chose_seed":false,"campfire_upgraded":6,"win_rate":0.0,"timestamp":1611865371,"path_taken":["M","M","?","?","?","E","R","?","T","E","R","?","E","M","R","BOSS","M","?","?","?","?","R","E","?","T","E","$","?","M","M","R","BOSS","M","?","$","M","M","E","?","R","T","?","E","R","?","?","R","BOSS","R","$","E","BOSS"],"items_purchased_type":["Relic","Card","Relic","Relic","Relic","Card","Card"],"build_version":"2020-12-22","purchased_purges":1,"victory":true,"max_hp_per_floor":[75,75,75,75,75,75,75,75,75,75,75,75,75,75,69,69,69,69,69,69,69,69,69,69,69,69,69,69,69,69,69,69,69,69,69,69,69,69,69,69,69,69,69,69,69,69,69,69,69,69,69,69,69,69,69],"card_choices":[{"not_picked":["Barrage","Chaos"],"picked":"Coolheaded","floor":1.0},{"not_picked":["Ball Lightning","Compile Driver"],"picked":"Gash","floor":2.0},{"not_picked":["Darkness","Panic Button"],"picked":"Ball Lightning","floor":3.0},{"not_picked":["Stack","Sweeping Beam"],"picked":"Self Repair","floor":5.0},{"not_picked":["Amplify","Barrage"],"picked":"Steam","floor":6.0},{"not_picked":["Sweeping Beam","Go for the Eyes"],"picked":"ReplayTheSpireMod:System Scan","floor":10.0},{"not_picked":["ReplayTheSpireMod:Fabricate Wheel","Capacitor"],"picked":"All For One","floor":13.0},{"not_picked":["Undo","Barrage"],"picked":"Coolheaded","floor":14.0},{"not_picked":["Redo","Stack"],"picked":"Hologram","floor":14.0},{"not_picked":["Mirror Shield","Buffer"],"picked":"All For One","floor":16.0},{"not_picked":["Conserve Battery","Scrape"],"picked":"Gash","floor":18.0},{"not_picked":["Force Field+1","ReplayTheSpireMod:Calculation Training"],"picked":"Cold Snap","floor":18.0},{"not_picked":["Barrage","Storm"],"picked":"Coolheaded","floor":24.0},{"not_picked":["Barrage","Ball Lightning"],"picked":"Reinforced Body+1","floor":25.0},{"not_picked":["Streamline","Biased Cognition"],"picked":"Leap+1","floor":25.0},{"not_picked":["Melter","Static Discharge","Tempest"],"picked":"Glacier","floor":27.0},{"not_picked":["Cold Snap+1","BasicCrystalCard","Steam"],"picked":"Turbo","floor":29.0},{"not_picked":["Tempest","Streamline","Hello World"],"picked":"Cold Snap","floor":29.0},{"not_picked":["Stack","White Noise","Conserve Battery"],"picked":"Hologram+1","floor":29.0},{"not_picked":["Leap","hubris:DoWhile","Tempest"],"picked":"Go for the Eyes","floor":30.0},{"not_picked":["Loop","Reprogram","Genetic Algorithm"],"picked":"Sweeping Beam","floor":30.0},{"not_picked":["ReplaySort","Scrape","Streamline"],"picked":"Turbo","floor":31.0},{"not_picked":["Steam Power","Compile Driver+1","Turbo"],"picked":"Gash+1","floor":31.0},{"not_picked":["Multi-Cast","Core Surge","hubris:DoWhile"],"picked":"Machine Learning","floor":33.0},{"not_picked":["Compile Driver","Rebound","ReplaySolidLightProjector"],"picked":"Coolheaded+1","floor":35.0},{"not_picked":["Stack+1","Leap+1","Barrage+1"],"picked":"Gash+1","floor":35.0},{"not_picked":["Barrage+1","Tempest","ReplayGash"],"picked":"Go for the Eyes","floor":38.0},{"not_picked":["Tempest+1","Defragment+1","Compile Driver"],"picked":"Steam Power+1","floor":38.0},{"not_picked":["Steam","Barrage","Coolheaded+1"],"picked":"Biased Cognition","floor":39.0},{"not_picked":["Time Bomb","Sweeping Beam","ReplayTheSpireMod:GoodbyeWorld+1","Cold Snap+1"],"picked":"SKIP","floor":39.0},{"not_picked":["Rip and Tear","Hologram+1","Rainbow"],"picked":"Panic Button+1","floor":40.0},{"not_picked":["Conserve Battery","Panic Button+1","Sweeping Beam"],"picked":"Gash+1","floor":44.0},{"not_picked":["ReplayGash","ReplayTheSpireMod:Omega Cannon","Cold Snap","Melter"],"picked":"SKIP","floor":45.0},{"not_picked":["Scrape","Force Field+1","Leap+1"],"picked":"Steam+1","floor":48.0},{"not_picked":["Ball Lightning","Fusion+1","Compile Driver+1"],"picked":"Steam+1","floor":48.0},{"not_picked":["Hyperbeam","Rebound+1","Coolheaded+1"],"picked":"FTL+1","floor":54.0}],"player_experience":177821,"relics_obtained":[{"floor":4.0,"key":"Happy Flower"},{"floor":6.0,"key":"Replay:PocketPolymizer"},{"floor":9.0,"key":"Matryoshka"},{"floor":10.0,"key":"Nunchaku"},{"floor":13.0,"key":"Omamori"},{"floor":19.0,"key":"Ring of Fury"},{"floor":19.0,"key":"Ring of Hypnosis"},{"floor":24.0,"key":"ReplayTheSpireMod:Lightbulb"},{"floor":26.0,"key":"Question Card"},{"floor":27.0,"key":"Whetstone"},{"floor":32.0,"key":"Replay:Bottled Steam"},{"floor":40.0,"key":"Replay:Bottled Snecko"},{"floor":43.0,"key":"Pet Ghost"},{"floor":43.0,"key":"StrikeDummy"},{"floor":44.0,"key":"Calipers"},{"floor":45.0,"key":"Pondfish Scales"},{"floor":54.0,"key":"Torii"}],"event_choices":[{"damage_healed":0.0,"max_hp_gain":0.0,"max_hp_loss":0.0,"gold_gain":0.0,"event_name":"Wheel of Change","player_choice":"Relic","floor":4.0,"gold_loss":0.0,"damage_taken":0.0},{"damage_healed":0.0,"max_hp_gain":0.0,"max_hp_loss":6.0,"gold_gain":0.0,"event_name":"Golden Idol","player_choice":"Lose Max HP","floor":15.0,"gold_loss":0.0,"damage_taken":0.0,"relics_obtained":["Golden Idol"]},{"cards_removed":["Zap"],"damage_healed":0.0,"max_hp_gain":0.0,"max_hp_loss":0.0,"gold_gain":0.0,"event_name":"Wheel of Change","player_choice":"Card Removal","floor":36.0,"gold_loss":0.0,"damage_taken":0.0},{"damage_healed":0.0,"max_hp_gain":0.0,"max_hp_loss":0.0,"gold_gain":0.0,"event_name":"Mysterious Sphere","player_choice":"Fight","floor":44.0,"gold_loss":0.0,"damage_taken":0.0},{"damage_healed":0.0,"max_hp_gain":0.0,"max_hp_loss":0.0,"gold_gain":0.0,"event_name":"Winding Halls","player_choice":"Embrace Madness","floor":47.0,"gold_loss":0.0,"damage_taken":9.0,"cards_obtained":["Madness","Madness"]}],"is_beta":false,"boss_relics":[{"not_picked":["hubris:HollowSoul","Inserter"],"picked":"hubris:ScarierMask"},{"not_picked":["hubris:BlackHole","SacredBark"],"picked":"Pandora\u0027s Box"}],"items_purged_floors":[8],"is_endless":false,"potions_floor_spawned":[2,5,10,14,25,27,30,31,33,38,45,48],"ascension_level":1}}