{"host":"o1scrl1hgy598kuq","time":1611813347,"event":{"mods":["BaseMod","Colored Map","Colored Powertips","Minty Spire (QoL Compilation)","Remilia??????","Replay The Spire","Shop Mod","StSLib","The Jungle","The Marked","The Servant 0.9.4"],"gold_per_floor":[117,133,133,143,157,157,192,192,219,230,257,267,279,57,57,158,158,171,96,50,50,63,63,94,94,94],"floor_reached":25,"language":"ENG","playtime":1395,"items_purged":["Defend_S"],"score":395,"play_id":"bb6868f7-daa4-403c-929a-f4f1c37e5294","local_time":"20210127235547","is_ascension_mode":true,"campfire_choices":[{"data":"Luminosity","floor":6,"key":"SMITH"},{"data":"MurderousAura","floor":8,"key":"SMITH"},{"data":"Barrier","floor":15,"key":"SMITH"},{"data":"Luminosity","floor":23,"key":"SMITH"}],"circlet_count":0,"master_deck":["Strike_S","Strike_S","Strike_S","Strike_S","Defend_S","Defend_S","KidneyShot+1","Exchange","Luminosity+1","Misdirection","Barrier+1","MurderousAura+1","Sabotage","FastForward","FlawlessForm","Luminosity+1","BottledTime"],"relics":["Uniform","Replay:Ringing Soul","Blue Candle","Oddly Smooth Stone","Pantograph","MerchantsRug","SacredBark","Nilry\u0027s Codex","Nunchaku"],"acts_visited":["Exordium","TheCity"],"potions_floor_usage":[7,16,16,24],"damage_taken":[{"damage":0,"enemies":"Cultist","floor":1,"turns":4},{"damage":6,"enemies":"Jaw Worm","floor":2,"turns":3},{"damage":1,"enemies":"Small Slimes","floor":4,"turns":4},{"damage":13,"enemies":"3 Louse","floor":5,"turns":4},{"damage":0,"enemies":"Lagavulin","floor":7,"turns":9},{"damage":0,"enemies":"Looter","floor":10,"turns":4},{"damage":13,"enemies":"3 Sentries","floor":11,"turns":9},{"damage":6,"enemies":"Blue Slaver","floor":12,"turns":3},{"damage":1,"enemies":"Exordium Thugs","floor":13,"turns":6},{"damage":0,"enemies":"Fading Forest","floor":16,"turns":11},{"damage":5,"enemies":"3 Byrds","floor":18,"turns":8},{"damage":2,"enemies":"Chosen","floor":22,"turns":7},{"damage":54,"enemies":"Slavers","floor":24,"turns":9},{"damage":13,"enemies":"Centurion and Healer","floor":25,"turns":2}],"seed_played":"1589971532036291512","potions_obtained":[{"floor":2,"key":"Strength Potion"},{"floor":5,"key":"SmokeBomb"},{"floor":11,"key":"Strength Potion"},{"floor":12,"key":"SteroidPotion"},{"floor":13,"key":"GamblersBrew"},{"floor":18,"key":"Elixir"}],"is_trial":false,"path_per_floor":["M","M","T","M","M","R","E","R","T","M","E","M","M","$","R","B",null,"M","?","$","?","M","R","E","M"],"character_chosen":"THE_SERVANT","items_purchased":["MerchantsRug","BottledTime"],"campfire_rested":0,"item_purchase_floors":[14,20],"current_hp_per_floor":[65,59,59,61,51,51,54,54,54,57,47,41,40,40,40,78,83,81,81,84,68,66,66,12,0,0],"gold":94,"neow_bonus":"UPGRADE_CARD","is_daily":false,"chose_seed":false,"campfire_upgraded":4,"win_rate":0.0,"timestamp":1611813347,"path_taken":["M","M","?","M","M","R","E","R","T","M","E","M","M","$","R","BOSS","M","?","$","?","M","R","E","M"],"items_purchased_type":["Relic","Card"],"build_version":"2020-12-22","purchased_purges":1,"victory":false,"max_hp_per_floor":[65,65,65,68,71,71,74,74,74,77,80,80,80,80,80,83,83,86,86,89,89,89,89,89,89,89],"card_choices":[{"not_picked":["DoubleEdge","MoonPhase"],"picked":"Luminosity","floor":1},{"not_picked":["Revamp","ShatteredReality","DoubleEdge"],"picked":"SKIP","floor":2},{"not_picked":["Unruled","DualDimension"],"picked":"Misdirection","floor":4},{"not_picked":["Defy","TimeWarp"],"picked":"Barrier","floor":5},{"not_picked":["FloweringNight","Moondial"],"picked":"MurderousAura","floor":7},{"not_picked":["Gouge","Potential"],"picked":"Sabotage","floor":10},{"not_picked":["Rewind","DoubleEdge"],"picked":"FastForward","floor":11},{"not_picked":["Manipulate","Rearm","SpecialFormula"],"picked":"SKIP","floor":12},{"not_picked":["Spin","Moondial","Advance"],"picked":"SKIP","floor":13},{"not_picked":["SoulSculpture","Solidify"],"picked":"FlawlessForm","floor":16},{"not_picked":["Spin","DoubleEdge+1"],"picked":"Luminosity","floor":18},{"not_picked":["Ricochet","Revamp","DoubleEdge"],"picked":"SKIP","floor":22},{"not_picked":["Ricochet","Revamp","DoubleEdge"],"picked":"SKIP","floor":22},{"not_picked":["Collapse+1","Ricochet","Snipe"],"picked":"SKIP","floor":24}],"player_experience":232167,"relics_obtained":[{"floor":3,"key":"Replay:Ringing Soul"},{"floor":7,"key":"Blue Candle"},{"floor":9,"key":"Oddly Smooth Stone"},{"floor":11,"key":"Pantograph"},{"floor":21,"key":"Nilry\u0027s Codex"},{"floor":24,"key":"Nunchaku"}],"event_choices":[{"cards_removed":["Defend_S"],"damage_healed":0,"gold_gain":0,"player_choice":"Gave Gold","damage_taken":0,"max_hp_gain":0,"max_hp_loss":0,"event_name":"Beggar","floor":19,"gold_loss":75},{"damage_healed":0,"gold_gain":0,"player_choice":"Obtained Book","damage_taken":16,"max_hp_gain":0,"max_hp_loss":0,"event_name":"Cursed Tome","floor":21,"gold_loss":0}],"is_beta":false,"boss_relics":[{"not_picked":["Runic Dome","ChewingGum"],"picked":"SacredBark"}],"items_purged_floors":[14],"is_endless":false,"potions_floor_spawned":[2,5,11,12,13,18],"killed_by":"Centurion and Healer","ascension_level":4}}