{"host":"viepjj0bn20d0lzc","time":1611875432,"event":{"mods":["AchievementEnabler","BaseMod","Better Altar","Better Match","Better Note","Better Sensory Stone","Better Skull","Better Third Choice","Better Vampires","Block Reminder","Colored Map","Colored Powertips","Disable Question Mark Monsters","Downfall","Hermit","Highlight Path","Hubris","Mimic Mod","Minty Spire (QoL Compilation)","Permanent Neow","Practice Mode","Quick Restart","Random Character Button","Rare Cards Sparkle","Relic Sorter","Reliquary","Replay The Spire","StSLib","The Blue Laboratory","The Cursed","The Jungle","The Runesmith","Wandering Minibosses"],"gold_per_floor":[99,119,138,138,138,88,138,154,196,214,233,33,46,46,57,57,57,57],"floor_reached":16,"language":"ENG","playtime":930,"items_purged":[],"score":94,"play_id":"57d7615c-6347-4063-bfe6-bd8ebfabee50","local_time":"20210128171032","is_ascension_mode":false,"campfire_choices":[{"floor":1,"key":"RECALL"},{"data":"champ:AdrenalArmor","floor":12,"key":"SMITH"}],"circlet_count":0,"master_deck":["champ:Strike","champ:Strike","champ:Strike","champ:Strike","champ:Defend","champ:Defend","champ:Defend","champ:Defend","champ:Execute","champ:Taunt","champ:FanOfKnives","champ:EnGarde","Regret","champ:BerserkersShout","champ:ShieldWall","champ:CrownThrow","champ:AdrenalArmor+1","champ:DancingMaster","champ:ShieldSlam","champ:PerfectedStrike","champ:GutPunch"],"relics":["champ:ChampionCrown","reliquary:Stiletto","Sundial","Onion Ring","downfall:HeartBlessingBlue","downfall:HeartBlessingRed","hubris:Towel"],"acts_visited":["Exordium"],"potions_floor_usage":[16],"damage_taken":[{"damage":12,"enemies":"2 Louse","floor":2,"turns":3},{"damage":5,"enemies":"Small Slimes","floor":3,"turns":4},{"damage":24,"enemies":"downfall:FleeingMerchant","floor":6,"turns":4},{"damage":32,"enemies":"Jaw Worm","floor":8,"turns":5},{"damage":5,"enemies":"Blue Slaver","floor":10,"turns":3},{"damage":24,"enemies":"Lots of Slimes","floor":11,"turns":3},{"damage":18,"enemies":"2 Fungi Beasts","floor":13,"turns":2},{"damage":0,"enemies":"Exordium Wildlife","floor":15,"turns":2},{"damage":75,"enemies":"WA_ARCHETYPE_RETAIN","floor":16,"turns":7}],"seed_played":"-8675947453310840039","potions_obtained":[{"floor":2,"key":"blueLaboratory:PhilterOfMotion"},{"floor":10,"key":"Fire Potion"},{"floor":11,"key":"Guardian:BlockOnCardUsePotion"}],"is_trial":false,"path_per_floor":["R","M","M","?","?","$","T","M","?","M","M","R","M","?","M","B"],"character_chosen":"THE_CHAMP","items_purchased":["champ:ShieldWall"],"campfire_rested":0,"item_purchase_floors":[6],"current_hp_per_floor":[90,88,83,83,83,74,74,67,67,62,48,58,50,50,50,0,0,0],"gold":57,"neow_bonus":"RANDOM_COMMON_RELIC","is_daily":false,"chose_seed":false,"campfire_upgraded":1,"win_rate":0.0,"timestamp":1611875432,"path_taken":["R","M","M","?","?","?","T","M","?","M","?","R","M","?","M","BOSS"],"items_purchased_type":["Card"],"build_version":"2020-12-22","purchased_purges":0,"victory":false,"max_hp_per_floor":[90,90,90,90,90,90,90,90,90,90,90,100,100,100,100,100,100,100],"card_choices":[{"not_picked":["champ:BringItOn","champ:StanceDance"],"picked":"champ:FanOfKnives","floor":2},{"not_picked":["champ:PreemptiveStrike","champ:BringItOn"],"picked":"champ:EnGarde","floor":3},{"not_picked":["champ:FanOfKnives","champ:PreciseThrust"],"picked":"champ:BerserkersShout","floor":6},{"not_picked":["champ:SetATrap","champ:PreemptiveStrike"],"picked":"champ:CrownThrow","floor":8},{"not_picked":["champ:GutPunch","champ:DefensiveShout"],"picked":"champ:AdrenalArmor","floor":9},{"not_picked":["champ:AdrenalArmor","champ:TornadoPunch"],"picked":"champ:DancingMaster","floor":9},{"not_picked":["champ:BladeFlurry","champ:HeartStrike"],"picked":"champ:ShieldSlam","floor":10},{"not_picked":["champ:PreciseThrust","champ:FanOfKnives"],"picked":"champ:PerfectedStrike","floor":11},{"not_picked":["champ:CrookedStrike","champ:StrikeOfGenius"],"picked":"champ:GutPunch","floor":13},{"not_picked":["champ:GladiatorStyle","champ:PreciseThrust","champ:AdrenalArmor"],"picked":"SKIP","floor":15}],"player_experience":43350,"relics_obtained":[{"floor":9,"key":"Onion Ring"}],"event_choices":[{"damage_healed":0,"gold_gain":0,"player_choice":"Box","damage_taken":0,"relics_obtained":["Sundial"],"max_hp_gain":0,"max_hp_loss":0,"event_name":"Big Fish","floor":4,"gold_loss":0,"cards_obtained":["Regret"]}],"is_beta":false,"boss_relics":[],"items_purged_floors":[],"is_endless":false,"potions_floor_spawned":[2,10,11,15],"killed_by":"WA_ARCHETYPE_RETAIN","ascension_level":0}}