{"host":"d744ndivyohnro60","time":1611797782,"event":{"mods":["BaseMod","Bestiary","Colored Powertips","Minty Spire (QoL Compilation)","Relic Stats"],"gold_per_floor":[117,129,143,68,20,57,57,84,84,117,159,159,181,200,200,200,200],"floor_reached":16,"language":"ENG","playtime":724,"items_purged":["Strike_B"],"score":127,"play_id":"d71174e6-6efe-46af-a6b2-be1d9fb2bfd6","local_time":"20210127203622","is_ascension_mode":true,"campfire_choices":[{"floor":15,"key":"REST"}],"circlet_count":0,"master_deck":["Strike_B","Strike_B","Strike_B","Defend_B","Defend_B","Defend_B","Defend_B","Zap","Dualcast","Skim","Cold Snap","Turbo","Hologram","Cold Snap","Conserve Battery","Sweeping Beam","Chill"],"relics":["Cracked Core","NeowsBlessing","CeramicFish","Juzu Bracelet","The Courier","Odd Mushroom","Kunai"],"acts_visited":["Exordium"],"potions_floor_usage":[6,6,10,11],"damage_taken":[{"damage":0,"enemies":"Cultist","floor":1,"turns":1},{"damage":0,"enemies":"2 Louse","floor":2,"turns":1},{"damage":0,"enemies":"Small Slimes","floor":3,"turns":1},{"damage":38,"enemies":"Lagavulin","floor":6,"turns":7},{"damage":12,"enemies":"The Mushroom Lair","floor":10,"turns":7},{"damage":37,"enemies":"Gremlin Nob","floor":11,"turns":5},{"damage":4,"enemies":"Blue Slaver","floor":13,"turns":4},{"damage":0,"enemies":"Exordium Wildlife","floor":14,"turns":3},{"damage":33,"enemies":"Hexaghost","floor":16,"turns":14}],"seed_played":"-1862613994222316934","potions_obtained":[{"floor":2,"key":"SkillPotion"},{"floor":3,"key":"DistilledChaos"},{"floor":6,"key":"SneckoOil"},{"floor":10,"key":"PowerPotion"},{"floor":14,"key":"SteroidPotion"}],"is_trial":false,"path_per_floor":["M","M","M","$","?","E","?","T","T","?","E","?","M","M","R","B"],"character_chosen":"DEFECT","items_purchased":[],"campfire_rested":1,"item_purchase_floors":[],"current_hp_per_floor":[75,75,75,75,75,37,62,62,62,50,13,13,9,9,31,0,0],"gold":200,"neow_bonus":"THREE_ENEMY_KILL","is_daily":false,"chose_seed":false,"campfire_upgraded":0,"win_rate":0.0,"timestamp":1611797782,"path_taken":["M","M","?","$","?","E","?","?","T","?","E","?","M","M","R","BOSS"],"items_purchased_type":[],"build_version":"2020-12-22","purchased_purges":1,"victory":false,"max_hp_per_floor":[75,75,75,75,75,75,75,75,75,75,75,75,75,75,75,75,75],"relic_stats":{"counters":[9,43],"CeramicFish":45,"Juzu Bracelet":1,"Kunai":[2],"obtain_stats":[{"NeowsBlessing":0,"CeramicFish":6,"The Courier":9,"Juzu Bracelet":8,"Kunai":11,"Odd Mushroom":10,"Cracked Core":0},{"NeowsBlessing":0,"CeramicFish":4,"The Courier":4,"Juzu Bracelet":4,"Kunai":6,"Odd Mushroom":5,"Cracked Core":0},{"NeowsBlessing":0,"CeramicFish":10,"The Courier":10,"Juzu Bracelet":10,"Kunai":22,"Odd Mushroom":17,"Cracked Core":0}]},"card_choices":[{"not_picked":["Cold Snap","Rip and Tear"],"picked":"Skim","floor":1},{"not_picked":["White Noise","Heatsinks"],"picked":"Cold Snap","floor":2},{"not_picked":["Compile Driver","Barrage"],"picked":"Turbo","floor":3},{"not_picked":["Storm","Heatsinks"],"picked":"Hologram","floor":6},{"not_picked":["Conserve Battery","Hologram"],"picked":"Cold Snap","floor":10},{"not_picked":["Scrape","Ball Lightning"],"picked":"Conserve Battery","floor":11},{"not_picked":["Gash","Lockon"],"picked":"Sweeping Beam","floor":13},{"not_picked":["Skim","Compile Driver"],"picked":"Chill","floor":14}],"player_experience":153489,"relics_obtained":[{"floor":6,"key":"CeramicFish"},{"floor":8,"key":"Juzu Bracelet"},{"floor":9,"key":"The Courier"},{"floor":10,"key":"Odd Mushroom"},{"floor":11,"key":"Kunai"}],"event_choices":[{"damage_healed":0,"gold_gain":0,"player_choice":"Left Gold","damage_taken":0,"max_hp_gain":0,"max_hp_loss":0,"event_name":"World of Goop","floor":5,"gold_loss":48},{"damage_healed":25,"gold_gain":0,"player_choice":"Banana","damage_taken":0,"max_hp_gain":0,"max_hp_loss":0,"event_name":"Big Fish","floor":7,"gold_loss":0},{"damage_healed":0,"gold_gain":0,"player_choice":"Fought Mushrooms","damage_taken":0,"max_hp_gain":0,"max_hp_loss":0,"event_name":"Mushrooms","floor":10,"gold_loss":0},{"damage_healed":0,"gold_gain":0,"player_choice":"Ignored","damage_taken":0,"max_hp_gain":0,"max_hp_loss":0,"event_name":"Golden Wing","floor":12,"gold_loss":0}],"is_beta":false,"boss_relics":[],"items_purged_floors":[4],"is_endless":false,"potions_floor_spawned":[2,3,6,10,14],"killed_by":"Hexaghost","ascension_level":3}}