{"host":"3j2m8n0ywf988fwb","time":1611801185,"event":{"mods":["2.2 Compatiblity","AchievementEnabler","Aspiration","BaseMod","Better Altar","Better Match","Better Note","Better Sensory Stone","Better Skull","Better Third Choice","CCEM2","ChefMod","Colored Map","Colored Powertips","Conspire","Dark Map","Energized Spire","GifTheSpireLib","Halation","Highlight Path","Hubris","Infinite Spire","Jedi Mod","Marked Mod","Mimic Mod","Minty Spire (QoL Compilation)","Monster B Gone","Random Character Button","Relic Filter Mod","Relic Stats","Reliquary","Replay The Spire","Robot Space Explorer","Shop Mod","Somnambulant","StS++","StSLib","Stuff the Spire","The Bug Knight","The Hierophant","The Kombatant","The Runesmith","TheSurvivalist","Unceasing Turn Reminder","Weighted Paths","everything is the same but u backflip on backflip"],"gold_per_floor":[119,132,152,152,163,195,212,212,235,270,270,306,306,16,16,16,16],"floor_reached":16,"language":"ENG","playtime":637,"items_purged":[],"score":144,"play_id":"d5764a9e-948f-4872-ae1d-d732d8bc5975","local_time":"20210127203305","is_ascension_mode":true,"campfire_choices":[{"data":"Pummel","floor":8,"key":"SMITH"},{"data":"Carnage","floor":13,"key":"SMITH"},{"data":"Gash","floor":15,"key":"SMITH"},{"data":"Anger","floor":15,"key":"SMITH"}],"circlet_count":0,"master_deck":["Strike_R","Strike_R","Strike_R","Strike_R","Strike_R","Defend_R","Defend_R+1","Defend_R","Defend_R+1","Bash+1","Pummel+1","Carnage+1","Twin Strike","Self Repair+1","Gash+1","Anger+1","Injury"],"relics":["Iron Core","Akabeko","jedi:cryingmask","reliquary:ExpiredCoupon","Golden Idol","War Paint","Replay:Arrowhead"],"acts_visited":["Exordium"],"potions_floor_usage":[5,12],"damage_taken":[{"damage":14,"enemies":"2 Louse","floor":1,"turns":3},{"damage":7,"enemies":"Jaw Worm","floor":2,"turns":3},{"damage":1,"enemies":"Cultist","floor":3,"turns":3},{"damage":23,"enemies":"Gremlin Gang","floor":5,"turns":5},{"damage":31,"enemies":"Replay:BlueRogue","floor":6,"turns":5},{"damage":17,"enemies":"Large Slime","floor":7,"turns":6},{"damage":8,"enemies":"Gremlin Nob","floor":10,"turns":3},{"damage":7,"enemies":"HollowMod:MossKnight","floor":12,"turns":8},{"damage":32,"enemies":"Slime Boss","floor":16,"turns":7}],"seed_played":"-4550101365252903396","potions_obtained":[{"floor":2,"key":"SteroidPotion"},{"floor":3,"key":"jedi:StrikingPotion"},{"floor":5,"key":"Block Potion"},{"floor":7,"key":"Dexterity Potion"}],"is_trial":false,"path_per_floor":["M","M","M","?","M","E","M","R","T","E","?","E","R","$","R","B"],"character_chosen":"IRONCLAD","items_purchased":["Replay:Arrowhead"],"campfire_rested":0,"item_purchase_floors":[14],"current_hp_per_floor":[72,71,76,76,63,42,35,35,35,27,27,30,30,30,30,0,0],"gold":16,"neow_bonus":"RANDOM_EVENT","is_daily":false,"chose_seed":false,"campfire_upgraded":4,"win_rate":0.0,"timestamp":1611801185,"path_taken":["M","M","M","?","M","E","M","R","T","E","?","E","R","$","R","BOSS"],"items_purchased_type":["Relic"],"build_version":"2020-12-22","purchased_purges":0,"victory":false,"max_hp_per_floor":[80,80,80,80,80,80,80,80,80,80,80,80,80,80,80,80,80],"relic_stats":{"counters":[9,43],"Golden Idol":7,"War Paint":["Defend_R","Defend_R"],"obtain_stats":[{"reliquary:ExpiredCoupon":10,"Iron Core":4,"Golden Idol":11,"jedi:cryingmask":9,"War Paint":12,"Burning Blood":0,"Akabeko":6,"Replay:Arrowhead":14},{"reliquary:ExpiredCoupon":7,"Iron Core":3,"Golden Idol":7,"jedi:cryingmask":6,"War Paint":8,"Burning Blood":0,"Akabeko":5,"Replay:Arrowhead":8},{"reliquary:ExpiredCoupon":28,"Iron Core":9,"Golden Idol":28,"jedi:cryingmask":25,"War Paint":36,"Burning Blood":0,"Akabeko":19,"Replay:Arrowhead":36}]},"card_choices":[{"not_picked":["Power Through","Headbutt"],"picked":"Pummel","floor":1},{"not_picked":["StSpp:Sprint","StuffTheSpire:Incineration"],"picked":"Carnage","floor":2},{"not_picked":["Cleave","Warcry"],"picked":"Twin Strike","floor":3},{"not_picked":["Cold Snap","ReplayTheSpireMod:Strike From Hell"],"picked":"Gash","floor":5},{"not_picked":["StSpp:Sprint","Sever Soul","Immolate"],"picked":"SKIP","floor":6},{"not_picked":["Intimidate","Headbutt","Clothesline"],"picked":"SKIP","floor":7},{"not_picked":["Clash","StSpp:Succumb"],"picked":"Anger","floor":10},{"not_picked":["Run Through","Capacitor","jedi:controlledanger"],"picked":"SKIP","floor":12}],"player_experience":990052,"relics_obtained":[{"floor":6,"key":"Akabeko"},{"floor":9,"key":"jedi:cryingmask"},{"floor":10,"key":"reliquary:ExpiredCoupon"},{"floor":12,"key":"War Paint"}],"event_choices":[{"damage_healed":0,"gold_gain":0,"player_choice":"Grow","damage_taken":0,"max_hp_gain":0,"max_hp_loss":0,"event_name":"Living Wall","floor":0,"gold_loss":0,"cards_upgraded":["Bash"]},{"damage_healed":0,"gold_gain":0,"player_choice":"Take Wound","damage_taken":0,"relics_obtained":["Golden Idol"],"max_hp_gain":0,"max_hp_loss":0,"event_name":"Golden Idol","floor":11,"gold_loss":0,"cards_obtained":["Injury"]}],"is_beta":false,"boss_relics":[],"items_purged_floors":[],"is_endless":false,"potions_floor_spawned":[2,3,5,7],"killed_by":"Slime Boss","ascension_level":4}}