{"host":"jhy70w0yh8dayqay","time":1611858110,"event":{"mods":["AchievementEnabler","BaseMod","Colored Map","Colored Powertips","DeckTracker","Minty Spire (QoL Compilation)","Permanent Neow","SuperFastMode"],"gold_per_floor":[18,31,47,47,65,65,95,95,95,121,136,154,154,171,171,271,271,281,281,309,340,137,137,172,182,182,182,202,202,212,243,243,342,342,359,377,377,389,167,167,177,177,248,274,320,349,349,373,373,373],"floor_reached":51,"language":"KOR","playtime":2313,"items_purged":["Strike_R","Defend_R"],"score":1197,"play_id":"248cb35b-9d2b-4aee-9473-ae3b3816460d","local_time":"20210129032150","is_ascension_mode":true,"campfire_choices":[{"data":"Heavy Blade","floor":6,"key":"SMITH"},{"floor":8,"key":"REST"},{"data":"Sword Boomerang","floor":13,"key":"SMITH"},{"data":"True Grit","floor":15,"key":"SMITH"},{"data":"Heavy Blade","floor":23,"key":"SMITH"},{"floor":27,"key":"REST"},{"floor":32,"key":"DIG"},{"data":"Limit Break","floor":40,"key":"SMITH"},{"floor":42,"key":"DIG"},{"floor":49,"key":"REST"}],"circlet_count":0,"master_deck":["AscendersBane","Defend_R","Demon Form","Feed+1","Heavy Blade+1","Heavy Blade+1","Sword Boomerang","Sword Boomerang+1","Evolve","Shrug It Off","Pommel Strike+1","True Grit+1","Reaper+1","Body Slam+1","Shrug It Off","Power Through","Body Slam+1","True Grit+1","Seeing Red","Exhume","Shockwave","Feel No Pain+1","Limit Break+1","Battle Trance","Dark Shackles","Fire Breathing+1","Wild Strike+1"],"relics":["Burning Blood","Bottled Tornado","Molten Egg 2","The Courier","Velvet Choker","MawBank","Vajra","Art of War","Frozen Egg 2","Shovel","Eternal Feather","Empty Cage","CeramicFish","Gremlin Horn","Mercury Hourglass","Prayer Wheel"],"acts_visited":["Exordium","TheCity","TheBeyond"],"potions_floor_usage":[10,16,21,21,24,25,38,44,48,48,50],"damage_taken":[{"damage":22.0,"enemies":"Small Slimes","floor":1.0,"turns":6.0},{"damage":6.0,"enemies":"Cultist","floor":2.0,"turns":4.0},{"damage":6.0,"enemies":"2 Louse","floor":3.0,"turns":2.0},{"damage":15.0,"enemies":"Large Slime","floor":5.0,"turns":4.0},{"damage":30,"enemies":"3 Sentries","floor":7,"turns":5},{"damage":10,"enemies":"Lagavulin","floor":10,"turns":5},{"damage":6,"enemies":"3 Louse","floor":11,"turns":3},{"damage":18,"enemies":"Red Slaver","floor":12,"turns":4},{"damage":14,"enemies":"Lots of Slimes","floor":14,"turns":5},{"damage":14,"enemies":"The Guardian","floor":16,"turns":7},{"damage":21,"enemies":"3 Byrds","floor":18,"turns":4},{"damage":43,"enemies":"2 Thieves","floor":20,"turns":4},{"damage":22,"enemies":"Snake Plant","floor":21,"turns":4},{"damage":44,"enemies":"Book of Stabbing","floor":24,"turns":5},{"damage":0,"enemies":"Snecko","floor":25,"turns":2},{"damage":4,"enemies":"Cultist and Chosen","floor":28,"turns":5},{"damage":22,"enemies":"3 Cultists","floor":30,"turns":6},{"damage":35,"enemies":"Gremlin Leader","floor":31,"turns":6},{"damage":52,"enemies":"Champ","floor":33,"turns":9},{"damage":41,"enemies":"3 Shapes","floor":35,"turns":5},{"damage":16,"enemies":"Orb Walker","floor":36,"turns":4},{"damage":27,"enemies":"Transient","floor":38,"turns":5},{"damage":19,"enemies":"Spire Growth","floor":41,"turns":4},{"damage":24,"enemies":"Giant Head","floor":44,"turns":6},{"damage":56,"enemies":"2 Orb Walkers","floor":45,"turns":5},{"damage":37,"enemies":"4 Shapes","floor":46,"turns":5},{"damage":62,"enemies":"Writhing Mass","floor":48,"turns":6},{"damage":73,"enemies":"Donu and Deca","floor":50,"turns":7}],"seed_played":"997915602453949659","potions_obtained":[{"floor":1.0,"key":"SpeedPotion"},{"floor":7,"key":"Energy Potion"},{"floor":12,"key":"GamblersBrew"},{"floor":16,"key":"SneckoOil"},{"floor":20,"key":"EssenceOfSteel"},{"floor":21,"key":"Energy Potion"},{"floor":25,"key":"Explosive Potion"},{"floor":33,"key":"ElixirPotion"},{"floor":36,"key":"SkillPotion"},{"floor":41,"key":"Block Potion"},{"floor":45,"key":"Weak Potion"},{"floor":48,"key":"ColorlessPotion"}],"is_trial":false,"path_per_floor":["M","M","M","?","M","R","E","R","T","E","M","M","R","M","R","B",null,"M","?","M","M","$","R","E","M","T","R","M","?","M","E","R","B",null,"M","M","?","M","$","R","M","R","T","E","?","M","?","M","R","B",null],"character_chosen":"IRONCLAD","items_purchased":["Vajra","BloodPotion","Battle Trance","Dark Shackles"],"campfire_rested":3,"item_purchase_floors":[22,22,39,39],"current_hp_per_floor":[59,62,62,62,53,53,29,54,54,54,58,46,46,42,42,34,82,76,76,52,40,40,40,23,29,29,60,72,72,98,98,98,66,99,100,102,102,89,89,104,91,106,106,88,72,69,69,30,81,62],"gold":373,"neow_bonus":"TRANSFORM_TWO_CARDS","is_daily":false,"chose_seed":false,"campfire_upgraded":5,"win_rate":0.0,"timestamp":1611858110,"path_taken":["M","M","M","?","M","R","E","R","T","E","M","M","R","M","R","BOSS","M","?","?","M","$","R","E","M","T","R","?","?","M","E","R","BOSS","M","M","?","M","$","R","M","R","T","E","?","M","?","?","R","BOSS"],"items_purchased_type":["Relic","Potion","Card","Card"],"build_version":"2020-12-22","purchased_purges":2,"victory":true,"max_hp_per_floor":[83,86,86,86,86,86,86,86,86,90,94,94,94,98,98,98,98,98,98,102,106,106,106,106,106,106,106,106,106,110,110,110,110,110,110,114,114,114,114,114,114,114,114,114,114,122,122,122,122,122],"card_choices":[{"not_picked":["Feel No Pain","Pommel Strike"],"picked":"Heavy Blade","floor":1.0},{"not_picked":["Clash","Clothesline"],"picked":"Heavy Blade","floor":2.0},{"not_picked":["Reckless Charge","Flex"],"picked":"Sword Boomerang","floor":3.0},{"not_picked":["Rampage","Clash"],"picked":"Sword Boomerang","floor":5},{"not_picked":["Immolate","Headbutt"],"picked":"Evolve","floor":7},{"not_picked":["Dual Wield","Impervious"],"picked":"Shrug It Off","floor":10},{"not_picked":["Wild Strike+1","Spot Weakness","Havoc"],"picked":"SKIP","floor":11},{"not_picked":["Evolve","Hemokinesis+1"],"picked":"Pommel Strike+1","floor":12},{"not_picked":["Pommel Strike+1","Dark Embrace"],"picked":"True Grit","floor":14},{"not_picked":["Double Tap","Bludgeon+1"],"picked":"Reaper+1","floor":16},{"not_picked":["Headbutt+1","Dark Embrace"],"picked":"Body Slam+1","floor":18},{"not_picked":["Hemokinesis+1","Cleave+1"],"picked":"Shrug It Off","floor":20},{"not_picked":["Entrench+1","Clash+1"],"picked":"Power Through","floor":21},{"not_picked":["Heavy Blade+1","Anger+1","Perfected Strike+1"],"picked":"SKIP","floor":24},{"not_picked":["Dark Embrace+1","Inflame"],"picked":"Body Slam+1","floor":25},{"not_picked":["Spot Weakness+1","Hemokinesis+1"],"picked":"True Grit+1","floor":28},{"not_picked":["Havoc","Perfected Strike+1","Juggernaut+1"],"picked":"SKIP","floor":30},{"not_picked":["Dual Wield+1","Flex"],"picked":"Shockwave","floor":31},{"not_picked":["Body Slam+1","Clash+1"],"picked":"Feel No Pain+1","floor":35},{"not_picked":["Heavy Blade+1","Cleave+1","Pommel Strike+1"],"picked":"SKIP","floor":36},{"not_picked":["Armaments","Twin Strike+1"],"picked":"Limit Break","floor":38},{"not_picked":["Seeing Red","Twin Strike+1","Flex"],"picked":"SKIP","floor":41},{"not_picked":["Rampage+1","Warcry","Twin Strike+1"],"picked":"SKIP","floor":44},{"not_picked":["Sword Boomerang+1","Warcry"],"picked":"Fire Breathing+1","floor":46},{"not_picked":["Sword Boomerang+1","Anger+1","Wild Strike+1"],"picked":"SKIP","floor":46},{"not_picked":["Brutality+1","Dropkick+1"],"picked":"Wild Strike+1","floor":48},{"not_picked":["Heavy Blade+1","Body Slam+1","Twin Strike+1"],"picked":"SKIP","floor":48}],"player_experience":436644,"relics_obtained":[{"floor":7,"key":"Bottled Tornado"},{"floor":9,"key":"Molten Egg 2"},{"floor":10,"key":"The Courier"},{"floor":24,"key":"Art of War"},{"floor":26,"key":"Frozen Egg 2"},{"floor":31,"key":"Shovel"},{"floor":32,"key":"Eternal Feather"},{"floor":42,"key":"CeramicFish"},{"floor":43,"key":"Gremlin Horn"},{"floor":44,"key":"Mercury Hourglass"},{"floor":45,"key":"Prayer Wheel"}],"event_choices":[{"damage_healed":0.0,"max_hp_gain":0.0,"max_hp_loss":0.0,"gold_gain":0.0,"event_name":"Accursed Blacksmith","player_choice":"Forge","floor":4.0,"gold_loss":0.0,"damage_taken":0.0,"cards_upgraded":["Feed"]},{"damage_healed":0,"gold_gain":0,"player_choice":"Gave Potion","damage_taken":0,"relics_obtained":["MawBank"],"max_hp_gain":0,"max_hp_loss":0,"event_name":"WeMeetAgain","floor":19,"gold_loss":0},{"damage_healed":0,"gold_gain":0,"cards_transformed":["Strike_R","Bash"],"player_choice":"Became Test Subject","damage_taken":0,"max_hp_gain":0,"max_hp_loss":0,"event_name":"Drug Dealer","floor":29,"gold_loss":0,"cards_obtained":["Seeing Red","Exhume"]},{"damage_healed":0,"gold_gain":0,"player_choice":"Ignored","damage_taken":0,"max_hp_gain":0,"max_hp_loss":0,"event_name":"Tomb of Lord Red Mask","floor":37,"gold_loss":0},{"damage_healed":0,"gold_gain":0,"player_choice":"Fight","damage_taken":0,"max_hp_gain":0,"max_hp_loss":0,"event_name":"Mysterious Sphere","floor":45,"gold_loss":0},{"cards_removed":["Defend_R"],"damage_healed":0,"gold_gain":0,"player_choice":"Purged","damage_taken":0,"max_hp_gain":0,"max_hp_loss":0,"event_name":"Purifier","floor":47,"gold_loss":0}],"is_beta":false,"boss_relics":[{"not_picked":["Coffee Dripper","SacredBark"],"picked":"Velvet Choker"},{"not_picked":["Cursed Key","Snecko Eye"],"picked":"Empty Cage"}],"items_purged_floors":[22,39],"is_endless":false,"potions_floor_spawned":[1,7,12,16,20,21,25,33,36,41,45,48],"ascension_level":11}}