{"host":"htqwg582tjjtn9p7","time":1611869946,"event":{"mods":["2.2 Compatiblity","AchievementEnabler","Act Like it!","Aspiration","BaseMod","Better Third Choice","Colored Map","Conspire","Curses Come First","Displayed Cursed Tome","Energized Spire","Force Act Four","Fox Events","GifTheSpireLib","Hermit","Highlight Path","JesterMod","Mad Scientist","Minty Spire (QoL Compilation)","Pale of the Ancients","Permanent Neow","Random Character Button","Relic Stats","Replay The Spire","Robot Space Explorer","Somnambulant","Spicy Shops","Spikes Relics","StSLib","Stuff the Spire","The Blue Laboratory","The Bug Knight","The Forsaken","The Gatherer","The Judge","The Jungle","The Marked","The Runesmith","The Servant 0.9.4","Uncapped"],"gold_per_floor":[112,124,136,136,66,99,99,99,99,110,35,63,63,82,82,156,156,170,170,70,80,80,80,107,107,133,158,175,207,207,67,67,144,144,161,161,178,178,191,222,222,236,286,320,320,320,7,18,18,18,36,51,78,124,124,143,143,169,169,169,169],"floor_reached":60,"language":"ENG","playtime":3101,"items_purged":["Strike_G","Strike_G","Clumsy"],"score":1740,"play_id":"a0ab478a-5de7-455f-b24b-9a22419a3a09","local_time":"20210128223906","is_ascension_mode":true,"campfire_choices":[{"floor":8,"key":"REST"},{"data":"Strike_G","floor":15,"key":"PURGE"},{"floor":23,"key":"DIG"},{"floor":25,"key":"DIG"},{"floor":30,"key":"DIG"},{"floor":32,"key":"DIG"},{"floor":41,"key":"DIG"},{"floor":49,"key":"DIG"},{"floor":55,"key":"DIG"},{"floor":57,"key":"DIG"}],"circlet_count":0,"master_deck":["AscendersBane","Strike_G","Defend_G","Defend_G","Defend_G","Defend_G","Defend_G","Survivor","Neutralize","Backflip","Infinite Blades","StuffTheSpire:DoubleShiv","Deflect","Venomology","Underhanded Strike","Dagger Throw","Tactician","Leg Sweep+1","Deflect","Pot Of Greed","Pot Of Greed","A Thousand Cuts+1","Unload","Prepared+1","Acrobatics","Pot Of Greed","Backstab+1","Hidden Blade","Blade Dance","PiercingWail+1"],"relics":["Sandwich","Bag of Preparation","StuffTheSpire:MayFlowers","conspire:Flyswatter","aspiration:SeaSaltIceCream","theForsaken:Lifeblossom","HoveringKite","Shovel","Mercury Hourglass","RollingBoulder","Blue Doll","Toy Ornithopter","Tingsha","Potion Belt","Grinning Jar","Runesmith:Nanobots","conspire:SpecialSausage","Centennial Puzzle","The Courier","Replay:Wax Seal","Darkstone Periapt","aspiration:FetidBarrel","TheAbacus","Akabeko","paleoftheancients:Timepiece","paleoftheancients:KeyRelic","Ice Cream","Gremlin Horn","paleoftheancients:SoulOfTheWokeBloke","Byrd Skull","Bronze Scales","Divine Protection","Happy Flower"],"acts_visited":["Exordium","Exordium","TheBeyond","TheBeyond"],"potions_floor_usage":[16,24,24,27,27,29,39,40,44,48,48,50,50,51,51,60,60,60,60],"damage_taken":[{"damage":0,"enemies":"Cultist","floor":1,"turns":3},{"damage":0,"enemies":"2 Louse","floor":2,"turns":4},{"damage":0,"enemies":"Jaw Worm","floor":3,"turns":5},{"damage":31,"enemies":"Gremlin Nob","floor":6,"turns":5},{"damage":4,"enemies":"Exordium Wildlife","floor":10,"turns":8},{"damage":6,"enemies":"Lagavulin","floor":12,"turns":8},{"damage":2,"enemies":"Exordium Thugs","floor":14,"turns":3},{"damage":18,"enemies":"Fading Forest","floor":16,"turns":11},{"damage":23,"enemies":"theJungle:MUSHROOMGANG","floor":18,"turns":8},{"damage":0,"enemies":"theJungle:GiantWrat","floor":21,"turns":5},{"damage":1,"enemies":"theJungle:2_Phrogs","floor":24,"turns":8},{"damage":0,"enemies":"theJungle:Cassacara","floor":27,"turns":4},{"damage":20,"enemies":"theJungle:Snecko_Cultist_And_Trap","floor":28,"turns":6},{"damage":0,"enemies":"theJungle:MamaSnecko","floor":29,"turns":6},{"damage":1,"enemies":"theJungle:QueenSpyder","floor":33,"turns":11},{"damage":0,"enemies":"3 Shapes","floor":35,"turns":2},{"damage":0,"enemies":"Orb Walker","floor":37,"turns":3},{"damage":4,"enemies":"Maw","floor":39,"turns":9},{"damage":0,"enemies":"Reptomancer","floor":40,"turns":6},{"damage":0,"enemies":"Sphere and 2 Shapes","floor":42,"turns":4},{"damage":9,"enemies":"Giant Head","floor":44,"turns":7},{"damage":22,"enemies":"4 Shapes","floor":48,"turns":2},{"damage":18,"enemies":"Time Eater","floor":50,"turns":15},{"damage":44,"enemies":"Time Eater","floor":51,"turns":10},{"damage":14,"enemies":"Time Eater","floor":52,"turns":6},{"damage":0,"enemies":"conspire:MimicChest","floor":53,"turns":3},{"damage":0,"enemies":"conspire:MimicChest","floor":56,"turns":5},{"damage":216,"enemies":"paleoftheancients:N","floor":60,"turns":12}],"seed_played":"-7088205152004906172","potions_obtained":[{"floor":3,"key":"Elixir"},{"floor":6,"key":"SteroidPotion"},{"floor":19,"key":"EssenceOfSteel"},{"floor":21,"key":"blueLaboratory:NinjaPotion"},{"floor":24,"key":"blueLaboratory:FruitPunch"},{"floor":29,"key":"Swift Potion"},{"floor":35,"key":"CultistPotion"},{"floor":39,"key":"SpeedPotion"},{"floor":52,"key":"Strength Potion"}],"is_trial":false,"path_per_floor":["M","M","M","T","$","E","?","R","T","M","$","E","$","M","R_BF","B",null,"M","?","$","M","?","R","E","R","T","E","M","E","R","$","R","B",null,"M","?","M","?","M","E","R","M","T","E","?","$","$","M","R","B","M","M","?","T","R","M","R","T","?","B"],"character_chosen":"THE_SILENT","items_purchased":["Infinite Blades","A Thousand Cuts","aspiration:FetidBarrel","TheAbacus","blueLaboratory:EmptyBottle"],"campfire_rested":1,"item_purchase_floors":[5,31,47,47,47],"current_hp_per_floor":[59,59,59,59,59,28,28,47,47,49,49,49,49,53,53,47,61,50,50,50,59,45,45,56,56,56,68,54,68,68,68,68,68,68,68,64,68,68,68,68,68,68,68,61,61,61,67,52,52,70,56,64,72,72,72,74,74,74,74,0,0],"gold":169,"neow_bonus":"BOSS_RELIC","is_daily":false,"chose_seed":false,"campfire_upgraded":0,"win_rate":0.0,"timestamp":1611869946,"path_taken":["M","M","M","?","$","E","?","R","T","?","$","E","$","M","R_BF","BOSS","M","?","?","M","?","R","E","R","T","E","M","E","R","$","R","BOSS","M","?","M","?","?","E","R","M","T","E","?","?","$","M","R","BOSS","M","M","?","T","R","M","R","T","?","BOSS"],"items_purchased_type":["Card","Card","Relic","Relic","Potion"],"build_version":"2020-12-22","purchased_purges":3,"victory":false,"max_hp_per_floor":[66,66,66,66,66,66,66,66,66,66,66,66,66,66,66,66,66,66,66,66,66,66,66,66,66,66,68,68,68,68,68,68,68,68,68,68,68,68,68,68,68,68,68,68,68,68,74,74,74,74,74,74,74,74,74,74,74,74,74,74,74],"relic_stats":{"Darkstone Periapt":6,"Gremlin Horn":[28,29],"Happy Flower":[4],"counters":[28,179],"HoveringKite":[91],"Tingsha":[747],"Bag of Preparation":[60],"Mercury Hourglass":[575],"Centennial Puzzle":[21],"Shovel":8,"TheAbacus":[144],"Bronze Scales":[116],"obtain_stats":[{"Darkstone Periapt":44,"Ice Cream":50,"Divine Protection":57,"Gremlin Horn":50,"HoveringKite":17,"theForsaken:Lifeblossom":12,"Blue Doll":25,"conspire:SpecialSausage":34,"Bag of Preparation":4,"Centennial Puzzle":38,"Shovel":22,"TheAbacus":47,"RollingBoulder":24,"Replay:Wax Seal":43,"Byrd Skull":53,"Ring of the Snake":0,"Potion Belt":29,"Runesmith:Nanobots":32,"paleoftheancients:KeyRelic":50,"Happy Flower":58,"aspiration:FetidBarrel":47,"Tingsha":27,"The Courier":41,"aspiration:SeaSaltIceCream":12,"Akabeko":49,"Mercury Hourglass":23,"Sandwich":0,"paleoftheancients:Timepiece":50,"StuffTheSpire:MayFlowers":6,"paleoftheancients:SoulOfTheWokeBloke":51,"Bronze Scales":55,"Grinning Jar":30,"Toy Ornithopter":26,"conspire:Flyswatter":9},{"Darkstone Periapt":21,"Ice Cream":23,"Divine Protection":27,"Gremlin Horn":23,"HoveringKite":8,"theForsaken:Lifeblossom":6,"Blue Doll":11,"conspire:SpecialSausage":15,"Bag of Preparation":3,"Centennial Puzzle":17,"Shovel":10,"TheAbacus":21,"RollingBoulder":11,"Replay:Wax Seal":20,"Byrd Skull":26,"Ring of the Snake":0,"Potion Belt":14,"Runesmith:Nanobots":14,"paleoftheancients:KeyRelic":23,"Happy Flower":27,"aspiration:FetidBarrel":21,"Tingsha":12,"The Courier":19,"aspiration:SeaSaltIceCream":6,"Akabeko":22,"Mercury Hourglass":10,"Sandwich":0,"paleoftheancients:Timepiece":23,"StuffTheSpire:MayFlowers":4,"paleoftheancients:SoulOfTheWokeBloke":24,"Bronze Scales":26,"Grinning Jar":14,"Toy Ornithopter":11,"conspire:Flyswatter":4},{"Darkstone Periapt":126,"Ice Cream":143,"Divine Protection":167,"Gremlin Horn":143,"HoveringKite":47,"theForsaken:Lifeblossom":33,"Blue Doll":68,"conspire:SpecialSausage":95,"Bag of Preparation":12,"Centennial Puzzle":100,"Shovel":60,"TheAbacus":126,"RollingBoulder":68,"Replay:Wax Seal":119,"Byrd Skull":162,"Ring of the Snake":0,"Potion Belt":84,"Runesmith:Nanobots":84,"paleoftheancients:KeyRelic":143,"Happy Flower":167,"aspiration:FetidBarrel":126,"Tingsha":72,"The Courier":115,"aspiration:SeaSaltIceCream":33,"Akabeko":128,"Mercury Hourglass":60,"Sandwich":0,"paleoftheancients:Timepiece":143,"StuffTheSpire:MayFlowers":17,"paleoftheancients:SoulOfTheWokeBloke":153,"Bronze Scales":162,"Grinning Jar":84,"Toy Ornithopter":68,"conspire:Flyswatter":17}],"Toy Ornithopter":52},"card_choices":[{"not_picked":["Bane","Pace","Deadly Poison"],"picked":"SKIP","floor":1},{"not_picked":["Bane","Pace","Deadly Poison"],"picked":"SKIP","floor":1},{"not_picked":["Pace","Flying Knee"],"picked":"Backflip","floor":2},{"not_picked":["Accuracy","Outmaneuver","Catalyst"],"picked":"SKIP","floor":3},{"not_picked":["Expertise","Reflex"],"picked":"StuffTheSpire:DoubleShiv","floor":6},{"not_picked":["Slice","Dagger Spray"],"picked":"Deflect","floor":10},{"not_picked":["Riddle With Holes","Bane","StuffTheSpire:Python"],"picked":"SKIP","floor":12},{"not_picked":["StuffTheSpire:Sprint","Backflip","Dagger Spray"],"picked":"SKIP","floor":14},{"not_picked":["Night Terror","Atom Bomb"],"picked":"Venomology","floor":16},{"not_picked":["StuffTheSpire:Injection","Quick Slash","Slice"],"picked":"SKIP","floor":18},{"not_picked":["Outmaneuver","Sucker Punch"],"picked":"Underhanded Strike","floor":21},{"not_picked":["Prepared","Deadly Poison"],"picked":"Dagger Throw","floor":24},{"not_picked":["StuffTheSpire:ReptileScales","Hidden Blade"],"picked":"Tactician","floor":27},{"not_picked":["Outmaneuver","Deadly Poison"],"picked":"Leg Sweep+1","floor":28},{"not_picked":["StuffTheSpire:DoubleShiv","StuffTheSpire:ReptileScales"],"picked":"Deflect","floor":29},{"not_picked":["Atom Bomb","Tools of the Trade"],"picked":"Unload","floor":33},{"not_picked":["Dodge and Roll","Underhanded Strike+1"],"picked":"Prepared+1","floor":35},{"not_picked":["Sucker Punch","Slice","All Out Attack"],"picked":"SKIP","floor":37},{"not_picked":["Dagger Throw+1","Poisoned Stab","Replay:Poison Smokescreen"],"picked":"SKIP","floor":39},{"not_picked":["Dodge and Roll","Escape Plan"],"picked":"Acrobatics","floor":40},{"not_picked":["Outmaneuver","Dodge and Roll","Bouncing Flask"],"picked":"SKIP","floor":42},{"not_picked":["StuffTheSpire:Injection","Distraction","Dagger Throw"],"picked":"SKIP","floor":44},{"not_picked":["Poison Darts","Finisher","StuffTheSpire:Python"],"picked":"SKIP","floor":48},{"not_picked":["Slice","ReplayTheSpireMod:Shiv Toss"],"picked":"Backstab+1","floor":51},{"not_picked":["StuffTheSpire:Python+1","Slice"],"picked":"Hidden Blade","floor":52},{"not_picked":["StuffTheSpire:BumpUp","Underhanded Strike"],"picked":"Blade Dance","floor":53},{"not_picked":["StuffTheSpire:BumpUp","Poisoned Stab"],"picked":"PiercingWail+1","floor":56}],"player_experience":1964956,"relics_obtained":[{"floor":4,"key":"Bag of Preparation"},{"floor":6,"key":"StuffTheSpire:MayFlowers"},{"floor":9,"key":"conspire:Flyswatter"},{"floor":12,"key":"aspiration:SeaSaltIceCream"},{"floor":23,"key":"Mercury Hourglass"},{"floor":24,"key":"RollingBoulder"},{"floor":25,"key":"Blue Doll"},{"floor":26,"key":"Toy Ornithopter"},{"floor":27,"key":"Tingsha"},{"floor":29,"key":"Potion Belt"},{"floor":30,"key":"Grinning Jar"},{"floor":32,"key":"Runesmith:Nanobots"},{"floor":41,"key":"The Courier"},{"floor":43,"key":"Replay:Wax Seal"},{"floor":44,"key":"Darkstone Periapt"},{"floor":49,"key":"Akabeko"},{"floor":51,"key":"paleoftheancients:SoulOfTheWokeBloke"},{"floor":53,"key":"Byrd Skull"},{"floor":55,"key":"Bronze Scales"},{"floor":57,"key":"Divine Protection"},{"floor":58,"key":"Happy Flower"}],"event_choices":[{"cards_removed":["Strike_G"],"damage_healed":0,"gold_gain":0,"player_choice":"Purged","damage_taken":0,"max_hp_gain":0,"max_hp_loss":0,"event_name":"Purifier","floor":7,"gold_loss":0},{"damage_healed":0,"gold_gain":0,"player_choice":"Got Potions","damage_taken":0,"max_hp_gain":0,"max_hp_loss":0,"event_name":"Lab","floor":19,"gold_loss":0},{"damage_healed":0,"gold_gain":0,"player_choice":"Leave","damage_taken":0,"max_hp_gain":0,"max_hp_loss":0,"event_name":"conspire:Investor","floor":36,"gold_loss":0},{"damage_healed":0,"gold_gain":0,"player_choice":"Gave Potion","damage_taken":0,"relics_obtained":["Centennial Puzzle"],"max_hp_gain":0,"max_hp_loss":0,"event_name":"WeMeetAgain","floor":38,"gold_loss":0},{"damage_healed":0,"gold_gain":0,"player_choice":"Upgraded","damage_taken":0,"max_hp_gain":0,"max_hp_loss":0,"event_name":"Upgrade Shrine","floor":45,"gold_loss":0,"cards_upgraded":["A Thousand Cuts"]}],"is_beta":false,"boss_relics":[{"not_picked":["Runic Dome","StuffTheSpire:RunicHypercube"],"picked":"HoveringKite"},{"not_picked":["Busted Crown","aspiration:FutureDiary"],"picked":"conspire:SpecialSausage"}],"items_purged_floors":[11,20,47],"is_endless":false,"potions_floor_spawned":[3,6,12,21,24,28,29,35,39,52],"killed_by":"paleoftheancients:N","ascension_level":15}}