{"host":"lnt5dzsuhru0aonl","time":1611828823,"event":{"mods":["2.2 Compatiblity","BaseMod","Colored Map","Colored Powertips","DeckTracker","Keyboard Shortcuts","Minty Spire (QoL Compilation)","Permanent Neow","Rare Cards Sparkle","StSLib","SuperFastMode","everything is the same but u backflip on backflip"],"gold_per_floor":[119,11,36,54,54,54,54,54,54,84,84,109,139,64,64,139,139,152,152,164,0,0,0,0],"floor_reached":23,"language":"KOR","playtime":421,"items_purged":["Strike_R"],"score":416,"play_id":"9d3a1f25-cc6b-4b85-a9ec-de6f12fb7c46","local_time":"20210128191343","is_ascension_mode":true,"campfire_choices":[{"data":"Armaments","floor":6.0,"key":"SMITH"},{"data":"Bash","floor":8.0,"key":"SMITH"},{"data":"Sentinel","floor":11.0,"key":"SMITH"},{"data":"Feel No Pain","floor":15.0,"key":"SMITH"}],"circlet_count":0,"master_deck":["AscendersBane","Strike_R","Strike_R","Strike_R","Defend_R","Defend_R","Defend_R","Defend_R","Bash+1","Feel No Pain+1","Reckless Charge+1","Sentinel+1","Clothesline+1","Armaments+1","Cleave+1","Feed+1","Burning Pact"],"relics":["Burning Blood","Whetstone","Pocketwatch","PreservedInsect","Molten Egg 2","Fusion Hammer","Turnip","Membership Card"],"acts_visited":["Exordium","TheCity"],"potions_floor_usage":[20],"damage_taken":[{"damage":12.0,"enemies":"Cultist","floor":1.0,"turns":4.0},{"damage":7.0,"enemies":"Small Slimes","floor":4.0,"turns":3.0},{"damage":0.0,"enemies":"Gremlin Nob","floor":13.0,"turns":3.0},{"damage":11.0,"enemies":"Slime Boss","floor":16.0,"turns":6.0},{"damage":26,"enemies":"Spheric Guardian","floor":18,"turns":6},{"damage":19,"enemies":"3 Byrds","floor":20,"turns":8},{"damage":50,"enemies":"Slavers","floor":23,"turns":3}],"seed_played":"3506799093593502845","potions_obtained":[{"floor":1.0,"key":"Strength Potion"},{"floor":18,"key":"ColorlessPotion"}],"is_trial":false,"path_per_floor":["M","$","T","M","$","R","?","R","T","?","R","T","E","$","R","B",null,"M","?","M","$","?","E"],"character_chosen":"IRONCLAD","items_purchased":["Sentinel","Clothesline","Membership Card"],"campfire_rested":0,"item_purchase_floors":[2,2,21],"current_hp_per_floor":[62,62,62,61,61,61,61,61,61,61,61,61,67,67,67,62,72,56,56,47,47,47,0,0],"gold":0,"neow_bonus":"TRANSFORM_CARD","is_daily":false,"chose_seed":false,"campfire_upgraded":4,"win_rate":0.0,"timestamp":1611828823,"path_taken":["M","$","?","M","$","R","?","R","T","?","R","?","E","?","R","BOSS","M","?","?","?","?","E"],"items_purchased_type":["Card","Card","Relic"],"build_version":"2020-12-22","purchased_purges":1,"victory":false,"max_hp_per_floor":[75,75,75,75,75,75,75,75,75,75,75,75,75,75,75,75,75,79,79,83,83,83,83,83],"card_choices":[{"not_picked":["Body Slam","Uppercut"],"picked":"Reckless Charge","floor":1.0},{"not_picked":["Perfected Strike","Rampage"],"picked":"Armaments","floor":4.0},{"not_picked":["Sword Boomerang+1","Thunderclap+1"],"picked":"Cleave+1","floor":13.0},{"not_picked":["Reaper+1","Brutality"],"picked":"Feed+1","floor":16.0},{"not_picked":["Wild Strike+1","Armaments","Clothesline+1"],"picked":"SKIP","floor":18},{"not_picked":["Wild Strike+1","Rage"],"picked":"Burning Pact","floor":20}],"player_experience":778053,"relics_obtained":[{"floor":3.0,"key":"Whetstone"},{"floor":9.0,"key":"Pocketwatch"},{"floor":12.0,"key":"PreservedInsect"},{"floor":13.0,"key":"Molten Egg 2"},{"floor":19,"key":"Turnip"}],"event_choices":[{"damage_healed":0.0,"max_hp_gain":0.0,"max_hp_loss":0.0,"gold_gain":0.0,"event_name":"The Cleric","player_choice":"Leave","floor":7.0,"gold_loss":0.0,"damage_taken":0.0},{"damage_healed":0.0,"max_hp_gain":0.0,"max_hp_loss":0.0,"gold_gain":30.0,"event_name":"Dead Adventurer","player_choice":"Searched \u00271\u0027 times","floor":10.0,"gold_loss":0.0,"damage_taken":0.0},{"damage_healed":0,"gold_gain":0,"player_choice":"Relic","damage_taken":0,"max_hp_gain":0,"max_hp_loss":0,"event_name":"Wheel of Change","floor":19,"gold_loss":0},{"damage_healed":0,"gold_gain":0,"player_choice":"Ignored","damage_taken":0,"max_hp_gain":0,"max_hp_loss":0,"event_name":"Ghosts","floor":22,"gold_loss":0}],"is_beta":false,"boss_relics":[{"not_picked":["Runic Cube","Astrolabe"],"picked":"Fusion Hammer"}],"items_purged_floors":[14],"is_endless":false,"potions_floor_spawned":[1,18],"killed_by":"Slavers","ascension_level":20}}