{"host":"5x08nt64u3vxxcfi","time":1611804565,"event":{"mods":["BaseMod","Minty Spire (QoL Compilation)","StSLib","SuperFastMode"],"gold_per_floor":[114,114,189,18,168,195,70,70,70,103,103,29,39,59,59,134,134,148,165,165,165],"floor_reached":20,"language":"KOR","playtime":389,"items_purged":["Strike_G"],"score":426,"play_id":"12f48e05-47ec-4847-9cd0-108b94c28421","local_time":"20210128122925","is_ascension_mode":true,"campfire_choices":[{"data":"Poisoned Stab","floor":11,"key":"SMITH"},{"data":"Dagger Spray","floor":15,"key":"SMITH"}],"circlet_count":0,"master_deck":["AscendersBane","Strike_G","Strike_G","Strike_G","Defend_G","Defend_G","Defend_G","Defend_G","Defend_G","Survivor","Neutralize+1","Dagger Throw","Expertise","Quick Slash","Poisoned Stab+1","Backstab","Dagger Spray+1","Prepared","After Image","Acrobatics","Infinite Blades"],"relics":["Ring of the Snake","NeowsBlessing","Omamori","Kunai","Oddly Smooth Stone","MealTicket","HoveringKite"],"acts_visited":["Exordium","TheCity"],"potions_floor_usage":[16,20],"damage_taken":[{"damage":0,"enemies":"2 Louse","floor":1,"turns":1},{"damage":0,"enemies":"3 Sentries","floor":6,"turns":2},{"damage":0,"enemies":"Gremlin Nob","floor":10,"turns":1},{"damage":0,"enemies":"Jaw Worm","floor":13,"turns":2},{"damage":0,"enemies":"Cultist","floor":14,"turns":2},{"damage":32,"enemies":"Slime Boss","floor":16,"turns":13},{"damage":32,"enemies":"2 Thieves","floor":18,"turns":4},{"damage":14,"enemies":"Shell Parasite","floor":19,"turns":6},{"damage":12,"enemies":"Centurion and Healer","floor":20,"turns":2}],"seed_played":"-1449347160815460853","potions_obtained":[{"floor":6,"key":"Poison Potion"},{"floor":16,"key":"SpeedPotion"}],"is_trial":false,"path_per_floor":["M","?","?","$","?","E","$","?","T","E","R","$","M","M","R","B",null,"M","M","M"],"character_chosen":"THE_SILENT","items_purchased":["Omamori","Quick Slash","Backstab"],"campfire_rested":0,"item_purchase_floors":[4,7,12],"current_hp_per_floor":[59,52,41,41,41,41,41,41,41,41,41,56,56,56,56,24,56,24,10,0,0],"gold":165,"neow_bonus":"THREE_ENEMY_KILL","is_daily":false,"chose_seed":false,"campfire_upgraded":2,"win_rate":0.0,"timestamp":1611804565,"path_taken":["M","?","?","$","?","E","?","?","T","E","R","$","M","?","R","BOSS","M","M","?"],"items_purchased_type":["Relic","Card","Card"],"build_version":"2020-12-22","purchased_purges":1,"victory":false,"max_hp_per_floor":[66,66,66,66,66,66,66,66,66,66,66,66,66,66,66,66,66,66,66,66,66],"card_choices":[{"not_picked":["Tactician","Acrobatics"],"picked":"Dagger Throw","floor":1},{"not_picked":["Deadly Poison","Flying Knee"],"picked":"Expertise","floor":6},{"not_picked":["Wraith Form v2","Endless Agony"],"picked":"Poisoned Stab","floor":10},{"not_picked":["Crippling Poison","Dodge and Roll"],"picked":"Dagger Spray","floor":13},{"not_picked":["All Out Attack","Grand Finale"],"picked":"Prepared","floor":14},{"not_picked":["Glass Knife","Doppelganger"],"picked":"After Image","floor":16},{"not_picked":["Bane","Outmaneuver"],"picked":"Acrobatics","floor":18},{"not_picked":["Prepared","Cloak And Dagger"],"picked":"Infinite Blades","floor":19}],"player_experience":116436,"relics_obtained":[{"floor":6,"key":"Kunai"},{"floor":9,"key":"Oddly Smooth Stone"},{"floor":10,"key":"MealTicket"}],"event_choices":[{"cards_removed":["Strike_G"],"damage_healed":0,"gold_gain":0,"player_choice":"Card Removal","damage_taken":7,"max_hp_gain":0,"max_hp_loss":0,"event_name":"Golden Wing","floor":2,"gold_loss":0},{"damage_healed":0,"gold_gain":75,"player_choice":"Gather Gold","damage_taken":11,"max_hp_gain":0,"max_hp_loss":0,"event_name":"World of Goop","floor":3,"gold_loss":0},{"damage_healed":0,"gold_gain":150,"player_choice":"AGREE","damage_taken":0,"max_hp_gain":0,"max_hp_loss":0,"event_name":"Liars Game","floor":5,"gold_loss":0,"cards_obtained":["Doubt"]},{"damage_healed":0,"gold_gain":0,"player_choice":"Grow","damage_taken":0,"max_hp_gain":0,"max_hp_loss":0,"event_name":"Living Wall","floor":8,"gold_loss":0,"cards_upgraded":["Neutralize"]}],"is_beta":false,"boss_relics":[{"not_picked":["Velvet Choker","SlaversCollar"],"picked":"HoveringKite"}],"items_purged_floors":[7],"is_endless":false,"potions_floor_spawned":[6,16],"killed_by":"Centurion and Healer","ascension_level":17}}