{"host":"zwezhz46a5cjkxff","time":1611837701,"event":{"mods":["AchievementEnabler","BaseMod","Colored Map","Colored Powertips","DeckTracker","Hermit","Marisa????????","Minty Spire (QoL Compilation)","Permanent Neow","Quick Restart","Rare Cards Sparkle","Relic Stats","Robot Space Explorer","StSLib","SuperFastMode","The Hierophant","The Servant 0.9.4","Weighted Paths","slay the spire mod where everything is the same but ironclad has a cowboy hat"],"gold_per_floor":[112,122,197,209,209,237,237,265,343,368,368,401,401,366,366,497,497,516,529,549,549,567,603,603,528,528,566,589,608,646,362,362,488,488,508,529,542,567,152,152,187,203,203,536,536,536,536,572,572,572,572,572,5,36,36,36],"floor_reached":55,"language":"ENG","playtime":2702,"items_purged":["Defend_R","Defend_R"],"score":985,"play_id":"707ab7e9-bf94-4185-b83e-bc5df4f384a3","local_time":"20210128064141","is_ascension_mode":true,"campfire_choices":[{"floor":7,"key":"RECALL"},{"data":"Bash","floor":11,"key":"SMITH"},{"data":"Armaments","floor":15,"key":"SMITH"},{"data":"Uppercut","floor":24,"key":"SMITH"},{"floor":32,"key":"DIG"},{"floor":40,"key":"DIG"},{"data":"Demon Form","floor":46,"key":"SMITH"},{"floor":49,"key":"DIG"},{"floor":52,"key":"DIG"}],"circlet_count":0,"master_deck":["Defend_R","Bash+1","Iron Wave+1","Flame Barrier","Heavy Blade","Armaments+1","Reaper","CurseOfTheBell","Shrug It Off","Shrug It Off+1","Uppercut+1","Body Slam","Inflame","Bite","Bite","Bite","Bite","Bite","Ghostly Armor","Heavy Blade","Bludgeon","Impervious","Disarm","Impervious","Demon Form+1","Warcry+1","Battle Trance","Body Slam+1","Inflame","Feed","Pommel Strike","Shrug It Off+1","Iron Wave+1"],"relics":["Coffee Dripper","Prayer Wheel","Whetstone","Self Forming Clay","FossilizedHelix","Matryoshka","Golden Idol","Calling Bell","Boot","Darkstone Periapt","Du-Vu Doll","Omamori","Dream Catcher","Meat on the Bone","Shovel","Ice Cream","Bag of Preparation","Philosopher\u0027s Stone","Pear","Ginger","Eternal Feather","HornCleat","Old Coin","Sundial","Paper Frog","White Beast Statue","Bronze Scales","Red Skull","ClockworkSouvenir","Anchor"],"acts_visited":["Exordium","TheCity","TheBeyond","TheEnding"],"potions_floor_usage":[6,10,10,16,23,27,30,33,33,41,44,44,50,54,55,55],"damage_taken":[{"damage":2,"enemies":"2 Louse","floor":1,"turns":2},{"damage":2,"enemies":"Small Slimes","floor":2,"turns":3},{"damage":0,"enemies":"Cultist","floor":4,"turns":3},{"damage":21,"enemies":"Gremlin Nob","floor":6,"turns":5},{"damage":27,"enemies":"3 Sentries","floor":8,"turns":12},{"damage":7,"enemies":"Gremlin Nob","floor":10,"turns":3},{"damage":16,"enemies":"Lagavulin","floor":12,"turns":6},{"damage":18,"enemies":"Hexaghost","floor":16,"turns":13},{"damage":10,"enemies":"2 Thieves","floor":18,"turns":5},{"damage":0,"enemies":"Shell Parasite","floor":19,"turns":7},{"damage":13,"enemies":"Sentry and Sphere","floor":20,"turns":8},{"damage":15,"enemies":"Centurion and Healer","floor":22,"turns":6},{"damage":64,"enemies":"Gremlin Leader","floor":23,"turns":10},{"damage":11,"enemies":"Slavers","floor":27,"turns":6},{"damage":7,"enemies":"3 Cultists","floor":28,"turns":7},{"damage":4,"enemies":"Sentry and Sphere","floor":29,"turns":7},{"damage":10,"enemies":"Book of Stabbing","floor":30,"turns":7},{"damage":22,"enemies":"Champ","floor":33,"turns":14},{"damage":0,"enemies":"3 Shapes","floor":35,"turns":3},{"damage":0,"enemies":"Orb Walker","floor":36,"turns":5},{"damage":0,"enemies":"Writhing Mass","floor":37,"turns":6},{"damage":30,"enemies":"Sphere and 2 Shapes","floor":38,"turns":6},{"damage":34,"enemies":"Nemesis","floor":41,"turns":7},{"damage":13,"enemies":"3 Darklings","floor":42,"turns":6},{"damage":84,"enemies":"Reptomancer","floor":44,"turns":7},{"damage":0,"enemies":"Giant Head","floor":48,"turns":6},{"damage":45,"enemies":"Awakened One","floor":50,"turns":9},{"damage":55,"enemies":"Shield and Spear","floor":54,"turns":6},{"damage":50,"enemies":"The Heart","floor":55,"turns":6}],"seed_played":"2051671794392937607","potions_obtained":[{"floor":1,"key":"SkillPotion"},{"floor":8,"key":"Regen Potion"},{"floor":10,"key":"Fruit Juice"},{"floor":12,"key":"ElixirPotion"},{"floor":22,"key":"Fire Potion"},{"floor":23,"key":"PowerPotion"},{"floor":29,"key":"GamblersBrew"},{"floor":30,"key":"LiquidBronze"},{"floor":33,"key":"LiquidBronze"},{"floor":35,"key":"Energy Potion"},{"floor":36,"key":"ColorlessPotion"},{"floor":44,"key":"Swift Potion"},{"floor":48,"key":"Regen Potion"},{"floor":54,"key":"SkillPotion"}],"is_trial":false,"path_per_floor":["M","M","?","M","?","E","R","E","T","E","R","E","?","?","R","B",null,"M","M","M","?","M","E","R","?","T","E","M","M","E","$","R","B",null,"M","M","M","M","$","R","E","M","T","E","?","R","?","E","R","B",null,"R","$","E","B"],"character_chosen":"IRONCLAD","items_purchased":["Impervious","Strength Potion","Pear","Inflame","Bronze Scales","Red Skull","Strength Potion","ClockworkSouvenir","SteroidPotion"],"campfire_rested":0,"item_purchase_floors":[31,31,39,39,53,53,53,53,53],"current_hp_per_floor":[78,76,65,65,58,37,37,10,10,17,17,1,1,20,20,2,79,73,73,60,55,49,13,13,13,13,25,49,50,55,55,55,47,55,55,55,55,29,39,39,41,65,65,13,57,57,57,57,57,36,57,57,57,36,0,0],"gold":36,"neow_bonus":"BOSS_RELIC","is_daily":false,"chose_seed":false,"campfire_upgraded":4,"win_rate":0.0,"timestamp":1611837701,"path_taken":["M","M","?","M","?","E","R","E","T","E","R","E","?","?","R","BOSS","M","M","M","?","M","E","R","?","T","E","M","M","E","$","R","BOSS","M","M","M","M","$","R","E","M","T","E","?","R","?","E","R","BOSS","R","$","E","BOSS"],"items_purchased_type":["Card","Potion","Relic","Card","Relic","Relic","Potion","Relic","Potion"],"build_version":"2020-12-22","purchased_purges":2,"victory":false,"max_hp_per_floor":[80,80,80,80,80,80,80,80,80,85,85,85,79,79,79,79,79,79,79,79,55,55,55,55,55,55,55,55,55,55,55,55,55,55,55,55,55,55,65,65,65,65,65,65,57,57,57,57,57,57,57,57,57,57,57,57],"relic_stats":{"Darkstone Periapt":0,"counters":[29,191],"Self Forming Clay":[195],"Golden Idol":168,"Eternal Feather":0,"Bag of Preparation":[24],"Whetstone":["Strike_R","Iron Wave"],"Ginger":[6],"Boot":[25],"Dream Catcher":0,"Shovel":4,"Sundial":[0],"Bronze Scales":[102],"Prayer Wheel":11,"obtain_stats":[{"Darkstone Periapt":17,"Ice Cream":30,"Bag of Preparation":32,"Whetstone":8,"Ginger":40,"Boot":17,"Burning Blood":0,"Old Coin":44,"ClockworkSouvenir":53,"Dream Catcher":26,"Matryoshka":12,"Shovel":27,"HornCleat":43,"Sundial":48,"Prayer Wheel":6,"Philosopher\u0027s Stone":34,"Red Skull":53,"Paper Frog":49,"Pear":39,"Self Forming Clay":9,"Golden Idol":13,"Eternal Feather":41,"Omamori":23,"White Beast Statue":52,"Calling Bell":17,"Du-Vu Doll":17,"Anchor":54,"Bronze Scales":53,"Coffee Dripper":0,"FossilizedHelix":10,"Meat on the Bone":26},{"Darkstone Periapt":8,"Ice Cream":17,"Bag of Preparation":17,"Whetstone":5,"Ginger":22,"Boot":8,"Burning Blood":0,"Old Coin":25,"ClockworkSouvenir":27,"Dream Catcher":13,"Matryoshka":7,"Shovel":14,"HornCleat":24,"Sundial":26,"Prayer Wheel":4,"Philosopher\u0027s Stone":18,"Red Skull":27,"Paper Frog":26,"Pear":22,"Self Forming Clay":5,"Golden Idol":7,"Eternal Feather":23,"Omamori":13,"White Beast Statue":27,"Calling Bell":8,"Du-Vu Doll":8,"Anchor":28,"Bronze Scales":27,"Coffee Dripper":0,"FossilizedHelix":6,"Meat on the Bone":13},{"Darkstone Periapt":47,"Ice Cream":110,"Bag of Preparation":110,"Whetstone":25,"Ginger":144,"Boot":47,"Burning Blood":0,"Old Coin":164,"ClockworkSouvenir":179,"Dream Catcher":83,"Matryoshka":34,"Shovel":89,"HornCleat":157,"Sundial":170,"Prayer Wheel":13,"Philosopher\u0027s Stone":124,"Red Skull":179,"Paper Frog":170,"Pear":144,"Self Forming Clay":25,"Golden Idol":34,"Eternal Feather":151,"Omamori":83,"White Beast Statue":179,"Calling Bell":47,"Du-Vu Doll":47,"Anchor":185,"Bronze Scales":179,"Coffee Dripper":0,"FossilizedHelix":28,"Meat on the Bone":83}],"Meat on the Bone":36},"card_choices":[{"not_picked":["Intimidate","Twin Strike"],"picked":"Iron Wave","floor":1},{"not_picked":["Warcry","Brutality"],"picked":"Flame Barrier","floor":2},{"not_picked":["Warcry","Headbutt","Dual Wield"],"picked":"SKIP","floor":4},{"not_picked":["Perfected Strike","Anger","Rupture"],"picked":"SKIP","floor":6},{"not_picked":["Seeing Red","Thunderclap"],"picked":"Heavy Blade","floor":8},{"not_picked":["Fire Breathing","Rampage","Clothesline"],"picked":"SKIP","floor":10},{"not_picked":["Spot Weakness","Rage"],"picked":"Armaments","floor":12},{"not_picked":["Corruption","Offering"],"picked":"Reaper","floor":16},{"not_picked":["Rupture","Anger"],"picked":"Shrug It Off","floor":18},{"not_picked":["Cleave","Fiend Fire"],"picked":"Shrug It Off+1","floor":18},{"not_picked":["Pommel Strike","Intimidate"],"picked":"Uppercut","floor":19},{"not_picked":["Flex","Clothesline"],"picked":"Body Slam","floor":19},{"not_picked":["Clothesline","Sword Boomerang"],"picked":"Inflame","floor":20},{"not_picked":["Armaments","Pommel Strike","Infernal Blade"],"picked":"SKIP","floor":20},{"not_picked":["Clash","Body Slam"],"picked":"Ghostly Armor","floor":22},{"not_picked":["Flex","Cleave"],"picked":"Heavy Blade","floor":22},{"not_picked":["Pommel Strike+1","Seeing Red"],"picked":"Bludgeon","floor":23},{"not_picked":["Armaments","Feel No Pain"],"picked":"Impervious","floor":27},{"not_picked":["Warcry","Rage","Fire Breathing"],"picked":"SKIP","floor":28},{"not_picked":["Thunderclap+1","Flex","Dual Wield"],"picked":"SKIP","floor":28},{"not_picked":["True Grit","Headbutt"],"picked":"Disarm","floor":29},{"not_picked":["Warcry","Cleave+1","Clash"],"picked":"SKIP","floor":29},{"not_picked":["Burning Pact","Body Slam","True Grit"],"picked":"SKIP","floor":30},{"not_picked":["Impervious","Berserk"],"picked":"Demon Form","floor":33},{"not_picked":["Burning Pact+1","Anger","Infernal Blade+1"],"picked":"SKIP","floor":35},{"not_picked":["Bloodletting","Hemokinesis","Carnage"],"picked":"SKIP","floor":35},{"not_picked":["Flex","Clothesline"],"picked":"Warcry+1","floor":36},{"not_picked":["Second Wind+1","Warcry","True Grit"],"picked":"SKIP","floor":36},{"not_picked":["Clothesline+1","Armaments"],"picked":"Battle Trance","floor":37},{"not_picked":["Flex+1","Pummel+1","Body Slam"],"picked":"SKIP","floor":37},{"not_picked":["Battle Trance+1","Clash+1"],"picked":"Body Slam+1","floor":38},{"not_picked":["Burning Pact+1","Body Slam","Anger"],"picked":"SKIP","floor":38},{"not_picked":["True Grit","Anger","Flex+1"],"picked":"SKIP","floor":41},{"not_picked":["Power Through","Clash"],"picked":"Feed","floor":42},{"not_picked":["Rage+1","Clash"],"picked":"Pommel Strike","floor":42},{"not_picked":["Warcry+1","Body Slam"],"picked":"Shrug It Off+1","floor":44},{"not_picked":["Clothesline","Seeing Red","Headbutt"],"picked":"SKIP","floor":48},{"not_picked":["Sword Boomerang+1","Dual Wield+1"],"picked":"Iron Wave+1","floor":54}],"player_experience":37596,"relics_obtained":[{"floor":6,"key":"Prayer Wheel"},{"floor":8,"key":"Whetstone"},{"floor":9,"key":"Self Forming Clay"},{"floor":10,"key":"FossilizedHelix"},{"floor":12,"key":"Matryoshka"},{"floor":17,"key":"Boot"},{"floor":17,"key":"Darkstone Periapt"},{"floor":17,"key":"Du-Vu Doll"},{"floor":23,"key":"Omamori"},{"floor":26,"key":"Dream Catcher"},{"floor":26,"key":"Meat on the Bone"},{"floor":27,"key":"Shovel"},{"floor":30,"key":"Ice Cream"},{"floor":32,"key":"Bag of Preparation"},{"floor":40,"key":"Ginger"},{"floor":41,"key":"Eternal Feather"},{"floor":43,"key":"HornCleat"},{"floor":44,"key":"Old Coin"},{"floor":48,"key":"Sundial"},{"floor":49,"key":"Paper Frog"},{"floor":52,"key":"White Beast Statue"},{"floor":54,"key":"Anchor"}],"event_choices":[{"damage_healed":0,"gold_gain":75,"player_choice":"Gather Gold","damage_taken":11,"max_hp_gain":0,"max_hp_loss":0,"event_name":"World of Goop","floor":3,"gold_loss":0},{"cards_removed":["Strike_R"],"damage_healed":0,"gold_gain":0,"player_choice":"Card Removal","damage_taken":7,"max_hp_gain":0,"max_hp_loss":0,"event_name":"Golden Wing","floor":5,"gold_loss":0},{"damage_healed":0,"gold_gain":0,"player_choice":"Lose Max HP","damage_taken":0,"relics_obtained":["Golden Idol"],"max_hp_gain":0,"max_hp_loss":6,"event_name":"Golden Idol","floor":13,"gold_loss":0},{"damage_healed":19,"gold_gain":0,"player_choice":"Healed","damage_taken":0,"max_hp_gain":0,"max_hp_loss":0,"event_name":"The Cleric","floor":14,"gold_loss":35},{"damage_healed":0,"gold_gain":0,"player_choice":"Became a vampire","damage_taken":0,"max_hp_gain":0,"max_hp_loss":24,"event_name":"Vampires","floor":21,"gold_loss":0,"cards_obtained":["Bite","Bite","Bite","Bite","Bite"]},{"cards_removed":["Defend_R"],"damage_healed":0,"gold_gain":0,"player_choice":"Gave Gold","damage_taken":0,"max_hp_gain":0,"max_hp_loss":0,"event_name":"Beggar","floor":25,"gold_loss":75},{"damage_healed":57,"gold_gain":0,"player_choice":"Heal","damage_taken":0,"max_hp_gain":0,"max_hp_loss":8,"event_name":"The Moai Head","floor":45,"gold_loss":0},{"damage_healed":0,"gold_gain":0,"player_choice":"Memory 1","damage_taken":0,"max_hp_gain":0,"max_hp_loss":0,"event_name":"SensoryStone","floor":47,"gold_loss":0}],"is_beta":false,"boss_relics":[{"not_picked":["Empty Cage","Tiny House"],"picked":"Calling Bell"},{"not_picked":["Runic Cube","Black Star"],"picked":"Philosopher\u0027s Stone"}],"items_purged_floors":[31,39],"is_endless":false,"potions_floor_spawned":[1,8,10,12,22,23,29,30,33,35,36,44,48,54],"killed_by":"The Heart","ascension_level":1}}