{"host":"sav7uxregyirlf69","time":1611834616,"event":{"mods":["AchievementEnabler","BaseMod","Colored Map","DeckTracker","Keyboard Shortcuts","Minty Spire (QoL Compilation)","READ ME - Guardian Mod","StSLib","SuperFastMode"],"gold_per_floor":[13,28,46,65,85,110,128,139,139,139,104,104,104,29,49,49,49,49],"floor_reached":17,"language":"KOR","playtime":293,"items_purged":["Strike_G"],"score":222,"play_id":"716961fb-130b-4164-88a5-a3b7a864828d","local_time":"20210128205016","is_ascension_mode":true,"campfire_choices":[{"data":"Choke","floor":12.0,"key":"SMITH"},{"data":"Caltrops","floor":16,"key":"SMITH"}],"circlet_count":0,"master_deck":["AscendersBane","Strike_G","Strike_G","Strike_G","Strike_G","Defend_G","Defend_G","Defend_G","Defend_G","Defend_G","Survivor","Neutralize","Choke+1","Bouncing Flask","Bane","Caltrops+1","Dagger Spray","PiercingWail","Masterful Stab"],"relics":["Ring of the Snake","Thread and Needle","Toy Ornithopter"],"acts_visited":["Exordium"],"potions_floor_usage":[17,17],"damage_taken":[{"damage":0.0,"enemies":"Cultist","floor":1.0,"turns":4.0},{"damage":3.0,"enemies":"Jaw Worm","floor":2.0,"turns":4.0},{"damage":5.0,"enemies":"2 Louse","floor":3.0,"turns":3.0},{"damage":13.0,"enemies":"Large Slime","floor":4.0,"turns":9.0},{"damage":2.0,"enemies":"Looter","floor":5.0,"turns":4.0},{"damage":11.0,"enemies":"Lagavulin","floor":6.0,"turns":6.0},{"damage":4.0,"enemies":"Blue Slaver","floor":7.0,"turns":4.0},{"damage":8.0,"enemies":"Exordium Thugs","floor":8.0,"turns":6.0},{"damage":0,"enemies":"Looter","floor":15,"turns":3},{"damage":39,"enemies":"Hexaghost","floor":17,"turns":7}],"seed_played":"5875196483922187831","potions_obtained":[{"floor":1.0,"key":"Ancient Potion"},{"floor":5.0,"key":"ColorlessPotion"},{"floor":6.0,"key":"Energy Potion"},{"floor":7.0,"key":"LiquidBronze"}],"is_trial":false,"path_per_floor":["M","M","M","M","M","E","M","M","T","?","?","R","?","$","M","R","B"],"character_chosen":"THE_SILENT","items_purchased":[],"campfire_rested":0,"item_purchase_floors":[],"current_hp_per_floor":[59,56,51,38,36,25,21,13,13,13,29,29,29,29,29,29,0,0],"gold":49,"neow_bonus":"ONE_RARE_RELIC","is_daily":false,"chose_seed":false,"campfire_upgraded":2,"win_rate":0.0,"timestamp":1611834616,"path_taken":["M","?","M","M","M","E","M","M","T","?","?","R","?","$","M","R","BOSS"],"items_purchased_type":[],"build_version":"2020-12-22","purchased_purges":1,"victory":false,"max_hp_per_floor":[66,66,66,66,66,66,66,66,66,66,66,66,66,66,66,66,66,66],"card_choices":[{"not_picked":["Acrobatics","Dodge and Roll"],"picked":"Choke","floor":1.0},{"not_picked":["Acrobatics","Distraction"],"picked":"Bouncing Flask","floor":2.0},{"not_picked":["Dodge and Roll","Heel Hook"],"picked":"Bane","floor":3.0},{"not_picked":["Poisoned Stab","Outmaneuver"],"picked":"Caltrops","floor":4.0},{"not_picked":["All Out Attack","Dagger Throw"],"picked":"Dagger Spray","floor":5.0},{"not_picked":["Acrobatics","Flechettes","Deflect"],"picked":"SKIP","floor":6.0},{"not_picked":["Finisher","Infinite Blades"],"picked":"PiercingWail","floor":7.0},{"not_picked":["Predator","Riddle With Holes"],"picked":"Masterful Stab","floor":8.0},{"not_picked":["Dagger Throw","Quick Slash","Sucker Punch"],"picked":"SKIP","floor":15}],"player_experience":1420672,"relics_obtained":[{"floor":6.0,"key":"Toy Ornithopter"}],"event_choices":[{"damage_healed":0.0,"max_hp_gain":0.0,"max_hp_loss":0.0,"gold_gain":0.0,"event_name":"Scrap Ooze","player_choice":"Fled","floor":10.0,"gold_loss":0.0,"damage_taken":0.0},{"damage_healed":16.0,"max_hp_gain":0.0,"max_hp_loss":0.0,"gold_gain":0.0,"event_name":"The Cleric","player_choice":"Healed","floor":11.0,"gold_loss":35.0,"damage_taken":0.0},{"damage_healed":0,"gold_gain":0,"player_choice":"Ignored","damage_taken":0,"max_hp_gain":0,"max_hp_loss":0,"event_name":"Liars Game","floor":13,"gold_loss":0}],"is_beta":false,"boss_relics":[],"items_purged_floors":[14],"is_endless":false,"potions_floor_spawned":[1,5,6,7],"killed_by":"Hexaghost","ascension_level":20}}