{"host":"4jpe1m3cviuzvkch","time":1611831186,"event":{"mods":["BaseMod","Marisa£®ÏF”Í°°ƒß¿Ì…≥£©","Minty Spire (QoL Compilation)","Remilia£®¿Ÿ√◊¿Ú—«£©","StSLib","The Servant 0.9.4","Youmu£®ªÍ∆«—˝√Œ£©"],"gold_per_floor":[99,45,56,56,56,84,98,111,135,154,170,199,199,217,217,315,315,333,258,276,13,0,31,31,65,65,65,79,79,94,94,94,199,199,215,115,135,135,135,164,83,115,160,186,215,227,239,283,295,307],"floor_reached":51,"language":"ZHS","playtime":1337,"items_purged":["Defend_RM","Pride"],"score":1034,"play_id":"887c8dbf-d496-413c-adc5-a087ea0293c9","local_time":"20210128185306","is_ascension_mode":true,"campfire_choices":[{"floor":15.0,"key":"REST"},{"data":"QueenOfMidnight","floor":24.0,"key":"SMITH"},{"data":"Apotheosis","floor":27.0,"key":"SMITH"},{"data":"HunterOfTheNight","floor":32.0,"key":"SMITH"},{"floor":47.0,"key":"RECALL"},{"data":"DemonKingCradle","floor":49.0,"key":"SMITH"}],"circlet_count":0,"master_deck":["Strike_RM","Strike_RM","Strike_RM+1","Defend_RM+1","Defend_RM","RedMoon","ScarletShoot+1","MastersStateliness","BloodHunter+1","QueenOfMidnight+1","BombardNight","SuperhumanBloodyKnife","UltimateOffering","EternalNight","EquivalentExchange","BlasphemousPunishment","Apotheosis+1","HunterOfTheNight+1","BloodAndWine+1","StarOfDavid+1","NightDance","DemonKingCradle+1","RedRainbow+1","BlasphemousPunishment","Madness","Madness","Finesse","NightDance+1","SuperhumanBloodyKnife","BloodAndWine","EmergencyRegeneration+1","VampireSweep+1"],"relics":["ScarletHat","NeowsBlessing","Centennial Puzzle","Boot","Anchor","ScarletEmblem","ScarletDevilRocket","Bronze Scales","PreservedInsect","GreatHeart","Ancient Tea Set","Philosopher\u0027s Stone","Whetstone","Potion Belt","Lantern","MawBank","Letter Opener"],"acts_visited":["Exordium","TheCity","TheBeyond"],"potions_floor_usage":[50,50,50],"damage_taken":[{"damage":0.0,"enemies":"Cultist","floor":1.0,"turns":1.0},{"damage":0.0,"enemies":"2 Louse","floor":3.0,"turns":1.0},{"damage":0.0,"enemies":"3 Sentries","floor":6.0,"turns":2.0},{"damage":0.0,"enemies":"Jaw Worm","floor":7.0,"turns":4.0},{"damage":14.0,"enemies":"Gremlin Gang","floor":8.0,"turns":5.0},{"damage":5.0,"enemies":"2 Fungi Beasts","floor":10.0,"turns":2.0},{"damage":0.0,"enemies":"Exordium Thugs","floor":11.0,"turns":4.0},{"damage":8.0,"enemies":"Lagavulin","floor":12.0,"turns":5.0},{"damage":0.0,"enemies":"Looter","floor":14.0,"turns":2.0},{"damage":25.0,"enemies":"Slime Boss","floor":16.0,"turns":7.0},{"damage":40.0,"enemies":"Shell Parasite","floor":18.0,"turns":3.0},{"damage":40.0,"enemies":"3 Byrds","floor":20.0,"turns":2.0},{"damage":40.0,"enemies":"Gremlin Leader","floor":23.0,"turns":2.0},{"damage":62.0,"enemies":"Book of Stabbing","floor":25.0,"turns":4.0},{"damage":38.0,"enemies":"Sentry and Sphere","floor":28.0,"turns":1.0},{"damage":40.0,"enemies":"Snake Plant","floor":30.0,"turns":2.0},{"damage":70.0,"enemies":"Collector","floor":33.0,"turns":4.0},{"damage":43.0,"enemies":"Orb Walker","floor":35.0,"turns":2.0},{"damage":40.0,"enemies":"3 Shapes","floor":37.0,"turns":1.0},{"damage":20.0,"enemies":"Nemesis","floor":40.0,"turns":2.0},{"damage":64.0,"enemies":"Giant Head","floor":42.0,"turns":5.0},{"damage":60.0,"enemies":"Nemesis","floor":44.0,"turns":2.0},{"damage":46.0,"enemies":"3 Darklings","floor":45.0,"turns":3.0},{"damage":50.0,"enemies":"Reptomancer","floor":48.0,"turns":2.0},{"damage":163,"enemies":"Awakened One","floor":50,"turns":6}],"seed_played":"-6416137241479553057","potions_obtained":[{"floor":3.0,"key":"AttackPotion"},{"floor":7.0,"key":"Energy Potion"},{"floor":11.0,"key":"Ancient Potion"},{"floor":13.0,"key":"Fruit Juice"},{"floor":13.0,"key":"CultistPotion"},{"floor":13.0,"key":"Energy Potion"},{"floor":16.0,"key":"Block Potion"},{"floor":18.0,"key":"Weak Potion"},{"floor":25.0,"key":"Regen Potion"},{"floor":28.0,"key":"Ancient Potion"},{"floor":33.0,"key":"EssenceOfSteel"},{"floor":44.0,"key":"EssenceOfSteel"},{"floor":45.0,"key":"LiquidBronze"},{"floor":48.0,"key":"AttackPotion"}],"is_trial":false,"path_per_floor":["M","$","M","?","?","E","M","M","T","M","M","E","?","M","R","B",null,"M","?","M","$","?","E","R","E","T","R","M","?","M","T","R","B",null,"M","$","M","?","?","E","$","E","T","E","M","$","R","E","R","B",null],"character_chosen":"REMILIA","items_purchased":["MastersStateliness","Apotheosis","SuperhumanBloodyKnife"],"campfire_rested":1,"item_purchase_floors":[2,21,41],"current_hp_per_floor":[75,75,75,60,53,53,53,39,39,34,35,35,40,40,64,66,80,80,80,80,80,80,80,80,78,78,78,78,78,80,80,80,74,80,80,80,80,70,70,74,74,80,80,70,80,80,80,80,80,80],"gold":319,"neow_bonus":"THREE_ENEMY_KILL","is_daily":false,"chose_seed":false,"campfire_upgraded":4,"win_rate":0.0,"timestamp":1611831186,"path_taken":["M","$","M","?","?","E","M","M","T","?","?","E","?","M","R","BOSS","M","?","M","$","?","E","R","E","T","R","?","?","M","?","R","BOSS","M","$","?","?","?","E","?","E","T","E","?","$","R","E","R","BOSS"],"items_purchased_type":["Card","Card","Card"],"build_version":"2020-12-22","purchased_purges":2,"victory":true,"max_hp_per_floor":[75,75,75,75,75,75,75,75,75,75,75,75,80,80,80,80,80,80,80,80,80,80,80,80,80,80,80,80,80,80,80,80,80,80,80,80,80,80,80,80,80,80,80,80,80,80,80,80,80,80],"card_choices":[{"not_picked":["BombardNight","StarOfDavid","MillenniumVampire"],"picked":"SKIP","floor":1.0},{"not_picked":["VampireKiss","FavorOfDestiny"],"picked":"BloodHunter","floor":3.0},{"not_picked":["VampireKiss","UnderTheZenith"],"picked":"QueenOfMidnight","floor":6.0},{"not_picked":["NightLord","ForbiddenFruit","ScarletDevilSign"],"picked":"SKIP","floor":7.0},{"not_picked":["ScarletNetherworld","CharismaGuard"],"picked":"BombardNight","floor":8.0},{"not_picked":["ScarletDream","ScarletDevil"],"picked":"SuperhumanBloodyKnife","floor":10.0},{"not_picked":["DevilSight","ScarletGensokyo","DiffusionOfMisfortune"],"picked":"SKIP","floor":11.0},{"not_picked":["UnstableMagic","MastersStateliness"],"picked":"UltimateOffering","floor":12.0},{"not_picked":["BombardNight","ScarletGensokyo"],"picked":"EternalNight","floor":14.0},{"not_picked":["QueenOfMidnight","BatForm"],"picked":"EquivalentExchange","floor":16.0},{"not_picked":["CharismaGuard","GlobalNightmare"],"picked":"BlasphemousPunishment","floor":18.0},{"not_picked":["MillenniumVampire","ScarletImprint","ScarletDevil+1"],"picked":"SKIP","floor":20.0},{"not_picked":["BloodyMagicSquare","GlobalNightmare+1"],"picked":"HunterOfTheNight","floor":23.0},{"not_picked":["MastersStateliness","StarOfDavid"],"picked":"BloodAndWine+1","floor":25.0},{"not_picked":["ScarletDevil+1","BloodHunter+1"],"picked":"StarOfDavid+1","floor":28.0},{"not_picked":["MastersStateliness","EndlessAdversity"],"picked":"NightDance","floor":30.0},{"not_picked":["BatForm","CurseOfVladTepes"],"picked":"DemonKingCradle","floor":33.0},{"not_picked":["ScarletGensokyo+1","ScarletDevil+1"],"picked":"RedRainbow+1","floor":35.0},{"not_picked":["BombardNight","UnstableMagic+1"],"picked":"BlasphemousPunishment","floor":37.0},{"not_picked":["Bandage Up","Thinking Ahead"],"picked":"Finesse","floor":39.0},{"not_picked":["MiserableFate","BlasphemousPunishment"],"picked":"NightDance+1","floor":40.0},{"not_picked":["ScarletGensokyo+1","FavorOfDestiny+1","BloodyMagicSquare"],"picked":"SKIP","floor":42.0},{"not_picked":["UnstableMagic+1","HellCatastrophe"],"picked":"BloodAndWine","floor":44.0},{"not_picked":["BlasphemousPunishment","FavorOfDestiny"],"picked":"EmergencyRegeneration+1","floor":45.0},{"not_picked":["CharismaGuard+1","FavorOfDestiny"],"picked":"VampireSweep+1","floor":48.0}],"player_experience":311108,"relics_obtained":[{"floor":6.0,"key":"Centennial Puzzle"},{"floor":9.0,"key":"Boot"},{"floor":12.0,"key":"Anchor"},{"floor":23.0,"key":"ScarletDevilRocket"},{"floor":25.0,"key":"Bronze Scales"},{"floor":26.0,"key":"PreservedInsect"},{"floor":31.0,"key":"Ancient Tea Set"},{"floor":40.0,"key":"Whetstone"},{"floor":42.0,"key":"Potion Belt"},{"floor":43.0,"key":"Lantern"},{"floor":44.0,"key":"MawBank"},{"floor":48.0,"key":"Letter Opener"}],"event_choices":[{"damage_healed":0.0,"max_hp_gain":0.0,"max_hp_loss":0.0,"gold_gain":0.0,"event_name":"Shining Light","player_choice":"Entered Light","floor":4.0,"gold_loss":0.0,"damage_taken":15.0,"cards_upgraded":["Defend_RM","BloodHunter"]},{"cards_removed":["Strike_RM"],"damage_healed":0.0,"max_hp_gain":0.0,"max_hp_loss":0.0,"gold_gain":0.0,"event_name":"Golden Wing","player_choice":"Card Removal","floor":5.0,"gold_loss":0.0,"damage_taken":7.0},{"damage_healed":0.0,"max_hp_gain":0.0,"max_hp_loss":0.0,"gold_gain":0.0,"event_name":"Lab","player_choice":"Got Potions","floor":13.0,"gold_loss":0.0,"damage_taken":0.0},{"cards_removed":["Defend_RM"],"damage_healed":0.0,"max_hp_gain":0.0,"max_hp_loss":0.0,"gold_gain":0.0,"event_name":"Beggar","player_choice":"Gave Gold","floor":19.0,"gold_loss":75.0,"damage_taken":0.0},{"damage_healed":0.0,"max_hp_gain":0.0,"max_hp_loss":0.0,"gold_gain":0.0,"event_name":"Masked Bandits","player_choice":"Paid Fearfully","floor":22.0,"gold_loss":13.0,"damage_taken":0.0},{"damage_healed":0.0,"max_hp_gain":0.0,"max_hp_loss":0.0,"gold_gain":0.0,"event_name":"Winding Halls","player_choice":"Embrace Madness","floor":38.0,"gold_loss":0.0,"damage_taken":10.0,"cards_obtained":["Madness","Madness"]},{"damage_healed":0.0,"max_hp_gain":0.0,"max_hp_loss":0.0,"gold_gain":0.0,"event_name":"SensoryStone","player_choice":"Memory 1","floor":39.0,"gold_loss":0.0,"damage_taken":0.0}],"is_beta":false,"boss_relics":[{"not_picked":["SacredBark","Black Star"],"picked":"ScarletEmblem"},{"not_picked":["Snecko Eye","Cursed Key"],"picked":"Philosopher\u0027s Stone"}],"items_purged_floors":[21,36],"is_endless":false,"potions_floor_spawned":[3,7,11,16,18,25,28,33,44,45,48],"ascension_level":1}}