{"host":"ojezjkpqju62j8xy","time":1611833671,"event":{"mods":["ATMod(°¢èªMod)","Act Like it!","Aspiration","BaseMod","Conspire","Minty Spire (QoL Compilation)","Pale of the Ancients","Replay The Spire","Spicy Shops","StSLib","[GremlinLeader]The Maniac","¡¾ÒÅÎï¿¨ÅÆ¡¿REMEMod"],"gold_per_floor":[118,118,136,147,167,193,193,223,271,271,271,305,305,305,305,408,408,427,452,467,1,1,1,1],"floor_reached":23,"language":"ZHS","playtime":1059,"items_purged":["Languid","Delirium"],"score":269,"play_id":"e4b3a280-b0c8-4ae7-aa97-555927702f60","local_time":"20210128193431","is_ascension_mode":true,"campfire_choices":[{"floor":7,"key":"RECALL"},{"data":"Alpha","floor":11,"key":"SMITH"},{"data":"AT_MachinaRedman","floor":13,"key":"SMITH"}],"circlet_count":0,"master_deck":["Strike_P","Strike_P","Strike_P","Strike_P","Defend_P","Defend_P","Defend_P","Defend_P","Eruption","Vigilance","AT_FamilyPortrait","AT_MachinaRedman+1","Alpha+1","CrushJoints","JustLucky","Judgement","BowlingBash","Replay:Hum","Protect","TalkToTheHand","Blasphemy","maniac:Torture","Wish","Replay:ManipulateFuture","Tantrum+1","CrushJoints+1","CrushJoints+1"],"relics":["PureWater","AT_ATBox","REME_ComplimentaryCards","aspiration:BabyByrd","Strawberry","ReplayTheSpireMod:TigerMarble","AT_Kusabimaru","Replay:Ancient Bell","Gremlin Food","AT_DeathDance","Turnip","Molten Egg 2","AT_ChloranthyRing"],"acts_visited":["Exordium","TheCity"],"potions_floor_usage":[18,19,19,20,23,23],"damage_taken":[{"damage":7,"enemies":"Jaw Worm","floor":1,"turns":3},{"damage":0,"enemies":"Small Slimes","floor":3,"turns":3},{"damage":0,"enemies":"Cultist","floor":4,"turns":2},{"damage":0,"enemies":"2 Fungi Beasts","floor":5,"turns":2},{"damage":10,"enemies":"3 Sentries","floor":6,"turns":4},{"damage":20,"enemies":"Lagavulin","floor":8,"turns":5},{"damage":10,"enemies":"3 Sentries","floor":12,"turns":4},{"damage":26,"enemies":"Hexaghost","floor":16,"turns":4},{"damage":30,"enemies":"2 Thieves","floor":18,"turns":4},{"damage":43,"enemies":"conspire:MimicChest","floor":19,"turns":7},{"damage":0,"enemies":"Shell Parasite","floor":20,"turns":2},{"damage":22,"enemies":"Gremlin Leader","floor":23,"turns":2}],"seed_played":"-5755949696391932237","potions_obtained":[{"floor":4,"key":"Energy Potion"},{"floor":5,"key":"LiquidMemories"},{"floor":14,"key":"conspire:TimeTravelPotion"},{"floor":19,"key":"SkillPotion"},{"floor":20,"key":"BottledMiracle"}],"is_trial":false,"path_per_floor":["M","?","M","M","M","E","R","E","T","?","R","E","R","?","R","B",null,"M","?","M","$","?","E"],"character_chosen":"WATCHER","items_purchased":["AT_ChloranthyRing","SneckoOil","CrushJoints+1"],"campfire_rested":0,"item_purchase_floors":[21,21,21],"current_hp_per_floor":[62,62,62,62,62,59,59,39,39,58,58,48,48,48,48,22,63,47,11,11,11,11,0,0],"gold":1,"neow_bonus":"THREE_RARE_CARDS","is_daily":false,"chose_seed":false,"campfire_upgraded":2,"win_rate":0.0,"timestamp":1611833671,"path_taken":["M","?","M","M","M","E","R","E","T","?","R","E","R","?","R","BOSS","M","?","?","$","?","E"],"items_purchased_type":["Relic","Potion","Card"],"build_version":"2020-12-22","purchased_purges":2,"victory":false,"max_hp_per_floor":[72,72,72,72,72,79,79,79,79,79,79,79,79,79,76,76,76,76,76,76,76,76,76,76],"card_choices":[{"not_picked":["DeusExMachina","Judgement"],"picked":"Alpha","floor":0},{"not_picked":["Pray","FlyingSleeves"],"picked":"CrushJoints","floor":1},{"not_picked":["Replay:DivineShield","CutThroughFate"],"picked":"JustLucky","floor":3},{"not_picked":["Sanctity","BowlingBash"],"picked":"Judgement","floor":4},{"not_picked":["WaveOfTheHand","PathToVictory"],"picked":"BowlingBash","floor":5},{"not_picked":["Wireheading","LikeWater"],"picked":"Replay:Hum","floor":6},{"not_picked":["Meditate","Pray"],"picked":"Protect","floor":8},{"not_picked":["AT_SoftenMuscles","BowlingBash"],"picked":"TalkToTheHand","floor":12},{"not_picked":["Establishment","Judgement"],"picked":"Blasphemy","floor":16},{"not_picked":["Pain","ReplayTheSpireMod:Doomed"],"picked":"Languid","floor":17},{"not_picked":["Pain","ReplayTheSpireMod:Doomed"],"picked":"maniac:Torture","floor":17},{"not_picked":["ReplayTheSpireMod:Doomed","Pain"],"picked":"Delirium","floor":17},{"not_picked":["REME_Repentance","FlyingSleeves"],"picked":"Wish","floor":18},{"not_picked":["REME_MusicOfDeath","Wireheading"],"picked":"Replay:ManipulateFuture","floor":19},{"not_picked":["JustLucky+1","Ragnarok+1"],"picked":"Tantrum+1","floor":20}],"player_experience":1408708,"relics_obtained":[{"floor":6,"key":"Strawberry"},{"floor":8,"key":"ReplayTheSpireMod:TigerMarble"},{"floor":12,"key":"AT_Kusabimaru"},{"floor":19,"key":"Molten Egg 2"}],"event_choices":[{"damage_healed":19,"gold_gain":0,"player_choice":"Healed and dodged fight","damage_taken":0,"max_hp_gain":0,"max_hp_loss":0,"event_name":"Mushrooms","floor":10,"gold_loss":0,"cards_obtained":["Parasite"]},{"damage_healed":0,"gold_gain":0,"player_choice":"Got Potions","damage_taken":0,"max_hp_gain":0,"max_hp_loss":0,"event_name":"Lab","floor":14,"gold_loss":0},{"cards_removed":["Parasite","Writhe"],"damage_healed":0,"gold_gain":0,"player_choice":"Removed Curses","damage_taken":0,"max_hp_gain":0,"max_hp_loss":0,"event_name":"Fountain of Cleansing","floor":15,"gold_loss":0},{"damage_healed":0,"gold_gain":0,"player_choice":"Ignored","damage_taken":0,"max_hp_gain":0,"max_hp_loss":0,"event_name":"WeMeetAgain","floor":22,"gold_loss":0}],"is_beta":false,"boss_relics":[{"not_picked":["Snecko Eye","Honey Jar"],"picked":"Replay:Ancient Bell"},{"not_picked":["Ancient Tea Set","CeramicFish"],"picked":"Gremlin Food"},{"not_picked":["The Courier","Darkstone Periapt"],"picked":"AT_DeathDance"},{"not_picked":["Pocketwatch","Gambling Chip"],"picked":"Turnip"}],"items_purged_floors":[21,21],"is_endless":false,"potions_floor_spawned":[4,5,12,19,20],"killed_by":"Gremlin Leader","ascension_level":6}}