{"host":"jhy70w0yh8dayqay","time":1611832526,"event":{"mods":["AchievementEnabler","BaseMod","Colored Map","Colored Powertips","DeckTracker","Minty Spire (QoL Compilation)","Permanent Neow","SuperFastMode"],"gold_per_floor":[114,132,142,217,229,229,255,32,77,119,119,155,222,254,266,386,398,438,477,428,437,452,452,486,335,335,355,305,343,372,393,393,393,393],"floor_reached":33,"language":"KOR","playtime":1248,"items_purged":[],"score":501,"play_id":"9ecd5634-b967-4a4a-9bba-ef28e784c2f2","local_time":"20210128201526","is_ascension_mode":true,"campfire_choices":[{"data":"Perfected Strike","floor":6,"key":"SMITH"},{"data":"Shockwave","floor":11,"key":"SMITH"},{"data":"Dual Wield","floor":15,"key":"SMITH"},{"floor":23,"key":"REST"},{"floor":32,"key":"REST"}],"circlet_count":0,"master_deck":["AscendersBane","Strike_R","Strike_R","Strike_R","Strike_R","Strike_R","Defend_R","Defend_R","Defend_R","Blind","Perfected Strike+1","Shockwave+1","Wild Strike","Pommel Strike","Rage","Fiend Fire","Pommel Strike","Inflame","Dual Wield+1","Burning Pact","Double Tap","Twin Strike+1","Headbutt+1","Impervious","Perfected Strike+1","Second Wind","Wild Strike+1","Impervious","Wild Strike","Wild Strike+1"],"relics":["Burning Blood","Eternal Feather","Membership Card","CeramicFish","Anchor","Red Skull","MawBank","Empty Cage","Kunai","Happy Flower","Strawberry","White Beast Statue","StoneCalendar"],"acts_visited":["Exordium","TheCity"],"potions_floor_usage":[10,12,16,22,29,30,31,33],"damage_taken":[{"damage":15,"enemies":"2 Louse","floor":1,"turns":3},{"damage":7,"enemies":"Jaw Worm","floor":2,"turns":2},{"damage":0,"enemies":"Cultist","floor":3,"turns":2},{"damage":6,"enemies":"Looter","floor":5,"turns":3},{"damage":25,"enemies":"Lagavulin","floor":7,"turns":6},{"damage":13,"enemies":"3 Sentries","floor":10,"turns":6},{"damage":19,"enemies":"Lagavulin","floor":12,"turns":5},{"damage":12,"enemies":"3 Sentries","floor":13,"turns":4},{"damage":6,"enemies":"Exordium Thugs","floor":14,"turns":4},{"damage":42,"enemies":"Slime Boss","floor":16,"turns":10},{"damage":20,"enemies":"3 Byrds","floor":18,"turns":7},{"damage":14,"enemies":"Shell Parasite","floor":19,"turns":4},{"damage":45,"enemies":"Snake Plant","floor":22,"turns":4},{"damage":24,"enemies":"Slavers","floor":24,"turns":5},{"damage":0,"enemies":"Cultist and Chosen","floor":27,"turns":4},{"damage":29,"enemies":"Book of Stabbing","floor":29,"turns":5},{"damage":13,"enemies":"Centurion and Healer","floor":30,"turns":5},{"damage":6,"enemies":"Snake Plant","floor":31,"turns":4},{"damage":74,"enemies":"Champ","floor":33,"turns":7}],"seed_played":"6096589308387884284","potions_obtained":[{"floor":5,"key":"Regen Potion"},{"floor":7,"key":"SteroidPotion"},{"floor":12,"key":"DistilledChaos"},{"floor":13,"key":"Regen Potion"},{"floor":14,"key":"Fire Potion"},{"floor":19,"key":"SpeedPotion"},{"floor":24,"key":"SkillPotion"},{"floor":27,"key":"ElixirPotion"},{"floor":29,"key":"Regen Potion"},{"floor":30,"key":"BlessingOfTheForge"},{"floor":31,"key":"Swift Potion"}],"is_trial":false,"path_per_floor":["M","M","M","?","M","R","E","$","T","E","R","E","?","M","R","B",null,"M","M","$","?","M","R","E","$","T","M","?","E","M","M","R","B"],"character_chosen":"IRONCLAD","items_purchased":["Membership Card","Fiend Fire","Impervious","Happy Flower","Strawberry"],"campfire_rested":2,"item_purchase_floors":[8,8,20,25,25],"current_hp_per_floor":[63,62,68,57,57,57,38,38,38,45,54,41,35,35,47,11,63,49,41,41,41,11,50,32,39,39,45,45,22,29,29,73,0,0],"gold":393,"neow_bonus":"RANDOM_COLORLESS","is_daily":false,"chose_seed":false,"campfire_upgraded":3,"win_rate":0.0,"timestamp":1611832526,"path_taken":["M","M","M","?","M","R","E","$","T","E","R","E","?","M","R","BOSS","M","M","$","?","M","R","E","$","T","?","?","E","?","M","R","BOSS"],"items_purchased_type":["Relic","Card","Card","Relic","Relic"],"build_version":"2020-12-22","purchased_purges":0,"victory":false,"max_hp_per_floor":[80,80,80,80,80,80,80,80,80,80,80,80,80,80,80,80,80,80,80,80,80,80,80,80,87,87,87,87,87,87,87,87,87,87],"card_choices":[{"not_picked":["Discovery","Jack Of All Trades"],"picked":"Blind","floor":0},{"not_picked":["Shockwave","Sentinel"],"picked":"Perfected Strike","floor":1},{"not_picked":["Anger","Clash"],"picked":"Shockwave","floor":2},{"not_picked":["Havoc","Pummel"],"picked":"Wild Strike","floor":3},{"not_picked":["Pummel","Fire Breathing"],"picked":"Pommel Strike","floor":5},{"not_picked":["Juggernaut","Flex"],"picked":"Rage","floor":7},{"not_picked":["Flex","Impervious"],"picked":"Pommel Strike","floor":10},{"not_picked":["Clothesline","Body Slam"],"picked":"Inflame","floor":12},{"not_picked":["Dropkick","Wild Strike"],"picked":"Dual Wield","floor":13},{"not_picked":["Headbutt","Disarm"],"picked":"Burning Pact","floor":14},{"not_picked":["Barricade","Corruption"],"picked":"Double Tap","floor":16},{"not_picked":["Thunderclap","Sword Boomerang"],"picked":"Twin Strike+1","floor":18},{"not_picked":["Whirlwind","Armaments"],"picked":"Headbutt+1","floor":19},{"not_picked":["Shockwave","Headbutt","Iron Wave+1"],"picked":"SKIP","floor":22},{"not_picked":["Rupture","Headbutt"],"picked":"Second Wind","floor":24},{"not_picked":["Rage","Headbutt"],"picked":"Wild Strike+1","floor":27},{"not_picked":["Havoc","Iron Wave"],"picked":"Impervious","floor":29},{"not_picked":["Body Slam","Cleave"],"picked":"Wild Strike","floor":30},{"not_picked":["Clash","Cleave"],"picked":"Wild Strike+1","floor":31}],"player_experience":434041,"relics_obtained":[{"floor":7,"key":"Eternal Feather"},{"floor":9,"key":"CeramicFish"},{"floor":10,"key":"Anchor"},{"floor":12,"key":"Red Skull"},{"floor":24,"key":"Kunai"},{"floor":26,"key":"White Beast Statue"},{"floor":29,"key":"StoneCalendar"}],"event_choices":[{"damage_healed":0,"gold_gain":75,"player_choice":"Gather Gold","damage_taken":11,"max_hp_gain":0,"max_hp_loss":0,"event_name":"World of Goop","floor":4,"gold_loss":0},{"damage_healed":0,"gold_gain":0,"player_choice":"Searched \u00272\u0027 times","damage_taken":0,"relics_obtained":["MawBank"],"max_hp_gain":0,"max_hp_loss":0,"event_name":"Dead Adventurer","floor":13,"gold_loss":0},{"damage_healed":0,"gold_gain":0,"player_choice":"Copied","damage_taken":0,"max_hp_gain":0,"max_hp_loss":0,"event_name":"Duplicator","floor":21,"gold_loss":0,"cards_obtained":["Perfected Strike"]},{"damage_healed":0,"gold_gain":0,"player_choice":"Bet on Owner","damage_taken":0,"max_hp_gain":0,"max_hp_loss":0,"event_name":"The Joust","floor":28,"gold_loss":50}],"is_beta":false,"boss_relics":[{"not_picked":["Runic Dome","Ectoplasm"],"picked":"Empty Cage"}],"items_purged_floors":[],"is_endless":false,"potions_floor_spawned":[5,7,12,13,14,19,24,27,29,30,31],"killed_by":"Champ","ascension_level":11}}