{"host":"iv8ljmz7si0xetfh","time":1611847112,"event":{"mods":["100% Spire Juice","BaseMod","Bestiary","Better Note","Colored Map","Colored Powertips","Dark Map","DeckTracker","Displayed Cursed Tome","Downfall","Highlight Path","Minty Spire (QoL Compilation)","Prisma Mod","Rare Cards Sparkle","Relic Stats","StSLib","The Alterego","Unceasing Turn Reminder"],"gold_per_floor":[99,109,119,119,29,14,67,80,80,99,99,99,130,145,156,156,156],"floor_reached":16,"language":"ENG","playtime":886,"items_purged":["PrismaMod:ChloeCommonDefend"],"score":112,"play_id":"4bd4f6ef-a0bb-4bc6-ba70-73eda8cea5b3","local_time":"20210128151832","is_ascension_mode":true,"campfire_choices":[{"data":"PrismaMod:ChloeCheapAttack","floor":1.0,"key":"SMITH"},{"floor":11.0,"key":"RECALL"}],"circlet_count":0,"master_deck":["PrismaMod:ChloeCommonAttack","PrismaMod:ChloeCommonAttack","PrismaMod:ChloeCommonAttack","PrismaMod:ChloeCommonAttack","PrismaMod:ChloeCommonAttack","PrismaMod:ChloeCommonDefend","PrismaMod:ChloeCommonDefend","PrismaMod:ChloeCommonDefend","PrismaMod:ChloeCheapAttack+1","PrismaMod:ChloeCheapDefend","PrismaMod:ChloeRitsuka","PrismaMod:ChloeUncommonDefend","PrismaMod:ChloeGaeBolg","PrismaMod:ChloeEyeOfTheEuryale","PrismaMod:ChloeCaladbolg","PrismaMod:ChloeExhaustOne","Decay","PrismaMod:ChloeExcalibur"],"relics":["Runic Dome","Pantograph"],"acts_visited":["Exordium"],"potions_floor_usage":[16,16],"damage_taken":[{"damage":0.0,"enemies":"2 Louse","floor":2.0,"turns":2.0},{"damage":0.0,"enemies":"Cultist","floor":3.0,"turns":4.0},{"damage":0.0,"enemies":"downfall:FleeingMerchant","floor":5.0,"turns":4.0},{"damage":0.0,"enemies":"downfall:FleeingMerchant","floor":6.0,"turns":4.0},{"damage":0.0,"enemies":"Small Slimes","floor":8.0,"turns":3.0},{"damage":20.0,"enemies":"Exordium Thugs","floor":10.0,"turns":4.0},{"damage":11.0,"enemies":"Gremlin Nob","floor":13.0,"turns":3.0},{"damage":0.0,"enemies":"3 Louse","floor":14.0,"turns":2.0},{"damage":23.0,"enemies":"Gremlin Gang","floor":15.0,"turns":4.0},{"damage":13,"enemies":"Hexaghost","floor":16,"turns":3}],"seed_played":"1034934561735834068","potions_obtained":[{"floor":2.0,"key":"SkillPotion"},{"floor":3.0,"key":"LiquidBronze"},{"floor":9.0,"key":"PowerPotion"},{"floor":9.0,"key":"LiquidBronze"},{"floor":9.0,"key":"SneckoOil"},{"floor":13.0,"key":"AttackPotion"},{"floor":15.0,"key":"Regen Potion"}],"is_trial":false,"path_per_floor":["R","M","M","?","$","$","T","M","?","M","R","?","E","M","M","B"],"character_chosen":"CHLOE","items_purchased":[],"campfire_rested":0,"item_purchase_floors":[],"current_hp_per_floor":[75,75,75,75,75,75,75,75,75,55,55,55,44,44,21,38,38],"gold":156,"neow_bonus":"BOSS_RELIC","is_daily":false,"chose_seed":false,"campfire_upgraded":1,"win_rate":0.0,"timestamp":1611847112,"path_taken":["R","M","M","?","?","$","T","M","?","?","R","?","E","M","M","BOSS"],"items_purchased_type":[],"build_version":"2020-12-22","purchased_purges":1,"victory":false,"max_hp_per_floor":[75,75,75,75,75,75,75,75,75,75,75,75,75,75,75,75,75],"relic_stats":{"counters":[10,33],"Pantograph":25,"obtain_stats":[{"Runic Dome":0,"Pantograph":13,"PrismaMod:PrismaTraceOn":0},{"Runic Dome":0,"Pantograph":7,"PrismaMod:PrismaTraceOn":0},{"Runic Dome":0,"Pantograph":24,"PrismaMod:PrismaTraceOn":0}]},"card_choices":[{"not_picked":["PrismaMod:ChloeCheapDefendTwo","PrismaMod:ChloeCheapDefend"],"picked":"PrismaMod:ChloeRitsuka","floor":2.0},{"not_picked":["PrismaMod:ChloeCheapAttackTwo","PrismaMod:ChloeDemonicTutor","PrismaMod:ChloeDiscardRecovery"],"picked":"SKIP","floor":3.0},{"not_picked":["PrismaMod:ChloeCheapAttack","PrismaMod:ChloeCheapDefendTwo"],"picked":"PrismaMod:ChloeGaeBolg","floor":5.0},{"not_picked":["PrismaMod:ChloeCheapDefendTwo","PrismaMod:ChloeCheapDefend"],"picked":"PrismaMod:ChloeEyeOfTheEuryale","floor":6.0},{"not_picked":["PrismaMod:ChloeExhaustOne","PrismaMod:ChloeCheapDefend"],"picked":"PrismaMod:ChloeCaladbolg","floor":8.0},{"not_picked":["PrismaMod:ChloeCheapAttack","PrismaMod:ChloeHalloween"],"picked":"PrismaMod:ChloeExhaustOne","floor":10.0},{"not_picked":["PrismaMod:ChloeExhaustOne","PrismaMod:ChloeCheapDefendTwo","PrismaMod:ChloeCommonAOEAttack"],"picked":"SKIP","floor":13.0},{"not_picked":["PrismaMod:ChloeCheapAttackTwo","PrismaMod:ChloeDiscardRecovery","PrismaMod:ChloeCommonAOEAttack"],"picked":"SKIP","floor":14.0},{"not_picked":["PrismaMod:ChloeDiscardRecovery","PrismaMod:ChloeCaladbolg"],"picked":"PrismaMod:ChloeExcalibur","floor":15.0}],"player_experience":351797,"relics_obtained":[{"floor":13.0,"key":"Pantograph"}],"event_choices":[{"damage_healed":0.0,"max_hp_gain":0.0,"max_hp_loss":0.0,"gold_gain":0.0,"cards_transformed":["PrismaMod:ChloeCommonDefend"],"event_name":"Transmorgrifier","player_choice":"Transformed","floor":4.0,"gold_loss":0.0,"damage_taken":0.0,"cards_obtained":["PrismaMod:ChloeUncommonDefend"]},{"damage_healed":0.0,"max_hp_gain":0.0,"max_hp_loss":0.0,"gold_gain":0.0,"event_name":"Lab","player_choice":"Got Potions","floor":9.0,"gold_loss":0.0,"damage_taken":0.0},{"damage_healed":0.0,"max_hp_gain":0.0,"max_hp_loss":0.0,"gold_gain":0.0,"event_name":"Wheel of Change","player_choice":"Cursed","floor":12.0,"gold_loss":0.0,"damage_taken":0.0,"cards_obtained":["Decay"]}],"is_beta":false,"boss_relics":[],"items_purged_floors":[5],"is_endless":false,"potions_floor_spawned":[2,3,13,15],"killed_by":"Hexaghost","ascension_level":2}}