{"host":"sc0o2qwpf9j16a4i","time":1611846407,"event":{"mods":["AchievementEnabler","BaseMod","BetterRewards","Block Reminder","Colored Map","Colored Powertips","Custom Start","Highlight Path","Minty Spire (QoL Compilation)","Relic Stats"],"gold_per_floor":[111,111,261,261,336,366,366,393,447,447,447,372,372,20,20,99,99,114,114,114,143,155,167,179,179],"floor_reached":24,"language":"ENG","playtime":298,"items_purged":[],"score":492,"play_id":"7c19b1fa-f5b4-422d-b9f7-39800c92efea","local_time":"20210128170647","is_ascension_mode":true,"campfire_choices":[{"data":"Uppercut","floor":7,"key":"SMITH"},{"data":"Spot Weakness","floor":13,"key":"SMITH"},{"data":"Apotheosis","floor":15,"key":"SMITH"},{"floor":23,"key":"REST"}],"circlet_count":0,"master_deck":["AscendersBane","Bash+1","Uppercut+1","Thunderclap","Spot Weakness+1","Sword Boomerang","Apotheosis+1","Corruption","Blood for Blood","Juggernaut","Rage","Disarm","Searing Blow","Thunderclap","Juggernaut","Power Through","Body Slam","Shrug It Off"],"relics":["Burning Blood","NeowsBlessing","Juzu Bracelet","Meat on the Bone","Bag of Marbles","Happy Flower","ClockworkSouvenir","Pandora\u0027s Box","MawBank"],"acts_visited":["Exordium","TheCity"],"potions_floor_usage":[24],"damage_taken":[{"damage":0,"enemies":"Cultist","floor":1,"turns":1},{"damage":0,"enemies":"3 Sentries","floor":6,"turns":1},{"damage":0,"enemies":"Lagavulin","floor":8,"turns":1},{"damage":6,"enemies":"Hexaghost","floor":16,"turns":8},{"damage":24,"enemies":"Spheric Guardian","floor":18,"turns":4},{"damage":15,"enemies":"Chosen","floor":21,"turns":5},{"damage":56,"enemies":"Slavers","floor":24,"turns":4}],"seed_played":"-2166228892602691047","potions_obtained":[{"floor":6,"key":"Weak Potion"}],"is_trial":false,"path_per_floor":["M","?","?","?","?","E","R","E","T","?","?","?","R","$","R","B",null,"M","?","T","M","?","R","E"],"character_chosen":"IRONCLAD","items_purchased":["Apotheosis","ClockworkSouvenir"],"campfire_rested":1,"item_purchase_floors":[14,14],"current_hp_per_floor":[74,69,69,46,35,41,41,47,47,47,47,47,47,47,47,47,68,50,29,29,32,32,56,0,0],"gold":179,"neow_bonus":"THREE_ENEMY_KILL","is_daily":false,"chose_seed":false,"campfire_upgraded":3,"win_rate":0.0,"timestamp":1611846407,"path_taken":["M","?","?","?","?","E","R","E","T","?","?","?","R","$","R","BOSS","M","?","?","M","?","R","E"],"items_purchased_type":["Card","Relic"],"build_version":"2020-12-22","purchased_purges":0,"victory":false,"max_hp_per_floor":[75,75,75,75,75,75,75,75,75,75,75,75,75,75,75,75,75,75,80,80,80,80,80,80,80],"relic_stats":{"Happy Flower":[7],"counters":[7,24],"Pandora\u0027s Box":["Blood for Blood","Juggernaut","Rage","Disarm","Searing Blow","Thunderclap","Juggernaut"],"Juzu Bracelet":2,"MawBank":48,"obtain_stats":[{"NeowsBlessing":0,"Happy Flower":9,"Pandora\u0027s Box":17,"Juzu Bracelet":2,"Bag of Marbles":8,"MawBank":20,"Burning Blood":0,"Meat on the Bone":6,"ClockworkSouvenir":14},{"NeowsBlessing":0,"Happy Flower":3,"Pandora\u0027s Box":4,"Juzu Bracelet":1,"Bag of Marbles":3,"MawBank":5,"Burning Blood":0,"Meat on the Bone":2,"ClockworkSouvenir":3},{"NeowsBlessing":0,"Happy Flower":3,"Pandora\u0027s Box":11,"Juzu Bracelet":1,"Bag of Marbles":3,"MawBank":15,"Burning Blood":0,"Meat on the Bone":2,"ClockworkSouvenir":3}],"Burning Blood":36,"Meat on the Bone":12},"card_choices":[{"not_picked":["Twin Strike","Combust"],"picked":"Uppercut","floor":1},{"not_picked":["Seeing Red","Perfected Strike"],"picked":"Thunderclap","floor":6},{"not_picked":["Iron Wave","Thunderclap"],"picked":"Spot Weakness","floor":8},{"not_picked":["Double Tap","Berserk"],"picked":"Corruption","floor":16},{"not_picked":["Pummel","Cleave"],"picked":"Power Through","floor":18},{"not_picked":["Sentinel","Armaments"],"picked":"Body Slam","floor":21}],"player_experience":1026537,"relics_obtained":[{"floor":6,"key":"Meat on the Bone"},{"floor":8,"key":"Bag of Marbles"},{"floor":9,"key":"Happy Flower"},{"floor":20,"key":"MawBank"}],"event_choices":[{"damage_healed":0,"gold_gain":0,"player_choice":"Success","damage_taken":5,"relics_obtained":["Juzu Bracelet"],"max_hp_gain":0,"max_hp_loss":0,"event_name":"Scrap Ooze","floor":2,"gold_loss":0},{"damage_healed":0,"gold_gain":150,"player_choice":"AGREE","damage_taken":0,"max_hp_gain":0,"max_hp_loss":0,"event_name":"Liars Game","floor":3,"gold_loss":0,"cards_obtained":["Doubt"]},{"damage_healed":0,"gold_gain":0,"player_choice":"Entered Light","damage_taken":23,"max_hp_gain":0,"max_hp_loss":0,"event_name":"Shining Light","floor":4,"gold_loss":0,"cards_upgraded":["Bash","Defend_R"]},{"damage_healed":0,"gold_gain":75,"player_choice":"Gather Gold","damage_taken":11,"max_hp_gain":0,"max_hp_loss":0,"event_name":"World of Goop","floor":5,"gold_loss":0},{"cards_removed":["Doubt"],"damage_healed":0,"gold_gain":0,"player_choice":"Forget","damage_taken":0,"max_hp_gain":0,"max_hp_loss":0,"event_name":"Living Wall","floor":10,"gold_loss":0},{"damage_healed":0,"gold_gain":0,"cards_transformed":["Strike_R"],"player_choice":"Transformed","damage_taken":0,"max_hp_gain":0,"max_hp_loss":0,"event_name":"Transmorgrifier","floor":11,"gold_loss":0,"cards_obtained":["Sword Boomerang"]},{"cards_removed":["Strike_R"],"damage_healed":0,"gold_gain":0,"player_choice":"Card Removal","damage_taken":0,"max_hp_gain":0,"max_hp_loss":0,"event_name":"The Cleric","floor":12,"gold_loss":75},{"damage_healed":0,"gold_gain":0,"player_choice":"Shed Blood","damage_taken":26,"max_hp_gain":5,"max_hp_loss":0,"event_name":"Forgotten Altar","floor":19,"gold_loss":0},{"damage_healed":0,"gold_gain":0,"player_choice":"Read","damage_taken":0,"max_hp_gain":0,"max_hp_loss":0,"event_name":"The Library","floor":22,"gold_loss":0,"cards_obtained":["Shrug It Off"]}],"is_beta":false,"boss_relics":[{"not_picked":["Runic Cube","SacredBark"],"picked":"Pandora\u0027s Box"}],"items_purged_floors":[],"is_endless":false,"potions_floor_spawned":[6],"killed_by":"Slavers","ascension_level":20}}