{"host":"n9lc5i44t98l6pio","time":1611847706,"event":{"mods":["BaseMod","Curses Come First","Downfall","Minty Spire (QoL Compilation)","Replay The Spire","Say the Spire","StSLib"],"gold_per_floor":[114,133,143,143,161,161,190,190,190,190,235,268,288,301,301,320,411,511,511,491,516,532,27,44,71,71,102,102,102,128,128,208,270,270,270,270],"floor_reached":35,"language":"ENG","playtime":1535,"items_purged":[],"score":493,"play_id":"ddcabfeb-3208-419c-9acb-8347429a61d8","local_time":"20210128162826","is_ascension_mode":true,"campfire_choices":[{"floor":6.0,"key":"RECALL"},{"floor":10.0,"key":"REST"},{"floor":31.0,"key":"REST"}],"circlet_count":0,"master_deck":["Strike_R","Strike_R","Strike_R","Strike_R","Strike_R","Defend_R+1","Defend_R","Defend_R","Defend_R","Bash","Run Through","Wild Strike","Run Through","Regret","Shrug It Off","Sword Boomerang","Infernal Blade","Inflame","Hallucinations","Ghostly Armor","Immolate","CommonCold","Clumsy","Shame","ReplayTheSpireMod:LeadingStrike+1","Spot Weakness+1","Wild Strike","Rupture","Mayhem","Iron Wave","Reaper","Shame","ReplayTheSpireMod:Muscle Training+1","Shrug It Off","Wild Strike"],"relics":["Burning Blood","Strawberry","Garlic","Centennial Puzzle","Ornamental Fan","Ring of Panic","ReplayTheSpireMod:Ring of Collecting","Replay:Ancient Bell","Happy Flower","Pear","Charon\u0027s Ashes","Red Mask","Replay:WaspNest","Frozen Egg 2","Akabeko","Replay:Bottled Steam","ReplayTheSpireMod:Ring of Challenge","War Paint","Vajra"],"acts_visited":["Exordium","TheCity"],"potions_floor_usage":[33,33],"damage_taken":[{"damage":3.0,"enemies":"Jaw Worm","floor":1.0,"turns":4.0},{"damage":2.0,"enemies":"Small Slimes","floor":2.0,"turns":3.0},{"damage":0.0,"enemies":"2 Louse","floor":3.0,"turns":2.0},{"damage":2.0,"enemies":"Exordium Wildlife","floor":5.0,"turns":4.0},{"damage":29.0,"enemies":"3 Sentries","floor":7.0,"turns":10.0},{"damage":35.0,"enemies":"Gremlin Nob","floor":12.0,"turns":4.0},{"damage":3.0,"enemies":"3 Louse","floor":13.0,"turns":4.0},{"damage":4.0,"enemies":"Large Slime","floor":14.0,"turns":5.0},{"damage":9.0,"enemies":"Exordium Wildlife","floor":16.0,"turns":5.0},{"damage":60.0,"enemies":"Hexaghost","floor":18.0,"turns":12.0},{"damage":7.0,"enemies":"2 Thieves","floor":20.0,"turns":4.0},{"damage":0.0,"enemies":"Masked Bandits","floor":21.0,"turns":2.0},{"damage":4.0,"enemies":"3 Byrds","floor":22.0,"turns":3.0},{"damage":10.0,"enemies":"Snake Plant","floor":24.0,"turns":4.0},{"damage":38.0,"enemies":"Slavers","floor":25.0,"turns":4.0},{"damage":17.0,"enemies":"Gremlin Leader","floor":27.0,"turns":5.0},{"damage":72.0,"enemies":"Book of Stabbing","floor":32.0,"turns":5.0},{"damage":13,"enemies":"Snecko","floor":33,"turns":4},{"damage":25,"enemies":"Replay:Snechameleon","floor":35,"turns":4}],"seed_played":"7393789682549174487","potions_obtained":[{"floor":2.0,"key":"Regen Potion"},{"floor":5.0,"key":"LiquidBronze"},{"floor":13.0,"key":"champ:CounterPotion"},{"floor":14.0,"key":"EssenceOfSteel"},{"floor":20.0,"key":"FearPotion"},{"floor":24.0,"key":"LiquidBronze"},{"floor":32.0,"key":"Slimebound:ThreeZeroPotion"}],"is_trial":false,"path_per_floor":["M","M","M","?","M","R","E","PTL","PTL","R","T","E","M","M","?","M","R","B",null,"M","?","M","$","M","E","?","E","PTL","PTL","T","R","E","M","?","E"],"character_chosen":"IRONCLAD","items_purchased":["Replay:WaspNest","Rupture","Mayhem"],"campfire_rested":2,"item_purchase_floors":[23,23,23],"current_hp_per_floor":[87,87,87,87,87,87,64,64,64,87,87,58,61,63,63,60,60,21,97,96,97,97,97,93,61,61,50,50,50,50,79,15,21,21,0,0],"gold":270,"neow_bonus":"RANDOM_COMMON_RELIC","is_daily":false,"chose_seed":false,"campfire_upgraded":0,"win_rate":0.0,"timestamp":1611847706,"path_taken":["M","M","M","?","M","R","E","PTL","PTL","R","T","E","M","M","?","M","R","BOSS","M","?","M","$","M","E","?","E","PTL","PTL","T","R","E","M","?","E"],"items_purchased_type":["Relic","Card","Card"],"build_version":"2020-12-22","purchased_purges":0,"victory":false,"max_hp_per_floor":[87,87,87,87,87,87,87,87,87,87,87,87,87,87,87,87,87,87,97,97,97,97,97,97,97,97,97,97,97,97,97,97,97,97,97,97],"card_choices":[{"not_picked":["Pommel Strike","Headbutt"],"picked":"Run Through","floor":1.0},{"not_picked":["Perfected Strike","Sword Boomerang"],"picked":"Wild Strike","floor":2.0},{"not_picked":["ReplayTheSpireMod:Stacked","Sword Boomerang"],"picked":"Run Through","floor":3.0},{"not_picked":["ReplayTheSpireMod:Stacked","Sword Boomerang"],"picked":"Shrug It Off","floor":5.0},{"not_picked":["True Grit","Brutality"],"picked":"Sword Boomerang","floor":7.0},{"not_picked":["Warcry","Headbutt","Heavy Blade"],"picked":"SKIP","floor":12.0},{"not_picked":["Run Through","Perfected Strike"],"picked":"Infernal Blade","floor":13.0},{"not_picked":["ReplayTheSpireMod:Corrosion Curse","Rage"],"picked":"Inflame","floor":14.0},{"not_picked":["Headbutt","Warcry"],"picked":"Ghostly Armor","floor":16.0},{"not_picked":["Brutality","Demonic Infusion"],"picked":"Immolate","floor":18.0},{"not_picked":["Sickly","Normality"],"picked":"CommonCold","floor":19.0},{"not_picked":["ReplayTheSpireMod:Faulty Equipment","AbeCurse"],"picked":"Clumsy","floor":19.0},{"not_picked":["downfall:Haunted","downfall:Aged"],"picked":"Shame","floor":19.0},{"not_picked":["Shrug It Off","Anger"],"picked":"ReplayTheSpireMod:LeadingStrike+1","floor":20.0},{"not_picked":["Hemokinesis","True Grit"],"picked":"Spot Weakness+1","floor":21.0},{"not_picked":["Dropkick+1","Twin Strike"],"picked":"Wild Strike","floor":22.0},{"not_picked":["Shrug It Off","Second Wind"],"picked":"Iron Wave","floor":24.0},{"not_picked":["Hemogenesis","Reckless Charge"],"picked":"Reaper","floor":25.0},{"not_picked":["Warcry","Clash"],"picked":"ReplayTheSpireMod:Muscle Training","floor":27.0},{"not_picked":["Flex","ReplayTheSpireMod:Strike From Hell"],"picked":"Shrug It Off","floor":32.0},{"not_picked":["Run Through","Warcry"],"picked":"Wild Strike","floor":33}],"player_experience":221244,"relics_obtained":[{"floor":7.0,"key":"Centennial Puzzle"},{"floor":12.0,"key":"Ornamental Fan"},{"floor":15.0,"key":"Ring of Panic"},{"floor":15.0,"key":"ReplayTheSpireMod:Ring of Collecting"},{"floor":21.0,"key":"Red Mask"},{"floor":25.0,"key":"Frozen Egg 2"},{"floor":27.0,"key":"Replay:Bottled Steam"},{"floor":30.0,"key":"ReplayTheSpireMod:Ring of Challenge"},{"floor":30.0,"key":"War Paint"},{"floor":32.0,"key":"Vajra"}],"event_choices":[{"damage_healed":0.0,"max_hp_gain":0.0,"max_hp_loss":0.0,"gold_gain":0.0,"event_name":"Big Fish","player_choice":"Box","floor":4.0,"gold_loss":0.0,"damage_taken":0.0,"relics_obtained":["Garlic"],"cards_obtained":["Regret"]},{"damage_healed":0.0,"max_hp_gain":0.0,"max_hp_loss":0.0,"gold_gain":0.0,"event_name":"Masked Bandits","player_choice":"Fought Bandits","floor":21.0,"gold_loss":0.0,"damage_taken":0.0},{"damage_healed":0.0,"max_hp_gain":0.0,"max_hp_loss":0.0,"gold_gain":0.0,"event_name":"Addict","player_choice":"Stole Relic","floor":26.0,"gold_loss":0.0,"damage_taken":0.0,"relics_obtained":["Akabeko"],"cards_obtained":["Shame"]}],"is_beta":false,"boss_relics":[{"not_picked":["ReplayTheSpireMod:DimensionalGlitch","Ectoplasm"],"picked":"Replay:Ancient Bell"},{"not_picked":["ReplayTheSpireMod:Spearhead","Orichalcum"],"picked":"Happy Flower"},{"not_picked":["ReplayTheSpireMod:Shallot","Iron Hammer"],"picked":"Pear"},{"not_picked":["Replay:Towering Pillar of Hats","Girya"],"picked":"Charon\u0027s Ashes"}],"items_purged_floors":[],"is_endless":false,"potions_floor_spawned":[2,5,13,14,16,20,24,32],"killed_by":"Replay:Snechameleon","ascension_level":1}}