{"host":"ijtzdp8x8o2bpzki","time":1611839740,"event":{"mods":["AchievementEnabler","BaseMod","Colored Map","Colored Powertips","DeckTracker","Minty Spire (QoL Compilation)"],"gold_per_floor":[111,111,111,180,23,52,52,82,82,98,98,127,141,87,87,191,191,207,207,132,182,199,234,234,261,261,308,319,319,319,330,330,330,330],"floor_reached":33,"language":"ENG","playtime":1208,"items_purged":[],"score":379,"play_id":"49dfa343-707d-4fbe-bd1e-f249f914e2da","local_time":"20210128161540","is_ascension_mode":true,"campfire_choices":[{"data":"Inflame","floor":7,"key":"SMITH"},{"floor":11,"key":"RECALL"},{"data":"Rage","floor":15,"key":"SMITH"},{"data":"Feed","floor":24,"key":"SMITH"},{"floor":29,"key":"REST"},{"data":"Reaper","floor":32,"key":"SMITH"}],"circlet_count":0,"master_deck":["Strike_R","Strike_R","Strike_R","Strike_R","Strike_R+1","Defend_R","Defend_R","Defend_R+1","Bash","Pommel Strike+1","Inflame+1","Iron Wave","Perfected Strike","Rage+1","Wild Strike","Feed+1","Seeing Red+1","Cleave+1","Twin Strike","Twin Strike+1","Reaper+1"],"relics":["Burning Blood","Mango","Kunai","Meat on the Bone","PreservedInsect","Whetstone","Shovel","InkBottle","Centennial Puzzle","Runic Pyramid","Red Skull","Potion Belt","War Paint"],"acts_visited":["Exordium","TheCity"],"potions_floor_usage":[16,16,23,25,33],"damage_taken":[{"damage":10,"enemies":"2 Louse","floor":1,"turns":3},{"damage":33,"enemies":"3 Sentries","floor":6,"turns":9},{"damage":21,"enemies":"Lagavulin","floor":8,"turns":5},{"damage":8,"enemies":"Small Slimes","floor":10,"turns":3},{"damage":14,"enemies":"Gremlin Nob","floor":12,"turns":3},{"damage":2,"enemies":"Jaw Worm","floor":13,"turns":3},{"damage":4,"enemies":"Slime Boss","floor":16,"turns":8},{"damage":2,"enemies":"Chosen","floor":18,"turns":4},{"damage":31,"enemies":"2 Thieves","floor":22,"turns":4},{"damage":34,"enemies":"Book of Stabbing","floor":23,"turns":5},{"damage":39,"enemies":"Slavers","floor":25,"turns":4},{"damage":36,"enemies":"Centurion and Healer","floor":28,"turns":5},{"damage":15,"enemies":"Snake Plant","floor":31,"turns":5},{"damage":97,"enemies":"Collector","floor":33,"turns":8}],"seed_played":"1992777980619152915","potions_obtained":[{"floor":1,"key":"GamblersBrew"},{"floor":12,"key":"AttackPotion"},{"floor":13,"key":"Dexterity Potion"},{"floor":22,"key":"Swift Potion"},{"floor":28,"key":"FearPotion"}],"is_trial":false,"path_per_floor":["M","?","?","T","$","E","R","E","T","M","R","E","M","$","R","B",null,"M","?","?","?","M","E","R","E","T","T","M","R","?","M","R","B"],"character_chosen":"IRONCLAD","items_purchased":["PreservedInsect","Wild Strike"],"campfire_rested":1,"item_purchase_floors":[5,14],"current_hp_per_floor":[90,83,76,76,76,61,61,58,58,56,56,60,64,64,64,66,94,97,97,97,97,75,62,62,45,45,45,31,64,64,71,71,0,0],"gold":330,"neow_bonus":"ONE_RARE_RELIC","is_daily":false,"chose_seed":false,"campfire_upgraded":4,"win_rate":0.0,"timestamp":1611839740,"path_taken":["M","?","?","?","$","E","R","E","T","M","R","E","?","$","R","BOSS","M","?","?","?","?","E","R","E","T","?","M","R","?","M","R","BOSS"],"items_purchased_type":["Relic","Card"],"build_version":"2020-12-22","purchased_purges":0,"victory":false,"max_hp_per_floor":[94,94,94,94,94,94,94,94,94,94,94,94,94,94,94,94,94,97,97,97,97,100,103,103,107,107,107,111,111,111,115,115,115,115],"card_choices":[{"not_picked":["Whirlwind","Headbutt"],"picked":"Pommel Strike","floor":1},{"not_picked":["Rampage","Whirlwind"],"picked":"Inflame","floor":6},{"not_picked":["Perfected Strike","Twin Strike"],"picked":"Iron Wave","floor":8},{"not_picked":["Flex","Warcry","Havoc"],"picked":"SKIP","floor":10},{"not_picked":["Thunderclap","Clothesline"],"picked":"Perfected Strike","floor":12},{"not_picked":["Rampage","Second Wind"],"picked":"Rage","floor":13},{"not_picked":["Offering","Berserk"],"picked":"Feed","floor":16},{"not_picked":["Flex","True Grit","Clothesline"],"picked":"SKIP","floor":18},{"not_picked":["Warcry","Clothesline"],"picked":"Seeing Red","floor":22},{"not_picked":["Clothesline","Warcry"],"picked":"Cleave+1","floor":23},{"not_picked":["Reckless Charge","Clothesline"],"picked":"Twin Strike","floor":25},{"not_picked":["Cleave","Perfected Strike"],"picked":"Twin Strike+1","floor":28},{"not_picked":["Wild Strike","Clash"],"picked":"Reaper","floor":31}],"player_experience":83564,"relics_obtained":[{"floor":4,"key":"Meat on the Bone"},{"floor":6,"key":"Whetstone"},{"floor":8,"key":"Shovel"},{"floor":9,"key":"InkBottle"},{"floor":12,"key":"Centennial Puzzle"},{"floor":23,"key":"Red Skull"},{"floor":25,"key":"Potion Belt"},{"floor":27,"key":"War Paint"}],"event_choices":[{"damage_healed":0,"gold_gain":0,"player_choice":"Success","damage_taken":7,"relics_obtained":["Kunai"],"max_hp_gain":0,"max_hp_loss":0,"event_name":"Scrap Ooze","floor":2,"gold_loss":0},{"cards_removed":["Clumsy"],"damage_healed":0,"gold_gain":0,"player_choice":"Card Removal","damage_taken":7,"max_hp_gain":0,"max_hp_loss":0,"event_name":"Golden Wing","floor":3,"gold_loss":0},{"damage_healed":0,"gold_gain":0,"player_choice":"Ignored","damage_taken":0,"max_hp_gain":0,"max_hp_loss":0,"event_name":"Vampires","floor":19,"gold_loss":0},{"cards_removed":["Defend_R"],"damage_healed":0,"gold_gain":0,"player_choice":"Gave Gold","damage_taken":0,"max_hp_gain":0,"max_hp_loss":0,"event_name":"Beggar","floor":20,"gold_loss":75},{"damage_healed":0,"gold_gain":100,"player_choice":"Bet on Murderer","damage_taken":0,"max_hp_gain":0,"max_hp_loss":0,"event_name":"The Joust","floor":21,"gold_loss":50},{"damage_healed":0,"gold_gain":0,"player_choice":"Ignored","damage_taken":0,"max_hp_gain":0,"max_hp_loss":0,"event_name":"Ghosts","floor":30,"gold_loss":0}],"is_beta":false,"boss_relics":[{"not_picked":["Fusion Hammer","Philosopher\u0027s Stone"],"picked":"Runic Pyramid"}],"items_purged_floors":[],"is_endless":false,"potions_floor_spawned":[1,12,13,22,28],"killed_by":"Collector","ascension_level":2}}