{"host":"fi2ijdbyuc8hzivc","time":1611871176,"event":{"mods":["BaseMod","Key Reminder","Minty Spire (QoL Compilation)","Relic Stats"],"gold_per_floor":[110,121,137,137,9,37,37,55,55,89,54,89,89,99,99,99,99],"floor_reached":16,"language":"ENG","playtime":4370,"items_purged":["Injury"],"score":240,"play_id":"105d7815-d501-4fc1-9a5e-2c6dc376cb80","local_time":"20210128215936","is_ascension_mode":true,"campfire_choices":[{"floor":7,"key":"REST"},{"data":"Spot Weakness","floor":15,"key":"SMITH"}],"circlet_count":0,"master_deck":["AscendersBane","Strike_R","Strike_R","Strike_R","Strike_R","Strike_R","Defend_R","Defend_R+1","Defend_R+1","Defend_R","Bash","Rampage","Spot Weakness+1","Wild Strike","Sword Boomerang","Cleave","Carnage+1"],"relics":["Burning Blood","Calipers","Orichalcum","Self Forming Clay","Blood Vial","War Paint","Mummified Hand"],"acts_visited":["Exordium"],"potions_floor_usage":[6,10,12,14],"damage_taken":[{"damage":8,"enemies":"2 Louse","floor":1,"turns":3},{"damage":14,"enemies":"Small Slimes","floor":2,"turns":4},{"damage":1,"enemies":"Cultist","floor":3,"turns":3},{"damage":15,"enemies":"3 Sentries","floor":6,"turns":7},{"damage":13,"enemies":"Large Slime","floor":8,"turns":5},{"damage":22,"enemies":"Gremlin Nob","floor":10,"turns":4},{"damage":27,"enemies":"Lagavulin","floor":12,"turns":6},{"damage":0,"enemies":"Gremlin Gang","floor":14,"turns":4},{"damage":48,"enemies":"The Guardian","floor":16,"turns":6}],"seed_played":"8257060559683966143","potions_obtained":[{"floor":3,"key":"Block Potion"},{"floor":10,"key":"Strength Potion"},{"floor":12,"key":"SteroidPotion"}],"is_trial":false,"path_per_floor":["M","M","M","?","$","E","R","M","T","E","?","E","?","M","R","B"],"character_chosen":"IRONCLAD","items_purchased":["BlessingOfTheForge"],"campfire_rested":1,"item_purchase_floors":[5],"current_hp_per_floor":[66,58,63,45,45,36,58,51,51,37,55,36,36,44,44,0,0],"gold":99,"neow_bonus":"ONE_RARE_RELIC","is_daily":false,"chose_seed":false,"campfire_upgraded":1,"win_rate":0.0,"timestamp":1611871176,"path_taken":["M","M","M","?","$","E","R","M","T","E","?","E","?","M","R","BOSS"],"items_purchased_type":["Potion"],"build_version":"2020-12-22","purchased_purges":1,"victory":false,"max_hp_per_floor":[75,75,75,75,75,75,75,75,75,75,75,75,75,75,75,75,75],"relic_stats":{"Blood Vial":8,"counters":[9,42],"Self Forming Clay":[27],"Mummified Hand":[0],"Orichalcum":[102],"War Paint":["Defend_R","Defend_R"],"obtain_stats":[{"Blood Vial":9,"Calipers":0,"Self Forming Clay":6,"Mummified Hand":12,"Orichalcum":4,"War Paint":10,"Burning Blood":0},{"Blood Vial":5,"Calipers":0,"Self Forming Clay":4,"Mummified Hand":7,"Orichalcum":3,"War Paint":6,"Burning Blood":0},{"Blood Vial":22,"Calipers":0,"Self Forming Clay":17,"Mummified Hand":32,"Orichalcum":10,"War Paint":26,"Burning Blood":0}],"Burning Blood":48},"card_choices":[{"not_picked":["True Grit","Pommel Strike"],"picked":"Rampage","floor":1},{"not_picked":["Whirlwind","Heavy Blade"],"picked":"Spot Weakness","floor":2},{"not_picked":["Metallicize","Flex"],"picked":"Wild Strike","floor":3},{"not_picked":["Dual Wield","Anger"],"picked":"Sword Boomerang","floor":6},{"not_picked":["Pommel Strike","Entrench"],"picked":"Cleave","floor":8},{"not_picked":["Dropkick","Iron Wave","Pommel Strike"],"picked":"SKIP","floor":10},{"not_picked":["Warcry","Barricade"],"picked":"Carnage","floor":12},{"not_picked":["Blood for Blood","Headbutt","Iron Wave"],"picked":"SKIP","floor":14}],"player_experience":1839937,"relics_obtained":[{"floor":6,"key":"Self Forming Clay"},{"floor":9,"key":"Blood Vial"},{"floor":10,"key":"War Paint"},{"floor":12,"key":"Mummified Hand"}],"event_choices":[{"damage_healed":0,"gold_gain":0,"player_choice":"Success","damage_taken":18,"relics_obtained":["Orichalcum"],"max_hp_gain":0,"max_hp_loss":0,"event_name":"Scrap Ooze","floor":4,"gold_loss":0},{"damage_healed":18,"gold_gain":0,"player_choice":"Healed","damage_taken":0,"max_hp_gain":0,"max_hp_loss":0,"event_name":"The Cleric","floor":11,"gold_loss":35},{"damage_healed":0,"gold_gain":0,"player_choice":"Grow","damage_taken":0,"max_hp_gain":0,"max_hp_loss":0,"event_name":"Living Wall","floor":13,"gold_loss":0,"cards_upgraded":["Carnage"]}],"is_beta":false,"boss_relics":[],"items_purged_floors":[5],"is_endless":false,"potions_floor_spawned":[3,10,12],"killed_by":"The Guardian","ascension_level":20}}