{"host":"1dhlu4qzehvrzpot","time":1611831741,"event":{"mods":["2.2 Compatiblity","AchievementEnabler","BaseMod","Block Reminder","Minty Spire (QoL Compilation)","Permanent Neow","Quick Restart","Rare Cards Sparkle","Relic Stats","Say the Spire","Slay-I","StSLib","SuperFastMode"],"gold_per_floor":[119,119,137,22,40,40,67,67,67,93,93,104,38,3,3,98,98,118,137,137,152,152,152,152],"floor_reached":23,"language":"ENG","playtime":1264,"items_purged":["Pain"],"score":289,"play_id":"d3d33fd4-b2f2-4db7-9baf-8c163acaebb8","local_time":"20210128120221","is_ascension_mode":true,"campfire_choices":[{"data":"Doom and Gloom","floor":6,"key":"SMITH"},{"floor":8,"key":"REST"},{"data":"Dualcast","floor":15,"key":"SMITH"}],"circlet_count":0,"master_deck":["Dualcast+1","Doom and Gloom+1","Go for the Eyes","FTL","Capacitor","Capacitor","Creative AI","BootSequence","Multi-Cast","Tempest","Ball Lightning","Leap","Beam Cell","White Noise","Barrage","Force Field","Sunder","Hologram","White Noise"],"relics":["Cracked Core","WarpedTongs","Shuriken","The Courier","Ornamental Fan","Pandora\u0027s Box","Gremlin Horn"],"acts_visited":["Exordium","TheCity"],"potions_floor_usage":[16,21],"damage_taken":[{"damage":0,"enemies":"Small Slimes","floor":1,"turns":3},{"damage":6,"enemies":"Cultist","floor":3,"turns":4},{"damage":13,"enemies":"2 Louse","floor":5,"turns":2},{"damage":17,"enemies":"3 Sentries","floor":7,"turns":4},{"damage":28,"enemies":"Gremlin Nob","floor":10,"turns":4},{"damage":1,"enemies":"Red Slaver","floor":12,"turns":3},{"damage":38,"enemies":"The Guardian","floor":16,"turns":10},{"damage":22,"enemies":"2 Thieves","floor":18,"turns":4},{"damage":15,"enemies":"Spheric Guardian","floor":19,"turns":4},{"damage":12,"enemies":"Snake Plant","floor":21,"turns":3},{"damage":23,"enemies":"Book of Stabbing","floor":23,"turns":3}],"seed_played":"5909925523269592013","potions_obtained":[{"floor":7,"key":"FearPotion"},{"floor":10,"key":"PotionOfCapacity"},{"floor":18,"key":"Block Potion"}],"is_trial":false,"path_per_floor":["M","?","M","$","M","R","E","R","T","E","?","M","$","?","R","B",null,"M","M","?","M","T","E"],"character_chosen":"DEFECT","items_purchased":["FTL","BootSequence"],"campfire_rested":1,"item_purchase_floors":[4,13],"current_hp_per_floor":[68,68,62,62,49,49,32,54,54,26,26,25,25,43,43,5,58,36,21,21,9,9,0,0],"gold":152,"neow_bonus":"THREE_CARDS","is_daily":false,"chose_seed":false,"campfire_upgraded":2,"win_rate":0.0,"timestamp":1611831741,"path_taken":["M","?","?","$","M","R","E","R","T","E","?","M","?","?","R","BOSS","M","M","?","?","?","E"],"items_purchased_type":["Card","Card"],"build_version":"2020-12-22","purchased_purges":1,"victory":false,"max_hp_per_floor":[75,75,75,75,75,75,75,75,75,75,75,75,75,75,75,75,75,75,75,75,75,75,75,75],"relic_stats":{"Gremlin Horn":[0,0],"counters":[11,44],"Shuriken":[6],"Ornamental Fan":[16],"Pandora\u0027s Box":["Tempest","Ball Lightning","Leap","Beam Cell","White Noise","Barrage","Force Field"],"obtain_stats":[{"Gremlin Horn":22,"Shuriken":7,"Ornamental Fan":10,"Pandora\u0027s Box":17,"The Courier":9,"Cracked Core":0,"WarpedTongs":2},{"Gremlin Horn":10,"Shuriken":4,"Ornamental Fan":5,"Pandora\u0027s Box":7,"The Courier":4,"Cracked Core":0,"WarpedTongs":1},{"Gremlin Horn":41,"Shuriken":13,"Ornamental Fan":17,"Pandora\u0027s Box":30,"The Courier":13,"Cracked Core":0,"WarpedTongs":3}],"WarpedTongs":[41]},"card_choices":[{"not_picked":["Barrage","Rip and Tear"],"picked":"Doom and Gloom","floor":0},{"not_picked":["Sweeping Beam","Conserve Battery"],"picked":"Go for the Eyes","floor":1},{"not_picked":["Rip and Tear","Redo","Gash"],"picked":"SKIP","floor":3},{"not_picked":["Gash","Compile Driver"],"picked":"Capacitor","floor":5},{"not_picked":["Consume","Auto Shields"],"picked":"Capacitor","floor":7},{"not_picked":["Ball Lightning","Reprogram","Genetic Algorithm"],"picked":"SKIP","floor":10},{"not_picked":["Hologram","Stack"],"picked":"Creative AI","floor":12},{"not_picked":["Reboot","Thunder Strike"],"picked":"Multi-Cast","floor":16},{"not_picked":["Leap","Turbo+1"],"picked":"Sunder","floor":18},{"not_picked":["Beam Cell","Capacitor+1","Reinforced Body"],"picked":"SKIP","floor":19},{"not_picked":["Go for the Eyes","Aggregate"],"picked":"White Noise","floor":21}],"player_experience":536434,"relics_obtained":[{"floor":7,"key":"Shuriken"},{"floor":9,"key":"The Courier"},{"floor":10,"key":"Ornamental Fan"},{"floor":22,"key":"Gremlin Horn"}],"event_choices":[{"damage_healed":0,"gold_gain":0,"player_choice":"Rummage","damage_taken":0,"relics_obtained":["WarpedTongs"],"max_hp_gain":0,"max_hp_loss":0,"event_name":"Accursed Blacksmith","floor":2,"gold_loss":0,"cards_obtained":["Pain"]},{"cards_removed":["Strike_B"],"damage_healed":0,"gold_gain":0,"player_choice":"Purged","damage_taken":0,"max_hp_gain":0,"max_hp_loss":0,"event_name":"Purifier","floor":11,"gold_loss":0},{"damage_healed":18,"gold_gain":0,"player_choice":"Healed","damage_taken":0,"max_hp_gain":0,"max_hp_loss":0,"event_name":"The Cleric","floor":14,"gold_loss":35},{"damage_healed":0,"gold_gain":0,"cards_transformed":["Zap"],"player_choice":"Transformed","damage_taken":0,"max_hp_gain":0,"max_hp_loss":0,"event_name":"Transmorgrifier","floor":20,"gold_loss":0,"cards_obtained":["Hologram"]}],"is_beta":false,"boss_relics":[{"not_picked":["Busted Crown","FrozenCore"],"picked":"Pandora\u0027s Box"}],"items_purged_floors":[4],"is_endless":false,"potions_floor_spawned":[7,10,18],"killed_by":"Book of Stabbing","ascension_level":9}}