{"host":"qrt7o4dq2qslzw13","time":1611865300,"event":{"mods":["BaseMod","Colored Map","Colored Powertips","Minty Spire (QoL Compilation)","Quick Restart","Replay The Spire","Shop Mod","StSLib","SuperFastMode"],"gold_per_floor":[110,110,122,197,197,197,231,13,13,32,52,66,141,160,160,256,256,243,243,342,358,375,375,375,375],"floor_reached":24,"language":"ENG","playtime":441,"items_purged":[],"score":346,"play_id":"a5bcffb0-8971-4740-b54a-a0c914acafd3","local_time":"20210128152140","is_ascension_mode":true,"campfire_choices":[{"floor":6.0,"key":"REST"},{"floor":15,"key":"REST"},{"floor":23,"key":"REST"}],"circlet_count":0,"master_deck":["AscendersBane","Strike_G","Strike_G","Strike_G","Strike_G","Defend_G","Defend_G+1","Defend_G","Defend_G","Defend_G","Survivor+1","Neutralize","Distraction","Escape Plan","Catalyst","Catalyst","Dash","Envenom","Deadly Poison","PiercingWail","Blade Dance","Bullet Time","PiercingWail+1","Cloak And Dagger+1","Deflect+1"],"relics":["Ring of the Snake","NeowsBlessing","Blood Vial","DollysMirror","Paper Crane","Painkiller Herb"],"acts_visited":["Exordium","TheCity"],"potions_floor_usage":[14,16,22,22],"damage_taken":[{"damage":0.0,"enemies":"Cultist","floor":1.0,"turns":1.0},{"damage":0.0,"enemies":"2 Louse","floor":3.0,"turns":1.0},{"damage":0.0,"enemies":"3 Sentries","floor":7.0,"turns":1.0},{"damage":0.0,"enemies":"Small Slimes","floor":10.0,"turns":3.0},{"damage":4.0,"enemies":"Looter","floor":11.0,"turns":4.0},{"damage":3.0,"enemies":"Blue Slaver","floor":12.0,"turns":3.0},{"damage":3,"enemies":"Exordium Wildlife","floor":14,"turns":5},{"damage":42,"enemies":"The Guardian","floor":16,"turns":10},{"damage":6,"enemies":"2 Thieves","floor":18,"turns":4},{"damage":9,"enemies":"3 Byrds","floor":21,"turns":7},{"damage":31,"enemies":"Snecko","floor":22,"turns":6},{"damage":48,"enemies":"Chosen and Byrds","floor":24,"turns":8}],"seed_played":"-7456360206922550957","potions_obtained":[{"floor":3.0,"key":"Dexterity Potion"},{"floor":14,"key":"Venom Potion"},{"floor":18,"key":"Venom Potion"},{"floor":21,"key":"Fire Potion"},{"floor":22,"key":"BlessingOfTheForge"}],"is_trial":false,"path_per_floor":["M","?","M","?","?","R","E","$","T","M","M","M","?","M","R","B",null,"?","T","?","?","?","T","?"],"character_chosen":"THE_SILENT","items_purchased":["DollysMirror","Dash"],"campfire_rested":3,"item_purchase_floors":[8,8],"current_hp_per_floor":[63,49,49,38,31,52,52,52,52,54,52,51,44,43,64,24,59,55,55,55,48,19,40,0,0],"gold":375,"neow_bonus":"THREE_ENEMY_KILL","is_daily":false,"chose_seed":false,"campfire_upgraded":0,"win_rate":0.0,"timestamp":1611865300,"path_taken":["M","?","M","?","?","R","E","$","T","M","M","M","?","M","R","BOSS","?","?","?","?","?","T","?"],"items_purchased_type":["Relic","Card"],"build_version":"2020-12-22","purchased_purges":0,"victory":false,"max_hp_per_floor":[70,70,70,70,70,70,70,70,70,70,70,70,70,70,70,70,70,70,70,70,70,70,70,70,70],"card_choices":[{"not_picked":["Flying Knee","Backflip"],"picked":"Distraction","floor":1.0},{"not_picked":["Blade Dance","Hidden Blade"],"picked":"Escape Plan","floor":3.0},{"not_picked":["Caltrops","Poisoned Stab"],"picked":"Catalyst","floor":7.0},{"not_picked":["ReplayTheSpireMod:Exploit Weakness","Quick Slash"],"picked":"Envenom","floor":10.0},{"not_picked":["Outmaneuver","Sneak Up"],"picked":"Deadly Poison","floor":11.0},{"not_picked":["Sucker Punch","Acrobatics"],"picked":"PiercingWail","floor":12.0},{"not_picked":["Dagger Throw","Outmaneuver"],"picked":"Blade Dance","floor":14},{"not_picked":["Malaise","Atom Bomb"],"picked":"Bullet Time","floor":16},{"not_picked":["Blur","Skewer"],"picked":"PiercingWail+1","floor":18},{"not_picked":["Outmaneuver","Prepared+1"],"picked":"Cloak And Dagger+1","floor":21},{"not_picked":["Slice","Flying Knee"],"picked":"Deflect+1","floor":22}],"player_experience":609034,"relics_obtained":[{"floor":7.0,"key":"Blood Vial"},{"floor":9.0,"key":"Paper Crane"}],"event_choices":[{"damage_healed":0.0,"max_hp_gain":0.0,"max_hp_loss":0.0,"gold_gain":0.0,"event_name":"Shining Light","player_choice":"Entered Light","floor":2.0,"gold_loss":0.0,"damage_taken":14.0,"cards_upgraded":["Defend_G","Survivor"]},{"damage_healed":0.0,"max_hp_gain":0.0,"max_hp_loss":0.0,"gold_gain":75.0,"event_name":"World of Goop","player_choice":"Gather Gold","floor":4.0,"gold_loss":0.0,"damage_taken":11.0},{"cards_removed":["Strike_G"],"damage_healed":0.0,"max_hp_gain":0.0,"max_hp_loss":0.0,"gold_gain":0.0,"event_name":"Golden Wing","player_choice":"Card Removal","floor":5.0,"gold_loss":0.0,"damage_taken":7.0},{"damage_healed":0.0,"max_hp_gain":0.0,"max_hp_loss":0.0,"gold_gain":75.0,"event_name":"FaceTrader","player_choice":"Touch","floor":13.0,"gold_loss":0.0,"damage_taken":7.0},{"damage_healed":0,"gold_gain":99,"player_choice":"Stole From Cult","damage_taken":0,"max_hp_gain":0,"max_hp_loss":0,"event_name":"Nest","floor":20,"gold_loss":0}],"is_beta":false,"boss_relics":[{"not_picked":["Snecko Scales","Velvet Choker"],"picked":"Painkiller Herb"}],"items_purged_floors":[],"is_endless":false,"potions_floor_spawned":[3,14,18,21,22],"killed_by":"Chosen and Byrds","ascension_level":11}}