{"host":"1gh1pdv85cipbjj7","time":1611799691,"event":{"mods":["BaseMod","Colored Map","Downfall","GifTheSpireLib","Infinite Spire","Minty Spire (QoL Compilation)","Permanent Neow","StSLib","The Jungle"],"gold_per_floor":[99,112,112,129,139,172,172,188,217,217,317,349,349,361,381,381,381,381],"floor_reached":16,"language":"ENG","playtime":834,"items_purged":[],"score":146,"play_id":"feeb0ad5-5cfd-4378-93ad-a66f672028e4","local_time":"20210127200811","is_ascension_mode":true,"campfire_choices":[{"data":"Slimebound:CorrosiveSpit","floor":1,"key":"SMITH"},{"data":"Slimebound:ProtectTheBoss","floor":10,"key":"SMITH"},{"floor":13,"key":"REST"}],"circlet_count":0,"master_deck":["Slimebound:Strike_Slimebound","Slimebound:Strike_Slimebound","Slimebound:Strike_Slimebound","Slimebound:Tackle","Slimebound:Defend_Slimebound","Slimebound:Defend_Slimebound","Slimebound:Defend_Slimebound","Slimebound:Defend_Slimebound","Slimebound:Split+1","Slimebound:CorrosiveSpit+1","Slimebound:HauntingLick","Slimebound:ProtectTheBoss+1","Slimebound:GrowthPunch","Slimebound:Equalize","Slimebound:RollThrough","Slimebound:ViciousTackle","Slimebound:MassRepurpose","Slimebound:Schlurp","Slimebound:MassFeed"],"relics":["Slimebound:AbsorbEndCombat","The Courier","Mummified Hand","Blue Candle","Ancient Tea Set"],"acts_visited":["Exordium"],"potions_floor_usage":[12,16],"damage_taken":[{"damage":4,"enemies":"Cultist","floor":2,"turns":3},{"damage":0,"enemies":"Small Slimes","floor":4,"turns":2},{"damage":0,"enemies":"2 Louse","floor":5,"turns":3},{"damage":14,"enemies":"Lagavulin","floor":6,"turns":5},{"damage":7,"enemies":"Exordium Wildlife","floor":8,"turns":4},{"damage":18,"enemies":"Gremlin Nob","floor":9,"turns":4},{"damage":25,"enemies":"3 Sentries","floor":12,"turns":6},{"damage":11,"enemies":"Exordium Thugs","floor":14,"turns":4},{"damage":0,"enemies":"2 Fungi Beasts","floor":15,"turns":3},{"damage":106,"enemies":"SI_SHIV_ARCHETYPE","floor":16,"turns":7}],"seed_played":"1878944279389611673","potions_obtained":[{"floor":2,"key":"SkillPotion"},{"floor":9,"key":"FairyPotion"},{"floor":12,"key":"AttackPotion"}],"is_trial":false,"path_per_floor":["R","M","T","M","M","E","T","M","E","R","?","E","R","M","M","B"],"character_chosen":"SLIMEBOUND","items_purchased":[],"campfire_rested":1,"item_purchase_floors":[],"current_hp_per_floor":[65,61,61,63,65,59,59,60,56,56,56,39,58,61,65,0,0,0],"gold":381,"neow_bonus":"UPGRADE_CARD","is_daily":false,"chose_seed":false,"campfire_upgraded":2,"win_rate":0.0,"timestamp":1611799691,"path_taken":["R","M","?","M","M","E","T","M","E","R","?","E","R","?","M","BOSS"],"items_purchased_type":[],"build_version":"2020-12-22","purchased_purges":0,"victory":false,"max_hp_per_floor":[65,65,65,65,65,65,65,65,65,65,65,65,65,65,65,65,65,65],"card_choices":[{"not_picked":["Slimebound:SpikyOuterGoop","Slimebound:PressTheAttack"],"picked":"Slimebound:HauntingLick","floor":2},{"not_picked":["Slimebound:SplitLeeching","Slimebound:HauntingLick"],"picked":"Slimebound:ProtectTheBoss","floor":4},{"not_picked":["Slimebound:PressTheAttack","Slimebound:GoopTackle"],"picked":"Slimebound:GrowthPunch","floor":5},{"not_picked":["Slimebound:Replication","Slimebound:MassRepurpose"],"picked":"Slimebound:Equalize","floor":6},{"not_picked":["Slimebound:SamplingLick","Slimebound:SplitAcid"],"picked":"Slimebound:RollThrough","floor":8},{"not_picked":["Slimebound:ForwardTackle","Slimebound:RollThrough"],"picked":"Slimebound:ViciousTackle","floor":9},{"not_picked":["Slimebound:BestDefense","Slimebound:HauntingLick"],"picked":"Slimebound:MassRepurpose","floor":12},{"not_picked":["Slimebound:Prepare","Slimebound:GoopTackle"],"picked":"Slimebound:Schlurp","floor":14},{"not_picked":["Slimebound:LeechingTouch","Slimebound:Grow"],"picked":"Slimebound:MassFeed","floor":15}],"player_experience":773063,"relics_obtained":[{"floor":3,"key":"The Courier"},{"floor":6,"key":"Mummified Hand"},{"floor":7,"key":"Blue Candle"},{"floor":12,"key":"Ancient Tea Set"}],"event_choices":[],"is_beta":false,"boss_relics":[],"items_purged_floors":[],"is_endless":false,"potions_floor_spawned":[2,9,12],"killed_by":"SI_SHIV_ARCHETYPE","ascension_level":4}}