{"host":"b34lfm0pg36jv5no","time":1611861807,"event":{"mods":["BaseMod","Bestiary","Colored Map","Dark Map","Minty Spire (QoL Compilation)","Relic Stats","ojb\u0027s Info Mod"],"gold_per_floor":[115,128,140,140,155,155,155,155,178,209,209,253,253,278,278,399,399,413,454,454,473,163,4,48,48,48,48,82,82,82,95,95,220,220,240,111,136,136,32,32,66,87,87,130,151,151,4,23,23,23,23,23,23,56,56],"floor_reached":56,"language":"ENG","playtime":7842,"items_purged":["Strike_G","Strike_G","Strike_G"],"score":1716,"play_id":"54b770ef-b8c4-40a7-a773-9bb6ef43fcdb","local_time":"20210128192327","is_ascension_mode":true,"campfire_choices":[{"data":"Skewer","floor":6.0,"key":"SMITH"},{"data":"Blade Dance","floor":8.0,"key":"SMITH"},{"data":"Dash","floor":11.0,"key":"SMITH"},{"data":"Neutralize","floor":15.0,"key":"SMITH"},{"data":"Wraith Form v2","floor":25.0,"key":"SMITH"},{"data":"Tactician","floor":27.0,"key":"SMITH"},{"data":"Malaise","floor":30.0,"key":"SMITH"},{"data":"Outmaneuver","floor":32.0,"key":"SMITH"},{"data":"Prepared","floor":40.0,"key":"SMITH"},{"floor":46,"key":"RECALL"},{"data":"Night Terror","floor":49,"key":"SMITH"},{"data":"PanicButton","floor":52,"key":"SMITH"}],"circlet_count":0,"master_deck":["Strike_G+1","Defend_G","Defend_G","Defend_G","Defend_G","Survivor","Neutralize+1","Skewer+1","Blade Dance+1","Dash+1","Concentrate","Grand Finale","Dagger Throw+1","Malaise+1","Tactician+1","Leg Sweep+1","PanicButton+1","PiercingWail","Wraith Form v2+1","Outmaneuver+1","Prepared+1","Night Terror+1","Terror","Reflex","Flying Knee"],"relics":["Runic Pyramid","Golden Idol","Strawberry","Akabeko","Bronze Scales","Orichalcum","Black Star","Red Mask","ClockworkSouvenir","Membership Card","The Specimen","Art of War","Mummified Hand","Toy Ornithopter","Bottled Tornado","Busted Crown","Potion Belt","PreservedInsect","Smiling Mask","Juzu Bracelet","Whetstone","Ice Cream","Paper Crane","Sundial"],"acts_visited":["TheEnding"],"potions_floor_usage":[55,55,55,55,55],"damage_taken":[{"damage":2.0,"enemies":"Jaw Worm","floor":1.0,"turns":4.0},{"damage":2.0,"enemies":"Cultist","floor":2.0,"turns":4.0},{"damage":1.0,"enemies":"2 Louse","floor":3.0,"turns":4.0},{"damage":10.0,"enemies":"Gremlin Gang","floor":5.0,"turns":5.0},{"damage":0.0,"enemies":"Gremlin Nob","floor":10.0,"turns":2.0},{"damage":0.0,"enemies":"Lagavulin","floor":12.0,"turns":4.0},{"damage":7.0,"enemies":"Large Slime","floor":14.0,"turns":4.0},{"damage":18.0,"enemies":"Hexaghost","floor":16.0,"turns":5.0},{"damage":8.0,"enemies":"Shell Parasite","floor":18.0,"turns":5.0},{"damage":19.0,"enemies":"Masked Bandits","floor":19.0,"turns":5.0},{"damage":1.0,"enemies":"Spheric Guardian","floor":21.0,"turns":3.0},{"damage":0.0,"enemies":"Slavers","floor":24.0,"turns":7.0},{"damage":17.0,"enemies":"Gremlin Leader","floor":28.0,"turns":8.0},{"damage":0.0,"enemies":"Centurion and Healer","floor":31.0,"turns":6.0},{"damage":11.0,"enemies":"Champ","floor":33.0,"turns":9.0},{"damage":1.0,"enemies":"Orb Walker","floor":35.0,"turns":4.0},{"damage":0.0,"enemies":"3 Shapes","floor":37.0,"turns":7.0},{"damage":0.0,"enemies":"Reptomancer","floor":41.0,"turns":3.0},{"damage":0.0,"enemies":"Transient","floor":42.0,"turns":5.0},{"damage":7,"enemies":"Nemesis","floor":44,"turns":5},{"damage":1,"enemies":"Sphere and 2 Shapes","floor":45,"turns":7},{"damage":0,"enemies":"Jaw Worm Horde","floor":48,"turns":5},{"damage":21,"enemies":"Donu and Deca","floor":50,"turns":10},{"damage":0,"enemies":"Shield and Spear","floor":54,"turns":8},{"damage":43,"enemies":"The Heart","floor":55,"turns":12}],"seed_played":"1229605331599722260","potions_obtained":[{"floor":2.0,"key":"SteroidPotion"},{"floor":3.0,"key":"FearPotion"},{"floor":10.0,"key":"GamblersBrew"},{"floor":14.0,"key":"SpeedPotion"},{"floor":21.0,"key":"Swift Potion"},{"floor":28.0,"key":"Block Potion"},{"floor":31.0,"key":"SpeedPotion"},{"floor":33.0,"key":"Fruit Juice"},{"floor":35.0,"key":"EssenceOfSteel"},{"floor":41.0,"key":"Regen Potion"},{"floor":44,"key":"SkillPotion"},{"floor":45,"key":"Dexterity Potion"}],"is_trial":false,"path_per_floor":["M","M","M","?","M","R","?","R","T","E","R","E","T","M","R","B",null,"M","?","?","M","$","$","E","R","T","R","E","?","R","M","R","B",null,"M","$","M","?","$","R","E","M","T","E","M","R","$","M","R","B",null,"R","$","E","B",null],"character_chosen":"THE_SILENT","items_purchased":["ClockworkSouvenir","PanicButton","Membership Card","PiercingWail","Potion Belt","Terror","Ice Cream"],"campfire_rested":0,"item_purchase_floors":[22,22,23,23,36,39,47],"current_hp_per_floor":[61,59,58,51,41,41,41,41,48,48,48,48,48,41,41,23,60,52,33,33,32,32,32,32,32,32,32,15,72,72,72,72,61,69,77,77,77,77,77,77,77,77,77,70,69,69,69,69,69,48,70,70,70,70,54],"gold":56,"neow_bonus":"BOSS_RELIC","is_daily":false,"chose_seed":false,"campfire_upgraded":11,"win_rate":0.0,"timestamp":1611861807,"path_taken":["M","M","M","?","M","R","?","R","T","E","R","E","?","?","R","BOSS","M","?","?","?","?","$","E","R","T","R","E","?","R","M","R","BOSS","M","$","?","?","$","R","E","M","T","E","M","R","?","M","R","BOSS","R","$","E","BOSS"],"items_purchased_type":["Relic","Card","Relic","Card","Relic","Card","Relic"],"build_version":"2020-12-22","purchased_purges":3,"victory":true,"max_hp_per_floor":[70,70,70,70,70,70,65,65,72,72,72,72,72,72,72,72,72,72,72,72,72,72,72,72,72,72,72,72,72,72,72,72,72,72,77,77,77,77,77,77,77,77,77,77,77,77,77,77,77,77,77,77,77,77,77],"relic_stats":{"counters":[25,141],"Golden Idol":197,"PreservedInsect":115,"Juzu Bracelet":0,"Whetstone":["Strike_G","Dagger Throw"],"Orichalcum":[270],"Smiling Mask":0,"Busted Crown":16,"Mummified Hand":[32],"Sundial":[2],"Bronze Scales":[472],"Black Star":5,"Art of War":[26],"obtain_stats":[{"Ice Cream":47,"Juzu Bracelet":44,"Whetstone":44,"Bottled Tornado":28,"Smiling Mask":41,"ClockworkSouvenir":22,"Mummified Hand":26,"Sundial":54,"Strawberry":9,"Red Mask":19,"Ring of the Snake":0,"Runic Pyramid":0,"Potion Belt":36,"The Specimen":24,"Golden Idol":7,"PreservedInsect":41,"Orichalcum":13,"Paper Crane":54,"Akabeko":10,"Busted Crown":34,"Bronze Scales":12,"Black Star":17,"Art of War":24,"Membership Card":23,"Toy Ornithopter":28},{"Ice Cream":21,"Juzu Bracelet":20,"Whetstone":20,"Bottled Tornado":13,"Smiling Mask":18,"ClockworkSouvenir":11,"Mummified Hand":12,"Sundial":24,"Strawberry":4,"Red Mask":10,"Ring of the Snake":0,"Runic Pyramid":0,"Potion Belt":16,"The Specimen":12,"Golden Idol":4,"PreservedInsect":18,"Orichalcum":6,"Paper Crane":24,"Akabeko":5,"Busted Crown":15,"Bronze Scales":6,"Black Star":8,"Art of War":12,"Membership Card":11,"Toy Ornithopter":13},{"Ice Cream":106,"Juzu Bracelet":99,"Whetstone":99,"Bottled Tornado":60,"Smiling Mask":89,"ClockworkSouvenir":45,"Mummified Hand":52,"Sundial":129,"Strawberry":17,"Red Mask":42,"Ring of the Snake":0,"Runic Pyramid":0,"Potion Belt":79,"The Specimen":52,"Golden Idol":17,"PreservedInsect":89,"Orichalcum":23,"Paper Crane":129,"Akabeko":19,"Busted Crown":75,"Bronze Scales":23,"Black Star":32,"Art of War":52,"Membership Card":45,"Toy Ornithopter":60}],"Toy Ornithopter":16},"card_choices":[{"not_picked":["Poisoned Stab","Acrobatics"],"picked":"Skewer","floor":1.0},{"not_picked":["Flying Knee","A Thousand Cuts"],"picked":"Blade Dance","floor":2.0},{"not_picked":["Riddle With Holes","Prepared"],"picked":"Dash","floor":3.0},{"not_picked":["Acrobatics","Bane"],"picked":"Concentrate","floor":5.0},{"not_picked":["Flying Knee","Outmaneuver","Acrobatics"],"picked":"SKIP","floor":10.0},{"not_picked":["Crippling Poison","Riddle With Holes"],"picked":"Grand Finale","floor":12.0},{"not_picked":["Bane","Dagger Spray"],"picked":"Dagger Throw","floor":14.0},{"not_picked":["After Image","Glass Knife"],"picked":"Malaise","floor":16.0},{"not_picked":["Dagger Spray","Outmaneuver"],"picked":"Tactician","floor":18.0},{"not_picked":["Skewer+1","Blur"],"picked":"Leg Sweep+1","floor":21.0},{"not_picked":["Choke","Dagger Spray"],"picked":"Wraith Form v2","floor":24.0},{"not_picked":["Well Laid Plans+1","Dodge and Roll"],"picked":"Reflex","floor":28.0},{"not_picked":["Bane","Expertise"],"picked":"Outmaneuver","floor":31.0},{"not_picked":["Catalyst+1"],"picked":"SKIP","floor":35.0},{"not_picked":[],"picked":"Prepared","floor":37.0},{"not_picked":["Slice"],"picked":"SKIP","floor":41.0},{"not_picked":[],"picked":"Reflex","floor":42.0},{"not_picked":["Setup"],"picked":"SKIP","floor":44},{"not_picked":["Bouncing Flask+1"],"picked":"SKIP","floor":45},{"not_picked":["Well Laid Plans+1"],"picked":"SKIP","floor":48},{"not_picked":[],"picked":"Flying Knee","floor":54}],"player_experience":2553370,"relics_obtained":[{"floor":9.0,"key":"Strawberry"},{"floor":10.0,"key":"Akabeko"},{"floor":12.0,"key":"Bronze Scales"},{"floor":13.0,"key":"Orichalcum"},{"floor":19.0,"key":"Red Mask"},{"floor":24.0,"key":"The Specimen"},{"floor":24.0,"key":"Art of War"},{"floor":26.0,"key":"Mummified Hand"},{"floor":28.0,"key":"Toy Ornithopter"},{"floor":28.0,"key":"Bottled Tornado"},{"floor":41.0,"key":"PreservedInsect"},{"floor":41.0,"key":"Smiling Mask"},{"floor":44,"key":"Juzu Bracelet"},{"floor":44,"key":"Whetstone"},{"floor":54,"key":"Paper Crane"},{"floor":54,"key":"Sundial"}],"event_choices":[{"cards_removed":["Defend_G"],"damage_healed":0.0,"max_hp_gain":0.0,"max_hp_loss":0.0,"gold_gain":0.0,"event_name":"Golden Wing","player_choice":"Card Removal","floor":4.0,"gold_loss":0.0,"damage_taken":7.0},{"damage_healed":0.0,"max_hp_gain":0.0,"max_hp_loss":5.0,"gold_gain":0.0,"event_name":"Golden Idol","player_choice":"Lose Max HP","floor":7.0,"gold_loss":0.0,"damage_taken":0.0,"relics_obtained":["Golden Idol"]},{"damage_healed":0.0,"max_hp_gain":0.0,"max_hp_loss":0.0,"gold_gain":0.0,"event_name":"Masked Bandits","player_choice":"Fought Bandits","floor":19.0,"gold_loss":0.0,"damage_taken":0.0},{"damage_healed":0.0,"max_hp_gain":0.0,"max_hp_loss":0.0,"gold_gain":0.0,"event_name":"NoteForYourself","player_choice":"Ignored","floor":20.0,"gold_loss":0.0,"damage_taken":0.0},{"cards_removed":["Reflex"],"damage_healed":57.0,"max_hp_gain":0.0,"max_hp_loss":0.0,"gold_gain":0.0,"event_name":"Bonfire Elementals","player_choice":"Offered Uncommon","floor":29.0,"gold_loss":0.0,"damage_taken":0.0},{"damage_healed":0.0,"max_hp_gain":0.0,"max_hp_loss":0.0,"gold_gain":0.0,"cards_transformed":["Strike_G"],"event_name":"Transmorgrifier","player_choice":"Transformed","floor":38.0,"gold_loss":0.0,"damage_taken":0.0,"cards_obtained":["Night Terror"]}],"is_beta":false,"boss_relics":[{"not_picked":["Sozu","Empty Cage"],"picked":"Black Star"},{"not_picked":["Runic Dome","Tiny House"],"picked":"Busted Crown"}],"items_purged_floors":[22,36,39],"is_endless":false,"potions_floor_spawned":[2,3,10,14,21,28,31,33,35,41,44,45],"ascension_level":6}}