{"host":"h0xw20cia6ppa69g","time":1611817978,"event":{"mods":["AchievementEnabler","BaseMod","Colored Map","Filter the Spire","Googly Eyes","Minty Spire (QoL Compilation)","Relic Stats","StSLib","The Awakened One except there are too many feathers","everything is the same but u backflip on backflip"],"gold_per_floor":[116,133,145,163,163,198,210,241,303,335,347,118,151,165,165,268,268,287,130,130,143,162,190,190,220,244,577,577,577],"floor_reached":28,"language":"ENG","playtime":1315,"items_purged":[],"score":330,"play_id":"71d80009-9f65-47e1-b264-0290d234ab13","local_time":"20210128011258","is_ascension_mode":true,"campfire_choices":[{"data":"Loop","floor":7.0,"key":"SMITH"},{"floor":15.0,"key":"REST"},{"floor":24.0,"key":"REST"}],"circlet_count":0,"master_deck":["Dualcast+1","Rainbow","Rainbow+1","Glacier","Gash","Loop","Double Energy","Loop+1","Heatsinks","Sweeping Beam","Ball Lightning","Melter","Conserve Battery","Barrage","Multi-Cast","Capacitor","Storm","Defragment","Hologram","Stack","Coolheaded","Creative AI","Force Field","Conserve Battery+1","Cold Snap","Genetic Algorithm"],"relics":["Pandora\u0027s Box","MawBank","Bag of Preparation","Gremlin Horn","Philosopher\u0027s Stone","ClockworkSouvenir","Nunchaku","Darkstone Periapt","Ancient Tea Set","Old Coin"],"acts_visited":["Exordium","TheCity"],"potions_floor_usage":[],"damage_taken":[{"damage":4.0,"enemies":"2 Louse","floor":1.0,"turns":2.0},{"damage":4.0,"enemies":"Cultist","floor":2.0,"turns":3.0},{"damage":0.0,"enemies":"Jaw Worm","floor":3.0,"turns":3.0},{"damage":1.0,"enemies":"Blue Slaver","floor":4.0,"turns":4.0},{"damage":14.0,"enemies":"Lagavulin","floor":6.0,"turns":7.0},{"damage":7.0,"enemies":"3 Louse","floor":8.0,"turns":3.0},{"damage":8.0,"enemies":"Exordium Thugs","floor":10.0,"turns":4.0},{"damage":19.0,"enemies":"Gremlin Nob","floor":13.0,"turns":4.0},{"damage":0.0,"enemies":"Looter","floor":14.0,"turns":3.0},{"damage":4.0,"enemies":"Slime Boss","floor":16.0,"turns":7.0},{"damage":13.0,"enemies":"2 Thieves","floor":18.0,"turns":4.0},{"damage":9.0,"enemies":"3 Byrds","floor":21.0,"turns":3.0},{"damage":4.0,"enemies":"Centurion and Healer","floor":22.0,"turns":7.0},{"damage":18.0,"enemies":"Gremlin Leader","floor":23.0,"turns":5.0},{"damage":24.0,"enemies":"Slavers","floor":25.0,"turns":5.0},{"damage":13,"enemies":"Book of Stabbing","floor":27,"turns":7},{"damage":6,"enemies":"Snake Plant","floor":28,"turns":1}],"seed_played":"-6294882833135376907","potions_obtained":[{"floor":3.0,"key":"Explosive Potion"},{"floor":4.0,"key":"LiquidBronze"},{"floor":6.0,"key":"DistilledChaos"},{"floor":10.0,"key":"Swift Potion"},{"floor":22.0,"key":"FearPotion"},{"floor":23.0,"key":"PotionOfCapacity"}],"is_trial":false,"path_per_floor":["M","M","M","M","?","E","R","M","T","M","?","$","E","M","R","B",null,"M","$","?","M","M","E","R","E","T","E","M"],"character_chosen":"DEFECT","items_purchased":["Bag of Preparation","Defragment","Hologram","ClockworkSouvenir"],"campfire_rested":2,"item_purchase_floors":[12,12,12,19],"current_hp_per_floor":[71,67,67,66,66,52,52,45,45,37,22,22,3,3,25,21,75,62,62,48,39,35,17,41,17,17,4,0,0],"gold":577,"neow_bonus":"BOSS_RELIC","is_daily":false,"chose_seed":false,"campfire_upgraded":1,"win_rate":0.0,"timestamp":1611817978,"path_taken":["M","M","M","M","?","E","R","M","T","?","?","$","E","M","R","BOSS","M","$","?","M","M","E","R","E","T","E","M"],"items_purchased_type":["Relic","Card","Card","Relic"],"build_version":"2020-12-22","purchased_purges":0,"victory":false,"max_hp_per_floor":[75,75,75,75,75,75,75,75,75,75,75,75,75,75,75,75,75,75,75,80,80,80,80,80,80,80,80,80,80],"relic_stats":{"Darkstone Periapt":0,"Nunchaku":[1],"Gremlin Horn":[11,11],"counters":[17,71],"Pandora\u0027s Box":["Rainbow","Rainbow","Glacier","Gash","Loop","Double Energy","Loop","Heatsinks"],"Bag of Preparation":[20],"MawBank":72,"obtain_stats":[{"Darkstone Periapt":25,"Nunchaku":23,"Gremlin Horn":13,"Pandora\u0027s Box":0,"Philosopher\u0027s Stone":17,"Bag of Preparation":12,"Cracked Core":0,"MawBank":6,"Ancient Tea Set":26,"ClockworkSouvenir":19,"Old Coin":27},{"Darkstone Periapt":15,"Nunchaku":14,"Gremlin Horn":8,"Pandora\u0027s Box":0,"Philosopher\u0027s Stone":10,"Bag of Preparation":7,"Cracked Core":0,"MawBank":5,"Ancient Tea Set":15,"ClockworkSouvenir":11,"Old Coin":16},{"Darkstone Periapt":63,"Nunchaku":58,"Gremlin Horn":30,"Pandora\u0027s Box":0,"Philosopher\u0027s Stone":40,"Bag of Preparation":26,"Cracked Core":0,"MawBank":19,"Ancient Tea Set":63,"ClockworkSouvenir":44,"Old Coin":70}]},"card_choices":[{"not_picked":["Redo","Coolheaded"],"picked":"Sweeping Beam","floor":1.0},{"not_picked":["Redo","Cold Snap"],"picked":"Ball Lightning","floor":2.0},{"not_picked":["Reprogram","Coolheaded"],"picked":"Melter","floor":3.0},{"not_picked":["Redo","Doom and Gloom"],"picked":"Conserve Battery","floor":4.0},{"not_picked":["Cold Snap","Turbo"],"picked":"Multi-Cast","floor":6.0},{"not_picked":["Rebound","FTL"],"picked":"Capacitor","floor":8.0},{"not_picked":["Sweeping Beam","Go for the Eyes"],"picked":"Storm","floor":10.0},{"not_picked":["Blizzard","Redo"],"picked":"Stack","floor":13.0},{"not_picked":["Redo","Gash"],"picked":"Coolheaded","floor":14.0},{"not_picked":["Multi-Cast","Rainbow"],"picked":"Creative AI","floor":16.0},{"not_picked":["Sunder","Compile Driver","Coolheaded"],"picked":"SKIP","floor":18.0},{"not_picked":["Ball Lightning+1","Streamline","Coolheaded+1"],"picked":"SKIP","floor":21.0},{"not_picked":["Beam Cell","Steam"],"picked":"Force Field","floor":22.0},{"not_picked":["Redo+1","Go for the Eyes"],"picked":"Conserve Battery+1","floor":23.0},{"not_picked":["Fission","Go for the Eyes"],"picked":"Cold Snap","floor":25.0},{"not_picked":["Streamline","Redo"],"picked":"Genetic Algorithm","floor":27}],"player_experience":3779552,"relics_obtained":[{"floor":6.0,"key":"MawBank"},{"floor":13.0,"key":"Gremlin Horn"},{"floor":23.0,"key":"Nunchaku"},{"floor":25.0,"key":"Darkstone Periapt"},{"floor":26.0,"key":"Ancient Tea Set"},{"floor":27,"key":"Old Coin"}],"event_choices":[{"damage_healed":0.0,"max_hp_gain":0.0,"max_hp_loss":0.0,"gold_gain":0.0,"cards_transformed":["Zap"],"event_name":"Transmorgrifier","player_choice":"Transformed","floor":5.0,"gold_loss":0.0,"damage_taken":0.0,"cards_obtained":["Barrage"]},{"damage_healed":0.0,"max_hp_gain":0.0,"max_hp_loss":0.0,"gold_gain":0.0,"event_name":"Shining Light","player_choice":"Entered Light","floor":11.0,"gold_loss":0.0,"damage_taken":15.0,"cards_upgraded":["Dualcast","Rainbow"]},{"damage_healed":0.0,"max_hp_gain":5.0,"max_hp_loss":0.0,"gold_gain":0.0,"event_name":"Forgotten Altar","player_choice":"Shed Blood","floor":20.0,"gold_loss":0.0,"damage_taken":19.0}],"is_beta":false,"boss_relics":[{"not_picked":["Cursed Key","Empty Cage"],"picked":"Philosopher\u0027s Stone"}],"items_purged_floors":[],"is_endless":false,"potions_floor_spawned":[3,4,6,10,16,22,23],"killed_by":"Snake Plant","ascension_level":1}}