{"host":"wq5h7jomr5a1xww7","time":1611792345,"event":{"mods":["BaseMod","Highlight Path","Minty Spire (QoL Compilation)","Relic Stats","StSLib"],"gold_per_floor":[119,119,194,194,194,228,228,262,286,302,302,340,20,35,35,158,158,174,188,188,209,236,236,280,305,359,31,69,85,85,98,98,217,217,237,237,237,255,270,270,309,309,309,642,655,230,265,280,280,280,280,280,29,60,60],"floor_reached":56,"language":"ENG","playtime":4397,"items_purged":["Strike_R","Heavy Blade"],"score":1364,"play_id":"12fea342-95dd-4d5b-b75a-d9de9f1c33fb","local_time":"20210127180545","is_ascension_mode":true,"campfire_choices":[{"data":"Bash","floor":7.0,"key":"SMITH"},{"data":"Cleave","floor":11.0,"key":"SMITH"},{"data":"Spot Weakness","floor":15.0,"key":"SMITH"},{"data":"Double Tap","floor":23.0,"key":"SMITH"},{"data":"True Grit","floor":30.0,"key":"SMITH"},{"data":"Limit Break","floor":32.0,"key":"SMITH"},{"data":"Uppercut","floor":40.0,"key":"SMITH"},{"data":"Disarm","floor":42.0,"key":"SMITH"},{"floor":49.0,"key":"RECALL"},{"data":"Demon Form","floor":52.0,"key":"SMITH"}],"circlet_count":0,"master_deck":["Defend_R","Defend_R+1","Defend_R","Defend_R","Bash+1","Cleave+1","Sword Boomerang","Shrug It Off","Spot Weakness+1","Uppercut+1","Double Tap+1","Whirlwind+1","True Grit+1","Disarm+1","Infernal Blade","Pummel","Limit Break+1","Limit Break+1","Heavy Blade+1","Dropkick","Demon Form+1","Ghostly Armor","Violence","Burning Pact","Impervious"],"relics":["Burning Blood","Paper Frog","Bag of Marbles","Lantern","Strawberry","White Beast Statue","Philosopher\u0027s Stone","Centennial Puzzle","InkBottle","Happy Flower","Kunai","Sundial","Empty Cage","Pear","ClockworkSouvenir","Dead Branch","Blood Vial"],"acts_visited":["Exordium","TheCity","TheBeyond","TheEnding"],"potions_floor_usage":[55,55],"damage_taken":[{"damage":2.0,"enemies":"2 Louse","floor":1.0,"turns":4.0},{"damage":25.0,"enemies":"Gremlin Nob","floor":6.0,"turns":5.0},{"damage":23.0,"enemies":"Lagavulin","floor":8.0,"turns":6.0},{"damage":0.0,"enemies":"Small Slimes","floor":10.0,"turns":2.0},{"damage":9.0,"enemies":"3 Sentries","floor":12.0,"turns":6.0},{"damage":0.0,"enemies":"Jaw Worm","floor":14.0,"turns":1.0},{"damage":0.0,"enemies":"Slime Boss","floor":16.0,"turns":5.0},{"damage":0.0,"enemies":"Spheric Guardian","floor":18.0,"turns":3.0},{"damage":8.0,"enemies":"Chosen","floor":19.0,"turns":2.0},{"damage":6.0,"enemies":"Shelled Parasite and Fungi","floor":21.0,"turns":3.0},{"damage":17.0,"enemies":"Slavers","floor":24.0,"turns":2.0},{"damage":12.0,"enemies":"3 Cultists","floor":25.0,"turns":3.0},{"damage":18.0,"enemies":"Gremlin Leader","floor":28.0,"turns":4.0},{"damage":0.0,"enemies":"Snecko","floor":29.0,"turns":2.0},{"damage":0.0,"enemies":"Centurion and Healer","floor":31.0,"turns":2.0},{"damage":50.0,"enemies":"Champ","floor":33.0,"turns":8.0},{"damage":0.0,"enemies":"3 Shapes","floor":35.0,"turns":13.0},{"damage":3.0,"enemies":"3 Darklings","floor":38.0,"turns":3.0},{"damage":15.0,"enemies":"Writhing Mass","floor":39.0,"turns":4.0},{"damage":29.0,"enemies":"Reptomancer","floor":41.0,"turns":3.0},{"damage":12.0,"enemies":"Sphere and 2 Shapes","floor":45.0,"turns":4.0},{"damage":67.0,"enemies":"Giant Head","floor":47.0,"turns":8.0},{"damage":7.0,"enemies":"4 Shapes","floor":48.0,"turns":4.0},{"damage":23.0,"enemies":"Donu and Deca","floor":50.0,"turns":5.0},{"damage":27.0,"enemies":"Shield and Spear","floor":54.0,"turns":5.0},{"damage":50,"enemies":"The Heart","floor":55,"turns":6}],"seed_played":"7549431145523595161","potions_obtained":[{"floor":6.0,"key":"Strength Potion"},{"floor":8.0,"key":"Block Potion"},{"floor":14.0,"key":"GamblersBrew"},{"floor":16.0,"key":"DuplicationPotion"},{"floor":18.0,"key":"LiquidBronze"},{"floor":19.0,"key":"GamblersBrew"},{"floor":21.0,"key":"GamblersBrew"},{"floor":24.0,"key":"LiquidBronze"},{"floor":25.0,"key":"Swift Potion"},{"floor":28.0,"key":"Weak Potion"},{"floor":29.0,"key":"Strength Potion"},{"floor":31.0,"key":"Strength Potion"},{"floor":33.0,"key":"BlessingOfTheForge"},{"floor":35.0,"key":"SkillPotion"},{"floor":38.0,"key":"ColorlessPotion"},{"floor":41.0,"key":"FairyPotion"},{"floor":45.0,"key":"FearPotion"},{"floor":47.0,"key":"EssenceOfSteel"},{"floor":48.0,"key":"PowerPotion"},{"floor":54.0,"key":"Block Potion"}],"is_trial":false,"path_per_floor":["M","?","?","?","?","E","R","E","T","M","R","E","$","M","R","B",null,"M","M","?","M","T","R","E","M","T","$","E","M","R","M","R","B",null,"M","?","?","M","M","R","E","R","T","?","M","$","E","M","R","B",null,"R","$","E","B",null],"character_chosen":"IRONCLAD","items_purchased":["White Beast Statue","Kunai","Pummel","ClockworkSouvenir","Violence","Impervious","Energy Potion","ColorlessPotion"],"campfire_rested":0,"item_purchase_floors":[13,27,27,46,46,53,53,53],"current_hp_per_floor":[88,81,70,70,54,35,35,18,18,24,24,28,28,34,34,40,88,88,86,86,86,86,86,75,69,69,69,57,63,63,69,69,25,88,88,88,88,88,79,79,66,66,66,66,60,60,35,34,34,17,98,98,98,77,35],"gold":60,"neow_bonus":"TEN_PERCENT_HP_BONUS","is_daily":false,"chose_seed":false,"campfire_upgraded":9,"win_rate":0.0,"timestamp":1611792345,"path_taken":["M","?","?","?","?","E","R","E","T","M","R","E","$","M","R","BOSS","M","M","?","M","?","R","E","M","T","$","E","?","R","M","R","BOSS","M","?","?","M","?","R","E","R","T","?","M","?","E","M","R","BOSS","R","$","E","BOSS"],"items_purchased_type":["Relic","Relic","Card","Relic","Card","Card","Potion","Potion"],"build_version":"2020-12-22","purchased_purges":2,"victory":true,"max_hp_per_floor":[88,88,88,81,81,81,81,81,81,81,81,88,88,88,88,88,88,88,88,88,88,88,88,88,88,88,88,88,88,88,88,88,88,88,88,88,88,88,88,88,98,98,98,98,98,98,98,98,98,98,98,98,98,98,98],"relic_stats":{"Blood Vial":2,"Centennial Puzzle":[39],"Happy Flower":[23],"counters":[26,113],"Sundial":[8],"Dead Branch":[29],"Kunai":[14],"obtain_stats":[{"Lantern":9,"Pear":41,"Happy Flower":26,"Golden Idol":4,"Dead Branch":47,"Empty Cage":34,"Burning Blood":0,"White Beast Statue":13,"ClockworkSouvenir":46,"Blood Vial":54,"Centennial Puzzle":22,"Sundial":28,"Strawberry":12,"Philosopher\u0027s Stone":17,"Bag of Marbles":8,"Kunai":27,"InkBottle":24,"Paper Frog":6},{"Lantern":3,"Pear":20,"Happy Flower":12,"Golden Idol":1,"Dead Branch":22,"Empty Cage":16,"Burning Blood":0,"White Beast Statue":5,"ClockworkSouvenir":21,"Blood Vial":25,"Centennial Puzzle":10,"Sundial":13,"Strawberry":5,"Philosopher\u0027s Stone":7,"Bag of Marbles":3,"Kunai":12,"InkBottle":11,"Paper Frog":2},{"Lantern":15,"Pear":81,"Happy Flower":42,"Golden Idol":4,"Dead Branch":93,"Empty Cage":58,"Burning Blood":0,"White Beast Statue":23,"ClockworkSouvenir":85,"Blood Vial":107,"Centennial Puzzle":37,"Sundial":46,"Strawberry":23,"Philosopher\u0027s Stone":29,"Bag of Marbles":15,"Kunai":42,"InkBottle":39,"Paper Frog":9}],"Burning Blood":137,"InkBottle":[28]},"card_choices":[{"not_picked":["Evolve","Feel No Pain"],"picked":"Cleave","floor":1.0},{"not_picked":["Entrench","Dual Wield"],"picked":"Sword Boomerang","floor":6.0},{"not_picked":["Burning Pact","Flex"],"picked":"Shrug It Off","floor":8.0},{"not_picked":["Clash","Blood for Blood"],"picked":"Spot Weakness","floor":12.0},{"not_picked":["Pommel Strike","Clothesline"],"picked":"Uppercut","floor":14.0},{"not_picked":["Exhume","Brutality"],"picked":"Double Tap","floor":16.0},{"not_picked":["Evolve","Hemokinesis+1"],"picked":"Whirlwind+1","floor":19.0},{"not_picked":["Hemokinesis+1","Iron Wave"],"picked":"Disarm","floor":21.0},{"not_picked":["Thunderclap","Flex"],"picked":"Infernal Blade","floor":25.0},{"not_picked":["Twin Strike+1","Clash"],"picked":"Limit Break","floor":28.0},{"not_picked":["Headbutt","Warcry"],"picked":"Heavy Blade","floor":31.0},{"not_picked":["Juggernaut","Brutality"],"picked":"Limit Break","floor":33.0},{"not_picked":["Seeing Red+1","Shrug It Off"],"picked":"Heavy Blade+1","floor":38.0},{"not_picked":["Power Through+1","Cleave+1"],"picked":"Dropkick","floor":39.0},{"not_picked":["Carnage","Seeing Red+1"],"picked":"Demon Form","floor":41.0},{"not_picked":["Inflame","Pummel"],"picked":"Ghostly Armor","floor":45.0},{"not_picked":["Wild Strike+1","Disarm"],"picked":"Burning Pact","floor":47.0},{"not_picked":["Seeing Red","Searing Blow+1","Metallicize+1"],"picked":"SKIP","floor":54.0}],"player_experience":75714,"relics_obtained":[{"floor":6.0,"key":"Paper Frog"},{"floor":8.0,"key":"Bag of Marbles"},{"floor":9.0,"key":"Lantern"},{"floor":12.0,"key":"Strawberry"},{"floor":22.0,"key":"Centennial Puzzle"},{"floor":24.0,"key":"InkBottle"},{"floor":26.0,"key":"Happy Flower"},{"floor":28.0,"key":"Sundial"},{"floor":41.0,"key":"Pear"},{"floor":47.0,"key":"Dead Branch"},{"floor":54.0,"key":"Blood Vial"}],"event_choices":[{"cards_removed":["Strike_R"],"damage_healed":0.0,"max_hp_gain":0.0,"max_hp_loss":0.0,"gold_gain":0.0,"event_name":"Golden Wing","player_choice":"Card Removal","floor":2.0,"gold_loss":0.0,"damage_taken":7.0},{"damage_healed":0.0,"max_hp_gain":0.0,"max_hp_loss":0.0,"gold_gain":75.0,"event_name":"World of Goop","player_choice":"Gather Gold","floor":3.0,"gold_loss":0.0,"damage_taken":11.0},{"damage_healed":0.0,"max_hp_gain":0.0,"max_hp_loss":7.0,"gold_gain":0.0,"event_name":"Golden Idol","player_choice":"Lose Max HP","floor":4.0,"gold_loss":0.0,"damage_taken":0.0,"relics_obtained":["Golden Idol"]},{"damage_healed":0.0,"max_hp_gain":0.0,"max_hp_loss":0.0,"gold_gain":0.0,"event_name":"Shining Light","player_choice":"Entered Light","floor":5.0,"gold_loss":0.0,"damage_taken":16.0,"cards_upgraded":["Strike_R","Defend_R"]},{"damage_healed":0.0,"max_hp_gain":0.0,"max_hp_loss":0.0,"gold_gain":0.0,"event_name":"The Library","player_choice":"Read","floor":20.0,"gold_loss":0.0,"damage_taken":0.0,"cards_obtained":["True Grit"]},{"cards_removed":["Strike_R"],"damage_healed":0.0,"max_hp_gain":0.0,"max_hp_loss":0.0,"gold_gain":0.0,"event_name":"Falling","player_choice":"Removed Attack","floor":36.0,"gold_loss":0.0,"damage_taken":0.0},{"damage_healed":0.0,"max_hp_gain":0.0,"max_hp_loss":0.0,"gold_gain":0.0,"event_name":"Accursed Blacksmith","player_choice":"Forge","floor":37.0,"gold_loss":0.0,"damage_taken":0.0,"cards_upgraded":["Limit Break"]},{"damage_healed":0.0,"max_hp_gain":0.0,"max_hp_loss":0.0,"gold_gain":333.0,"event_name":"The Moai Head","player_choice":"Gave Idol","floor":44.0,"relics_lost":["Golden Idol"],"gold_loss":0.0,"damage_taken":0.0}],"is_beta":false,"boss_relics":[{"not_picked":["Pandora\u0027s Box","Runic Cube"],"picked":"Philosopher\u0027s Stone"},{"not_picked":["Mark of Pain","Tiny House"],"picked":"Empty Cage"}],"items_purged_floors":[13,46],"is_endless":false,"potions_floor_spawned":[6,8,14,16,18,19,21,24,25,28,29,31,33,35,38,39,41,45,47,48,54],"ascension_level":1}}