{"host":"gtrx90x5hc2p0luo","time":1611840779,"event":{"mods":["BaseMod","BetterRewards","Colored Map","Downfall","Googly Eyes","Highlight Path","Minty Spire (QoL Compilation)","Shop Mod","StSLib","The Animator"],"gold_per_floor":[122,26,26,26,51,78,92,92,92,126,126,34,66,77,77,172,172,185,215,234,247,279,305,305,73,73,418,430,11,54,64,64,183,208,250,266,110,110,110,110,124,234,259,259,337,386,465,475,475,475,475,475,203,278,278],"floor_reached":56,"language":"ENG","playtime":6281,"items_purged":[],"score":1516,"play_id":"b6034f68-ce0d-4d0f-81c1-18de508f5407","local_time":"20210128143259","is_ascension_mode":true,"campfire_choices":[{"floor":8,"key":"REST"},{"floor":15,"key":"REST"},{"floor":24,"key":"REST"},{"floor":32,"key":"REST"},{"floor":40,"key":"RECALL"},{"data":"animator:TukaLunaMarceau","floor":44,"key":"SMITH"},{"floor":49,"key":"REST"},{"data":"animator:Kuribayashi","floor":52,"key":"SMITH"}],"circlet_count":0,"master_deck":["animator:Strike_GATE","animator:Defend_GATE","animator:Strike","animator:Strike","animator:Strike","animator:Defend","animator:Defend","animator:Defend","animator:TukaLunaMarceau+1","animator:Kuribayashi+1","animator:Melzalgald+1","animator:Alexander+1","animator:Darkness+1","animator:Aqua+1","animator:YaoHaDucy+1","animator:Saber+1","animator:Berserker+1","animator:Illya+1","animator:Berserker+1","animator:Mitsurugi+1","animator:Aqua+1","animator:Mitsurugi+1","animator:Saitama+1","animator:RoryMercury+1","animator:Envy+1","animator:Melzalgald+1","animator:Illya+1","animator:Genos+1","animator:EmiyaShirou+1","animator:Lancer+1","animator:MetalKnight+1","animator:Bozes+1","animator:YaoHaDucy+1","animator:Shigure+1","animator:Lancer+1","animator:LeleiLaLalena+1","animator:Gilgamesh+13","animator:Tyuule+1","animator:HigakiRinne+1","animator:SakuraMatou+1","animator:Demiurge+1","animator:Arpeggio+1","animator:Mitsurugi+1"],"relics":["animator:LivingPicture","animator:TheMissingPiece","Molten Egg 2","Frozen Egg 2","Toxic Egg 2","Unceasing Top","Ice Cream","Blue Candle","Bronze Scales","animator:OldCoffin","HornCleat","Paper Frog","Black Star","Red Mask","animator:ShionDessert","StoneCalendar","MerchantsRug","Oddly Smooth Stone","animator:Buoy","Lantern","Question Card","Letter Opener","White Beast Statue","animator:HolyGrailRelic","Membership Card","Lee\u0027s Waffle","CloakClasp","Bottled Flame","Bag of Preparation","animator:WornHelmet","Bag of Marbles","Orichalcum","Incense Burner","Nunchaku","TwistedFunnel","Centennial Puzzle","Paper Crane","Gremlin Horn","Calipers"],"acts_visited":["Exordium","TheCity","TheBeyond","TheEnding"],"potions_floor_usage":[16,30,30,33,36,42,50,50,55,55],"damage_taken":[{"damage":0,"enemies":"2 Louse","floor":1,"turns":2},{"damage":9,"enemies":"Jaw Worm","floor":5,"turns":4},{"damage":27,"enemies":"Lagavulin","floor":6,"turns":6},{"damage":0,"enemies":"Small Slimes","floor":7,"turns":1},{"damage":25,"enemies":"3 Sentries","floor":10,"turns":4},{"damage":2,"enemies":"Lagavulin","floor":13,"turns":3},{"damage":9,"enemies":"2 Fungi Beasts","floor":14,"turns":2},{"damage":22,"enemies":"The Guardian","floor":16,"turns":6},{"damage":5,"enemies":"3 Byrds","floor":18,"turns":4},{"damage":18,"enemies":"Masked Bandits","floor":19,"turns":4},{"damage":11,"enemies":"Shell Parasite","floor":20,"turns":4},{"damage":0,"enemies":"3 Cultists","floor":21,"turns":3},{"damage":14,"enemies":"Chosen and Byrds","floor":22,"turns":2},{"damage":42,"enemies":"Book of Stabbing","floor":23,"turns":5},{"damage":19,"enemies":"Slavers","floor":27,"turns":5},{"damage":2,"enemies":"Snake Plant","floor":28,"turns":3},{"damage":0,"enemies":"Book of Stabbing","floor":30,"turns":3},{"damage":12,"enemies":"Centurion and Healer","floor":31,"turns":4},{"damage":23,"enemies":"Collector","floor":33,"turns":6},{"damage":12,"enemies":"3 Shapes","floor":35,"turns":3},{"damage":5,"enemies":"Orb Walker","floor":36,"turns":2},{"damage":13,"enemies":"Maw","floor":41,"turns":6},{"damage":77,"enemies":"Reptomancer","floor":42,"turns":4},{"damage":48,"enemies":"Giant Head","floor":45,"turns":7},{"damage":0,"enemies":"Nemesis","floor":47,"turns":5},{"damage":0,"enemies":"Spire Growth","floor":48,"turns":3},{"damage":38,"enemies":"Time Eater","floor":50,"turns":7},{"damage":14,"enemies":"Shield and Spear","floor":54,"turns":4},{"damage":65,"enemies":"The Heart","floor":55,"turns":8}],"seed_played":"8010063148033765045","potions_obtained":[{"floor":1,"key":"FairyPotion"},{"floor":13,"key":"SteroidPotion"},{"floor":14,"key":"Energy Potion"},{"floor":18,"key":"GamblersBrew"},{"floor":20,"key":"Slimebound:ThreeZeroPotion"},{"floor":22,"key":"Strength Potion"},{"floor":31,"key":"Regen Potion"},{"floor":33,"key":"ColorlessPotion"},{"floor":35,"key":"champ:CounterPotion"},{"floor":36,"key":"champ:CounterPotion"},{"floor":42,"key":"Weak Potion"},{"floor":45,"key":"animator:FalseLifePotion"},{"floor":47,"key":"Block Potion"},{"floor":54,"key":"Fire Potion"}],"is_trial":false,"path_per_floor":["M","$","?","T","M","E","M","R","T","E","?","$","E","M","R","B",null,"M","?","M","M","M","E","R","$","T","E","M","$","E","M","R","B",null,"M","M","$","?","?","R","M","E","T","R","E","T","E","M","R","B",null,"R","$","E","B",null],"character_chosen":"THE_ANIMATOR","items_purchased":["Ice Cream","animator:Melzalgald+1","animator:Alexander+1","animator:Darkness+1","animator:Aqua+1","animator:Saber+1","animator:Aqua+1","animator:Mitsurugi+1","animator:ShinjiMatou+1","MerchantsRug","animator:MetalKnight+1","animator:Shigure+1","Lantern","Question Card","Membership Card","TwistedFunnel","Centennial Puzzle","Paper Crane"],"campfire_rested":5,"item_purchase_floors":[0,0,0,0,0,2,12,12,25,25,25,29,29,29,37,53,53,53],"current_hp_per_floor":[66,66,61,61,55,32,32,52,52,30,52,52,53,45,65,48,68,68,53,45,51,43,8,28,28,28,15,13,13,22,14,35,30,78,70,67,67,57,57,57,52,95,95,95,49,49,59,67,97,67,105,105,105,96,39],"gold":278,"neow_bonus":"","is_daily":false,"chose_seed":false,"campfire_upgraded":2,"win_rate":0.0,"timestamp":1611840779,"path_taken":["M","$","?","?","M","E","M","R","T","E","?","$","E","M","R","BOSS","M","?","M","M","M","E","R","$","T","E","M","$","E","M","R","BOSS","M","M","$","?","?","R","M","E","T","R","E","?","E","?","R","BOSS","R","$","E","BOSS"],"items_purchased_type":["Relic","Card","Card","Card","Card","Card","Card","Card","Card","Relic","Card","Card","Relic","Relic","Relic","Relic","Relic","Relic"],"build_version":"2020-12-22","purchased_purges":0,"victory":true,"max_hp_per_floor":[66,66,66,66,66,67,67,67,67,67,67,67,67,68,68,68,68,68,68,68,68,68,69,69,69,69,69,69,69,69,70,70,70,78,80,82,82,82,82,82,84,95,95,95,97,97,101,103,103,105,105,105,105,107,109],"card_choices":[{"not_picked":["animator:SilverFang+1","animator:CrowleyEusford+1"],"picked":"animator:YaoHaDucy+1","floor":1},{"not_picked":["animator:MumenRider+1","animator:Verdia+1"],"picked":"animator:Berserker+1","floor":5},{"not_picked":["animator:Kuribayashi+1","animator:Kazuma+1"],"picked":"animator:Illya+1","floor":6},{"not_picked":["animator:Caster+1","animator:ShinjiMatou+1"],"picked":"animator:Berserker+1","floor":7},{"not_picked":["animator:SilverFang+1","animator:Chris+1"],"picked":"animator:Mitsurugi+1","floor":10},{"not_picked":["animator:Chris+1","animator:ElricAlphonse+1"],"picked":"animator:Saitama+1","floor":13},{"not_picked":["animator:WinryRockbell+1","animator:Mitsurugi+1"],"picked":"animator:RoryMercury+1","floor":14},{"not_picked":["animator:ItamiYouji+1","animator:Father+1"],"picked":"animator:Envy+1","floor":16},{"not_picked":["animator:SilverFang+1","animator:Geryuganshoop+1"],"picked":"animator:Melzalgald+1","floor":18},{"not_picked":["animator:ShinjiMatou+1","animator:Guren+1"],"picked":"animator:Illya+1","floor":19},{"not_picked":["animator:Gluttony+1","animator:SilverFang+1","animator:MaesHughes+1"],"picked":"SKIP","floor":20},{"not_picked":["animator:KrulTepes+1","animator:Sonic+1"],"picked":"animator:Genos+1","floor":21},{"not_picked":["animator:Geryuganshoop+1","animator:Mitsurugi+1"],"picked":"animator:EmiyaShirou+1","floor":22},{"not_picked":["animator:Assassin+1","animator:Illya+1"],"picked":"animator:Lancer+1","floor":23},{"not_picked":["animator:RoryMercury+1","animator:Demiurge+1"],"picked":"animator:Bozes+1","floor":27},{"not_picked":["animator:Shinoa+1","animator:Sonic+1"],"picked":"animator:YaoHaDucy+1","floor":28},{"not_picked":["animator:Shalltear+1","animator:Gluttony+1","animator:Mitsurugi+1"],"picked":"animator:Lancer+1","floor":30},{"not_picked":["animator:Kuribayashi+1","animator:YaoHaDucy+1","animator:RoryMercury+1"],"picked":"animator:LeleiLaLalena+1","floor":31},{"not_picked":["animator:Guren+1","animator:Boros+1","animator:PinaCoLada+1"],"picked":"animator:Gilgamesh+1","floor":33},{"not_picked":["animator:Genos+1","animator:Sebas+1","animator:Rider+1"],"picked":"animator:Tyuule+1","floor":35},{"not_picked":["animator:Verdia+1","animator:Mikaela+1","animator:TukaLunaMarceau+1","animator:Sloth+1"],"picked":"SKIP","floor":36},{"not_picked":["animator:Mitsurugi+1","animator:RoryMercury+1","animator:Yoichi+1","animator:Sebas+1"],"picked":"SKIP","floor":41},{"not_picked":["animator:Rider+1","animator:ShinjiMatou+1","animator:Caster+1"],"picked":"animator:SakuraMatou+1","floor":42},{"not_picked":["animator:Evileye+1","animator:Albedo+1","animator:Kuribayashi+1"],"picked":"animator:Demiurge+1","floor":45},{"not_picked":["animator:RinTohsaka+1","animator:SakuraMatou+1","animator:Cocytus+1"],"picked":"animator:Arpeggio+1","floor":47},{"not_picked":["animator:ShinjiMatou+1","animator:Tyuule+1","animator:Geryuganshoop+1"],"picked":"animator:Mitsurugi+1","floor":48}],"player_experience":76658,"relics_obtained":[{"floor":6,"key":"Bronze Scales"},{"floor":9,"key":"animator:OldCoffin"},{"floor":10,"key":"HornCleat"},{"floor":13,"key":"Paper Frog"},{"floor":19,"key":"Red Mask"},{"floor":23,"key":"animator:ShionDessert"},{"floor":23,"key":"StoneCalendar"},{"floor":26,"key":"Oddly Smooth Stone"},{"floor":27,"key":"animator:Buoy"},{"floor":27,"key":"Old Coin"},{"floor":30,"key":"Letter Opener"},{"floor":30,"key":"White Beast Statue"},{"floor":42,"key":"CloakClasp"},{"floor":42,"key":"Bottled Flame"},{"floor":43,"key":"Bag of Preparation"},{"floor":45,"key":"animator:WornHelmet"},{"floor":45,"key":"Bag of Marbles"},{"floor":46,"key":"Orichalcum"},{"floor":47,"key":"Incense Burner"},{"floor":47,"key":"Nunchaku"},{"floor":54,"key":"Gremlin Horn"},{"floor":54,"key":"Calipers"}],"event_choices":[{"damage_healed":22,"gold_gain":0,"player_choice":"Banana","damage_taken":0,"max_hp_gain":0,"max_hp_loss":0,"event_name":"Big Fish","floor":11,"gold_loss":0},{"damage_healed":0,"gold_gain":0,"player_choice":"Fought Bandits","damage_taken":0,"max_hp_gain":0,"max_hp_loss":0,"event_name":"Masked Bandits","floor":19,"gold_loss":0},{"damage_healed":0,"gold_gain":0,"player_choice":"Embrace Madness","damage_taken":10,"max_hp_gain":0,"max_hp_loss":0,"event_name":"Winding Halls","floor":38,"gold_loss":0,"cards_obtained":["animator:HigakiRinne"]},{"cards_removed":["animator:ShinjiMatou"],"damage_healed":0,"gold_gain":0,"player_choice":"Removed Skill","damage_taken":0,"max_hp_gain":0,"max_hp_loss":0,"event_name":"Falling","floor":39,"gold_loss":0}],"is_beta":false,"boss_relics":[{"not_picked":["Coffee Dripper","SacredBark"],"picked":"Black Star"},{"not_picked":["Sozu","bronze:MakeshiftBattery"],"picked":"animator:HolyGrailRelic"}],"items_purged_floors":[],"is_endless":false,"potions_floor_spawned":[1,13,14,18,20,22,27,31,33,35,36,41,42,45,47,48,54],"ascension_level":1}}