{"host":"szp1d6dso4pv7ddl","time":1611804390,"event":{"mods":["AchievementEnabler","Alarm Clock","BaseMod","Bestiary","Block Reminder","Colored Map","Colored Powertips","Curses Come First","Dark Map","Displayed Cursed Tome","Highlight Path","Minty Spire (QoL Compilation)","Permanent Neow","Quick Restart","Relic Sorter","Relic Stats","StSLib","Synergy Search"],"gold_per_floor":[110,110,120,135,135,135,165,240,240,240,257,272,272,286,286,381,381,401,316,316,335,335,335,184,198,198,198,208,227,227,247,247,349,349,363,263,277,277,296,328,343,377,403,403,403,403,210,220,220,220,220],"floor_reached":50,"language":"ENG","playtime":3474,"items_purged":["Strike_R","Strike_R","Anger+1"],"score":579,"play_id":"e68842a6-ad90-4164-acd3-c1468bf41ce5","local_time":"20210127192630","is_ascension_mode":false,"campfire_choices":[{"data":"Anger","floor":6.0,"key":"SMITH"},{"data":"Bash","floor":10.0,"key":"SMITH"},{"data":"Dropkick","floor":15.0,"key":"SMITH"},{"data":"Ghostly Armor","floor":27.0,"key":"SMITH"},{"data":"Dropkick","floor":30.0,"key":"SMITH"},{"data":"Sever Soul","floor":32.0,"key":"SMITH"},{"floor":44.0,"key":"REST"},{"floor":46.0,"key":"REST"},{"data":"Dark Embrace","floor":49,"key":"SMITH"}],"circlet_count":0,"master_deck":["Strike_R","Defend_R","Defend_R","Defend_R","Bash+1","Dropkick+1","Ghostly Armor+1","Sever Soul+1","Dropkick+1","Rage+1","Offering+1","Burning Pact+1","Dark Embrace+1"],"relics":["Empty Cage","HornCleat","Singing Bowl","Sozu","Meat on the Bone","Ice Cream","Busted Crown","PreservedInsect","StrikeDummy","Vajra"],"acts_visited":["Exordium","TheCity","TheBeyond"],"potions_floor_usage":[],"damage_taken":[{"damage":6.0,"enemies":"2 Louse","floor":1.0,"turns":3.0},{"damage":3.0,"enemies":"Small Slimes","floor":3.0,"turns":3.0},{"damage":3.0,"enemies":"Jaw Worm","floor":4.0,"turns":3.0},{"damage":27.0,"enemies":"Gremlin Nob","floor":7.0,"turns":4.0},{"damage":1.0,"enemies":"3 Louse","floor":11.0,"turns":3.0},{"damage":5.0,"enemies":"Large Slime","floor":12.0,"turns":5.0},{"damage":2.0,"enemies":"Blue Slaver","floor":14.0,"turns":3.0},{"damage":52.0,"enemies":"The Guardian","floor":16.0,"turns":9.0},{"damage":0.0,"enemies":"3 Byrds","floor":18.0,"turns":6.0},{"damage":0.0,"enemies":"Chosen","floor":21.0,"turns":3.0},{"damage":2.0,"enemies":"Shelled Parasite and Fungi","floor":25.0,"turns":4.0},{"damage":6.0,"enemies":"Snecko","floor":28.0,"turns":4.0},{"damage":2.0,"enemies":"Centurion and Healer","floor":29.0,"turns":5.0},{"damage":20.0,"enemies":"3 Cultists","floor":31.0,"turns":7.0},{"damage":28.0,"enemies":"Champ","floor":33.0,"turns":9.0},{"damage":37.0,"enemies":"3 Darklings","floor":35.0,"turns":6.0},{"damage":6.0,"enemies":"Orb Walker","floor":37.0,"turns":2.0},{"damage":6.0,"enemies":"Transient","floor":39.0,"turns":2.0},{"damage":13.0,"enemies":"Reptomancer","floor":40.0,"turns":5.0},{"damage":6.0,"enemies":"Jaw Worm Horde","floor":41.0,"turns":3.0},{"damage":6.0,"enemies":"Nemesis","floor":42.0,"turns":2.0},{"damage":17.0,"enemies":"4 Shapes","floor":48.0,"turns":4.0},{"damage":106,"enemies":"Donu and Deca","floor":50,"turns":6}],"seed_played":"-928902982973104378","potions_obtained":[{"floor":1.0,"key":"Regen Potion"},{"floor":7.0,"key":"LiquidBronze"},{"floor":16.0,"key":"Strength Potion"}],"is_trial":false,"path_per_floor":["M","$","M","M","$","R","E","?","T","R","M","M","?","M","R","B",null,"M","?","?","M","?","?","$","M","T","R","M","M","R","M","R","B",null,"M","$","M","?","M","E","M","E","T","R","?","R","$","M","R","B"],"character_chosen":"IRONCLAD","items_purchased":["Dropkick","Dark Embrace"],"campfire_rested":2,"item_purchase_floors":[24,47],"current_hp_per_floor":[74,74,71,68,68,68,53,42,42,42,43,40,68,66,66,16,86,88,88,88,90,90,90,90,90,90,90,84,84,84,66,66,50,96,59,59,55,55,63,64,60,56,56,87,87,106,106,91,91,0,0],"gold":220,"neow_bonus":"BOSS_RELIC","is_daily":false,"chose_seed":false,"campfire_upgraded":7,"win_rate":0.0,"timestamp":1611804390,"path_taken":["M","$","M","M","$","R","E","?","T","R","M","M","?","M","R","BOSS","M","?","?","M","?","?","$","M","T","R","M","M","R","M","R","BOSS","M","$","M","?","?","E","M","E","T","R","?","R","$","M","R","BOSS"],"items_purchased_type":["Card","Card"],"build_version":"2020-12-22","purchased_purges":3,"victory":false,"max_hp_per_floor":[80,80,80,80,80,80,80,80,80,80,82,84,84,84,84,86,86,88,88,88,90,90,90,90,92,92,92,92,94,94,96,96,96,96,96,96,98,98,100,102,104,106,106,106,106,106,106,108,108,108,108],"relic_stats":{"Sozu":6,"Busted Crown":14,"Singing Bowl":28,"counters":[23,101],"PreservedInsect":47,"obtain_stats":[{"Sozu":17,"Ice Cream":26,"HornCleat":7,"Busted Crown":34,"Singing Bowl":9,"Vajra":43,"PreservedInsect":40,"Empty Cage":0,"StrikeDummy":42,"Burning Blood":0,"Meat on the Bone":19},{"Sozu":8,"Ice Cream":11,"HornCleat":4,"Busted Crown":15,"Singing Bowl":4,"Vajra":21,"PreservedInsect":19,"Empty Cage":0,"StrikeDummy":21,"Burning Blood":0,"Meat on the Bone":9},{"Sozu":33,"Ice Cream":46,"HornCleat":13,"Busted Crown":71,"Singing Bowl":13,"Vajra":91,"PreservedInsect":86,"Empty Cage":0,"StrikeDummy":91,"Burning Blood":0,"Meat on the Bone":39}],"Meat on the Bone":36},"card_choices":[{"not_picked":["Spot Weakness","Whirlwind"],"picked":"Anger","floor":1.0},{"not_picked":["Reckless Charge","Inflame","Flex"],"picked":"SKIP","floor":3.0},{"not_picked":["Thunderclap","Armaments","Twin Strike"],"picked":"SKIP","floor":4.0},{"not_picked":["Thunderclap","Havoc"],"picked":"Dropkick","floor":7.0},{"not_picked":["Dark Embrace","Pommel Strike","Double Tap"],"picked":"Singing Bowl","floor":11.0},{"not_picked":["Anger","Pommel Strike","Pummel"],"picked":"Singing Bowl","floor":12.0},{"not_picked":["Feel No Pain","Burning Pact"],"picked":"Ghostly Armor","floor":14.0},{"not_picked":["Exhume","Corruption","Brutality"],"picked":"Singing Bowl","floor":16.0},{"not_picked":["Pommel Strike","Clothesline+1","Blood for Blood"],"picked":"Singing Bowl","floor":18.0},{"not_picked":["Clothesline","Anger","Clash+1"],"picked":"Singing Bowl","floor":21.0},{"not_picked":["Headbutt","Shrug It Off","Armaments"],"picked":"Singing Bowl","floor":25.0},{"not_picked":["Searing Blow","Intimidate"],"picked":"Rage+1","floor":28.0},{"not_picked":["Shockwave","Shrug It Off","Exhume"],"picked":"Singing Bowl","floor":29.0},{"not_picked":["Cleave","Pommel Strike","Havoc"],"picked":"Singing Bowl","floor":31.0},{"not_picked":["Corruption","Impervious"],"picked":"Offering","floor":33.0},{"not_picked":[],"picked":"Burning Pact+1","floor":35.0},{"not_picked":["Intimidate"],"picked":"Singing Bowl","floor":37.0},{"not_picked":["Headbutt+1"],"picked":"Singing Bowl","floor":39.0},{"not_picked":["Uppercut+1"],"picked":"Singing Bowl","floor":40.0},{"not_picked":["Anger"],"picked":"Singing Bowl","floor":41.0},{"not_picked":["Hemokinesis+1"],"picked":"Singing Bowl","floor":42.0},{"not_picked":["Spot Weakness+1"],"picked":"Singing Bowl","floor":48.0}],"player_experience":1301027,"relics_obtained":[{"floor":7.0,"key":"HornCleat"},{"floor":9.0,"key":"Singing Bowl"},{"floor":26.0,"key":"Ice Cream"},{"floor":40.0,"key":"PreservedInsect"},{"floor":42.0,"key":"StrikeDummy"},{"floor":43.0,"key":"Vajra"}],"event_choices":[{"damage_healed":0.0,"max_hp_gain":0.0,"max_hp_loss":0.0,"gold_gain":75.0,"event_name":"World of Goop","player_choice":"Gather Gold","floor":8.0,"gold_loss":0.0,"damage_taken":11.0},{"damage_healed":28.0,"max_hp_gain":0.0,"max_hp_loss":0.0,"gold_gain":0.0,"event_name":"Big Fish","player_choice":"Banana","floor":13.0,"gold_loss":0.0,"damage_taken":0.0},{"damage_healed":0.0,"max_hp_gain":0.0,"max_hp_loss":0.0,"gold_gain":0.0,"event_name":"Addict","player_choice":"Obtained Relic","floor":19.0,"gold_loss":85.0,"damage_taken":0.0,"relics_obtained":["Meat on the Bone"]},{"damage_healed":0.0,"max_hp_gain":0.0,"max_hp_loss":0.0,"gold_gain":0.0,"event_name":"The Library","player_choice":"Read","floor":20.0,"gold_loss":0.0,"damage_taken":0.0,"cards_obtained":["Sever Soul"]},{"damage_healed":0.0,"max_hp_gain":0.0,"max_hp_loss":0.0,"gold_gain":0.0,"event_name":"The Mausoleum","player_choice":"Ignored","floor":22.0,"gold_loss":0.0,"damage_taken":0.0},{"cards_removed":["Strike_R"],"damage_healed":0.0,"max_hp_gain":0.0,"max_hp_loss":0.0,"gold_gain":0.0,"event_name":"Back to Basics","player_choice":"Elegance","floor":23.0,"gold_loss":0.0,"damage_taken":0.0},{"damage_healed":0.0,"max_hp_gain":0.0,"max_hp_loss":0.0,"gold_gain":0.0,"event_name":"Upgrade Shrine","player_choice":"Upgraded","floor":38.0,"gold_loss":0.0,"damage_taken":0.0,"cards_upgraded":["Offering"]},{"damage_healed":0.0,"max_hp_gain":0.0,"max_hp_loss":0.0,"gold_gain":0.0,"event_name":"Mysterious Sphere","player_choice":"Ignored","floor":45.0,"gold_loss":0.0,"damage_taken":0.0}],"is_beta":false,"boss_relics":[{"not_picked":["Velvet Choker","Runic Dome"],"picked":"Sozu"},{"not_picked":["Mark of Pain","Runic Cube"],"picked":"Busted Crown"}],"items_purged_floors":[24,36,47],"is_endless":false,"potions_floor_spawned":[1,7,16,25,28,29,31,40,41],"killed_by":"Donu and Deca","ascension_level":0}}