{"host":"zyv4qd6no272sqjf","time":1611802386,"event":{"mods":["AchievementEnabler","BaseMod","Colored Map","Minty Spire (QoL Compilation)","Relic Stats","Slay the Relics Exporter","StSLib","everything is the same but u backflip on backflip"],"gold_per_floor":[112,112,112,112,8,8,8,49,76,226,270,270,1,24,24,117,117,132,156,54,54,54],"floor_reached":21,"language":"ENG","playtime":655,"items_purged":["Strike_G","Doubt"],"score":454,"play_id":"fd8941b4-47b0-42ca-9479-9b75e9bf1f6f","local_time":"20210128125306","is_ascension_mode":true,"campfire_choices":[{"data":"Blade Dance","floor":6,"key":"SMITH"},{"data":"Caltrops","floor":12,"key":"SMITH"},{"floor":15,"key":"REST"}],"circlet_count":0,"master_deck":["AscendersBane","Strike_G","Strike_G","Strike_G","Strike_G","Defend_G","Defend_G","Defend_G","Defend_G","Defend_G","Survivor","Neutralize","Blade Dance","Blade Dance+1","Caltrops+1","Acrobatics","Sucker Punch+1","Burst","CurseOfTheBell","Well Laid Plans","Underhanded Strike+1","Bandage Up"],"relics":["Ring of the Snake","NeowsBlessing","Golden Idol","Kunai","Molten Egg 2","Orichalcum","Vajra","Strange Spoon","Calling Bell","Juzu Bracelet","HornCleat","TungstenRod"],"acts_visited":["Exordium","TheCity"],"potions_floor_usage":[],"damage_taken":[{"damage":0,"enemies":"Cultist","floor":1,"turns":1},{"damage":0,"enemies":"3 Sentries","floor":8,"turns":1},{"damage":0,"enemies":"Gremlin Nob","floor":11,"turns":1},{"damage":0,"enemies":"Jaw Worm","floor":14,"turns":4},{"damage":20,"enemies":"Slime Boss","floor":16,"turns":13},{"damage":18,"enemies":"Chosen","floor":18,"turns":6},{"damage":11,"enemies":"2 Thieves","floor":19,"turns":4},{"damage":15,"enemies":"Sentry and Sphere","floor":21,"turns":5}],"seed_played":"4932775473390556666","potions_obtained":[{"floor":14,"key":"SpeedPotion"},{"floor":16,"key":"Explosive Potion"},{"floor":19,"key":"DuplicationPotion"}],"is_trial":false,"path_per_floor":["M","?","?","?","$","R","$","E","T","?","E","R","$","M","R","B",null,"M","M","$","M"],"character_chosen":"THE_SILENT","items_purchased":["Blade Dance","Strange Spoon","Bandage Up"],"campfire_rested":1,"item_purchase_floors":[5,13,20],"current_hp_per_floor":[59,59,52,47,47,47,47,47,47,47,47,47,47,47,66,46,61,43,32,32,21,21],"gold":54,"neow_bonus":"THREE_ENEMY_KILL","is_daily":false,"chose_seed":false,"campfire_upgraded":2,"win_rate":0.0,"timestamp":1611802386,"path_taken":["M","?","?","?","$","R","?","E","T","?","E","R","?","M","R","BOSS","M","M","$","M"],"items_purchased_type":["Card","Relic","Card"],"build_version":"2020-12-22","purchased_purges":2,"victory":false,"max_hp_per_floor":[66,66,66,66,66,66,66,66,66,66,66,66,66,66,66,66,66,66,66,66,66,66],"relic_stats":{"Strange Spoon":[32],"counters":[8,35],"Golden Idol":49,"Juzu Bracelet":0,"Kunai":[26],"Orichalcum":[48],"obtain_stats":[{"Calling Bell":17,"Strange Spoon":13,"HornCleat":17,"NeowsBlessing":0,"Golden Idol":2,"Vajra":11,"Molten Egg 2":8,"Juzu Bracelet":17,"Kunai":4,"Orichalcum":9,"TungstenRod":17,"Ring of the Snake":0},{"Calling Bell":5,"Strange Spoon":3,"HornCleat":5,"NeowsBlessing":0,"Golden Idol":1,"Vajra":3,"Molten Egg 2":2,"Juzu Bracelet":5,"Kunai":1,"Orichalcum":2,"TungstenRod":5,"Ring of the Snake":0},{"Calling Bell":20,"Strange Spoon":3,"HornCleat":20,"NeowsBlessing":0,"Golden Idol":1,"Vajra":3,"Molten Egg 2":2,"Juzu Bracelet":20,"Kunai":1,"Orichalcum":2,"TungstenRod":20,"Ring of the Snake":0}],"TungstenRod":6,"Ring of the Snake":[16]},"card_choices":[{"not_picked":["Infinite Blades","Predator"],"picked":"Blade Dance","floor":1},{"not_picked":["Dodge and Roll","Escape Plan"],"picked":"Caltrops","floor":8},{"not_picked":["Deadly Poison","Dagger Spray+1"],"picked":"Acrobatics","floor":11},{"not_picked":["Slice+1","PiercingWail"],"picked":"Sucker Punch+1","floor":14},{"not_picked":["Adrenaline","Grand Finale+1"],"picked":"Burst","floor":16},{"not_picked":["Bane+1","Dagger Throw+1"],"picked":"Well Laid Plans","floor":18},{"not_picked":["Slice+1","Acrobatics"],"picked":"Underhanded Strike+1","floor":19}],"player_experience":400443,"relics_obtained":[{"floor":8,"key":"Molten Egg 2"},{"floor":9,"key":"Orichalcum"},{"floor":11,"key":"Vajra"},{"floor":17,"key":"Juzu Bracelet"},{"floor":17,"key":"HornCleat"},{"floor":17,"key":"TungstenRod"}],"event_choices":[{"damage_healed":0,"gold_gain":0,"player_choice":"Take Wound","damage_taken":0,"relics_obtained":["Golden Idol"],"max_hp_gain":0,"max_hp_loss":0,"event_name":"Golden Idol","floor":2,"gold_loss":0,"cards_obtained":["Injury"]},{"cards_removed":["Injury"],"damage_healed":0,"gold_gain":0,"player_choice":"Card Removal","damage_taken":7,"max_hp_gain":0,"max_hp_loss":0,"event_name":"Golden Wing","floor":3,"gold_loss":0},{"damage_healed":0,"gold_gain":0,"player_choice":"Success","damage_taken":5,"relics_obtained":["Kunai"],"max_hp_gain":0,"max_hp_loss":0,"event_name":"Scrap Ooze","floor":4,"gold_loss":0},{"damage_healed":0,"gold_gain":150,"player_choice":"AGREE","damage_taken":0,"max_hp_gain":0,"max_hp_loss":0,"event_name":"Liars Game","floor":10,"gold_loss":0,"cards_obtained":["Doubt"]}],"is_beta":false,"boss_relics":[{"not_picked":["Fusion Hammer","Runic Pyramid"],"picked":"Calling Bell"}],"items_purged_floors":[5,13],"is_endless":false,"potions_floor_spawned":[14,16,19],"killed_by":"Sentry and Sphere","ascension_level":19}}