{"host":"2yhbarjh4s9lrrzt","time":1611800024,"event":{"mods":["2.2 Compatiblity","BaseMod","Better Note","Better Third Choice","Block Reminder","Hubris","Marked Mod","Minty Spire (QoL Compilation)","Replay The Spire","StSLib"],"gold_per_floor":[111,81,81,81,106,106,137,150,150,150,169,139,37,37,37,134,134,149,149,159,178,118,118,118],"floor_reached":23,"language":"ENG","playtime":2332,"items_purged":[],"score":212,"play_id":"fae08bda-cbd8-4d8f-b75c-2a73bbb2d298","local_time":"20210127211344","is_ascension_mode":false,"campfire_choices":[{"data":"Eruption","floor":6,"key":"SMITH"},{"floor":15,"key":"REST"}],"circlet_count":0,"master_deck":["Strike_P","Strike_P","Strike_P","Strike_P","Defend_P","Defend_P","Defend_P","Defend_P+1","Eruption+1","Vigilance","Sanctity","MasterReality","Wireheading","Replay:Battleflow","Collect","FlyingSleeves","Wallop","Adrenaline","FlurryOfBlows","MarkedMod:NorthStar","Replay:ManipulateFuture","Prostrate+1"],"relics":["NeowsBlessing","betterThird:SlimedRelic","Anchor","Ancient Tea Set","Darkstone Periapt","hubris:Towel","Replay:M_StaffOfTheSnake","hubris:ScarierMask"],"acts_visited":["Exordium","TheCity"],"potions_floor_usage":[11,12,16,16,21,23],"damage_taken":[{"damage":0,"enemies":"2 Louse","floor":1,"turns":1},{"damage":0,"enemies":"Lagavulin","floor":7,"turns":1},{"damage":0,"enemies":"Jaw Worm","floor":8,"turns":1},{"damage":5,"enemies":"Small Slimes","floor":11,"turns":5},{"damage":0,"enemies":"Looter","floor":12,"turns":4},{"damage":76,"enemies":"The Guardian","floor":16,"turns":30},{"damage":0,"enemies":"3 Byrds","floor":18,"turns":8},{"damage":18,"enemies":"Shell Parasite","floor":20,"turns":16},{"damage":57,"enemies":"Snecko","floor":21,"turns":11},{"damage":9,"enemies":"Centurion and Healer","floor":23,"turns":4}],"seed_played":"7532998572738466099","potions_obtained":[{"floor":1,"key":"SpeedPotion"},{"floor":7,"key":"Reflective Coating"},{"floor":8,"key":"Explosive Potion"},{"floor":11,"key":"Dexterity Potion"},{"floor":20,"key":"FearPotion"},{"floor":21,"key":"Venom Potion"}],"is_trial":false,"path_per_floor":["M","?","?","?","T","R","E","M","T","?","M","M","$","?","R","B",null,"M","?","M","M","?","M"],"character_chosen":"WATCHER","items_purchased":["FlyingSleeves","Wallop"],"campfire_rested":1,"item_purchase_floors":[13,13],"current_hp_per_floor":[72,61,66,66,66,66,66,66,66,66,61,61,61,61,77,1,77,77,77,59,2,2,0,0],"gold":118,"neow_bonus":"THREE_ENEMY_KILL","is_daily":false,"chose_seed":false,"campfire_upgraded":1,"win_rate":0.0,"timestamp":1611800024,"path_taken":["M","?","?","?","?","R","E","?","T","?","M","M","$","?","R","BOSS","M","?","M","M","?","M"],"items_purchased_type":["Card","Card"],"build_version":"2020-12-22","purchased_purges":0,"victory":false,"max_hp_per_floor":[72,72,77,77,77,77,77,77,77,77,77,77,77,77,77,77,77,77,77,77,77,77,77,77],"card_choices":[{"not_picked":["Pray","MarkedMod:Acupuncture"],"picked":"Sanctity","floor":1},{"not_picked":["MarkedMod:FirstStrike","Sanctity"],"picked":"MasterReality","floor":7},{"not_picked":["EmptyFist","WaveOfTheHand"],"picked":"Wireheading","floor":8},{"not_picked":["MarkedMod:GracefulMovements","Halt"],"picked":"Replay:Battleflow","floor":11},{"not_picked":["BowlingBash","MarkedMod:GentlePulse"],"picked":"Collect","floor":12},{"not_picked":["MasterReality","Alpha"],"picked":"Adrenaline","floor":16},{"not_picked":["MarkedMod:Acupuncture+1","EmptyFist"],"picked":"FlurryOfBlows","floor":18},{"not_picked":["Nirvana","FlurryOfBlows"],"picked":"Replay:ManipulateFuture","floor":20},{"not_picked":["WaveOfTheHand+1","WreathOfFlame+1"],"picked":"Prostrate+1","floor":21}],"player_experience":275315,"relics_obtained":[{"floor":5,"key":"Anchor"},{"floor":7,"key":"Ancient Tea Set"},{"floor":9,"key":"Darkstone Periapt"}],"event_choices":[{"damage_healed":0,"gold_gain":0,"player_choice":"Slimed","damage_taken":11,"max_hp_gain":0,"max_hp_loss":0,"event_name":"betterThird:BetterGoop","floor":2,"gold_loss":30},{"damage_healed":0,"gold_gain":0,"player_choice":"Donut","damage_taken":0,"max_hp_gain":5,"max_hp_loss":0,"event_name":"Big Fish","floor":3,"gold_loss":0},{"cards_removed":["Adrenaline"],"damage_healed":0,"gold_gain":0,"player_choice":"Take \u0026 Give","damage_taken":0,"max_hp_gain":0,"max_hp_loss":0,"event_name":"betterNote:BetterNote","floor":19,"gold_loss":0,"cards_obtained":["MarkedMod:NorthStar"]}],"is_beta":false,"boss_relics":[{"not_picked":["Replay:Drink Me","Ring of Chaos"],"picked":"hubris:ScarierMask"}],"items_purged_floors":[],"is_endless":false,"potions_floor_spawned":[1,7,8,11,20,21],"killed_by":"Centurion and Healer","ascension_level":0}}