{"host":"cd25ms2o8pjhjp7m","time":1611862069,"event":{"mods":["Act Like it!","Arknights The Spire","Ascension Reborn","Aspiration","BaseMod","Beaked The Cultist","Bestiary","Better Note","Better Third Choice","BetterRewards","Conspire","Curses Come First","Friendly Minions","GifTheSpireLib","HornydragonMod","Hubris","Hunter ??","Marisa????????","Mimic Mod","Minty Spire (QoL Compilation)","Rare Cards Sparkle","Relic Stats","Reliquary","Replay The Spire","Robot Space Explorer","Say the Spire","Somnambulant","StSLib","The Exalted","The Hierophant","The Poker Player","The Runesmith","Uncapped","[IsaacMod]????","??????REMEMod"],"gold_per_floor":[113,125,74,0,12,44,44,64,104,104,124,124,124,140,140,270,270,295,5,26,26,49,49,70,70,95,129,129,142,67,67,67],"floor_reached":31,"language":"DEU","playtime":1423,"items_purged":["Injury"],"score":282,"play_id":"ceef226d-accb-4cc1-9563-c87c65fddef6","local_time":"20210128202749","is_ascension_mode":true,"campfire_choices":[{"data":"RobotSpaceExplorer:Exploration","floor":7,"key":"SMITH"},{"data":"RobotSpaceExplorer:Calculate","floor":10,"key":"SMITH"},{"floor":15,"key":"REST"},{"floor":23,"key":"REST"},{"data":"RobotSpaceExplorer:Multitool","floor":25,"key":"SMITH"}],"circlet_count":0,"master_deck":["RobotSpaceExplorer:Strike","RobotSpaceExplorer:Strike","RobotSpaceExplorer:Strike","RobotSpaceExplorer:Strike","RobotSpaceExplorer:Defend","RobotSpaceExplorer:Defend","RobotSpaceExplorer:Defend","RobotSpaceExplorer:Defend","RobotSpaceExplorer:Scan","RobotSpaceExplorer:MiniLasers+1","BloodyBrimstone","Double Energy","RobotSpaceExplorer:Calculate+1","RobotSpaceExplorer:ExhaustFan","RobotSpaceExplorer:GearShield+1","Enlightenment","RobotSpaceExplorer:SurgingStrike","RobotSpaceExplorer:FranticSearch","RobotSpaceExplorer:ImprovisedAttack","RobotSpaceExplorer:MiniDrones","RobotSpaceExplorer:Autoloader","RobotSpaceExplorer:Pulsar+1","RobotSpaceExplorer:Multitool+1","RobotSpaceExplorer:Probe+1","RobotSpaceExplorer:PowerCollector","RobotSpaceExplorer:Blitz"],"relics":["RobotSpaceExplorer:RoboCore","HushsDoor","REME_ComplimentaryCards","PokeGo","Simple Rune","reliquary:TuningFork","Golden Idol","hubris:CrackedHourglass","Mummified Hand","hubris:ToyBattleship","Shuriken","MutagenicStrength"],"acts_visited":["Exordium","TheCity"],"potions_floor_usage":[6,22,27],"damage_taken":[{"damage":1,"enemies":"Cultist","floor":1,"turns":5},{"damage":1,"enemies":"2 Louse","floor":2,"turns":3},{"damage":0,"enemies":"conspire:RoseBush","floor":5,"turns":4},{"damage":8,"enemies":"3 Sentries","floor":6,"turns":5},{"damage":16,"enemies":"Lots of Slimes","floor":8,"turns":4},{"damage":4,"enemies":"Looter","floor":9,"turns":9},{"damage":0,"enemies":"Looter","floor":11,"turns":3},{"damage":7,"enemies":"3 Louse","floor":14,"turns":4},{"damage":3,"enemies":"Fading Forest","floor":16,"turns":8},{"damage":12,"enemies":"Shell Parasite","floor":18,"turns":6},{"damage":10,"enemies":"Chosen","floor":20,"turns":5},{"damage":30,"enemies":"Snake Plant","floor":22,"turns":7},{"damage":6,"enemies":"Chosen and Byrds","floor":24,"turns":6},{"damage":37,"enemies":"Slavers","floor":27,"turns":3},{"damage":0,"enemies":"Snecko","floor":29,"turns":6},{"damage":13,"enemies":"Book of Stabbing","floor":31,"turns":3}],"seed_played":"-7663130141701099719","potions_obtained":[{"floor":2,"key":"LiquidMemories"},{"floor":11,"key":"Adrenaline Potion"},{"floor":14,"key":"Toxic Potion"},{"floor":22,"key":"SteroidPotion"},{"floor":27,"key":"Ancient Potion"}],"is_trial":false,"path_per_floor":["M","M","$","?","M","E","R","M","MIM","R","M","?","?","M","R","B",null,"M","$","M","?","M","R","M","R","T","E","?","M","$","E"],"character_chosen":"RobotSpaceExplorer","items_purchased":["RobotSpaceExplorer:GearShield+1","Mummified Hand","RobotSpaceExplorer:Pulsar+1"],"campfire_rested":2,"item_purchase_floors":[3,19,19],"current_hp_per_floor":[74,73,73,79,79,70,70,54,50,50,50,50,55,48,72,79,80,68,68,58,58,28,52,46,46,46,9,9,9,9,0,0],"gold":67,"neow_bonus":"UPGRADE_CARD","is_daily":false,"chose_seed":false,"campfire_upgraded":3,"win_rate":0.0,"timestamp":1611862069,"path_taken":["M","?","$","?","?","E","R","M","MIM","R","M","?","?","M","R","BOSS","M","$","M","?","M","R","M","R","T","E","?","M","$","E"],"items_purchased_type":["Card","Relic","Card"],"build_version":"2020-12-22","purchased_purges":1,"victory":false,"max_hp_per_floor":[75,75,75,81,81,78,78,75,75,75,75,75,80,80,80,80,80,80,80,80,80,80,80,80,80,80,77,77,77,77,77,77],"relic_stats":{"counters":[16,81],"Golden Idol":57,"Mummified Hand":[18],"Shuriken":[2],"obtain_stats":[{"KeepersGift":0,"Golden Idol":12,"RobotSpaceExplorer:RoboCore":0,"PokeGo":0,"Mummified Hand":19,"Shuriken":27,"MutagenicStrength":28,"Simple Rune":6,"reliquary:TuningFork":8,"hubris:ToyBattleship":26,"hubris:CrackedHourglass":17,"HushsDoor":0,"REME_ComplimentaryCards":0},{"KeepersGift":0,"Golden Idol":7,"RobotSpaceExplorer:RoboCore":0,"PokeGo":0,"Mummified Hand":10,"Shuriken":14,"MutagenicStrength":14,"Simple Rune":4,"reliquary:TuningFork":5,"hubris:ToyBattleship":13,"hubris:CrackedHourglass":9,"HushsDoor":0,"REME_ComplimentaryCards":0},{"KeepersGift":0,"Golden Idol":33,"RobotSpaceExplorer:RoboCore":0,"PokeGo":0,"Mummified Hand":51,"Shuriken":72,"MutagenicStrength":72,"Simple Rune":17,"reliquary:TuningFork":21,"hubris:ToyBattleship":69,"hubris:CrackedHourglass":45,"HushsDoor":0,"REME_ComplimentaryCards":0}]},"card_choices":[{"not_picked":[],"picked":"BloodyBrimstone","floor":0},{"not_picked":["RobotSpaceExplorer:GlueSpray","RobotSpaceExplorer:MetalStrike"],"picked":"RobotSpaceExplorer:Calculate","floor":1},{"not_picked":["RobotSpaceExplorer:SurgingShield","RobotSpaceExplorer:ScrapMissile"],"picked":"RobotSpaceExplorer:ExhaustFan","floor":2},{"not_picked":["RobotSpaceExplorer:MiniDrones","RobotSpaceExplorer:FrostMissile"],"picked":"Bomb","floor":5},{"not_picked":["RobotSpaceExplorer:SlimeMissile","RobotSpaceExplorer:FreezingShield"],"picked":"RobotSpaceExplorer:Exploration","floor":6},{"not_picked":["RobotSpaceExplorer:SwiftStep","Bomb"],"picked":"RobotSpaceExplorer:SurgingStrike","floor":8},{"not_picked":["RobotSpaceExplorer:ToxicBomb","RobotSpaceExplorer:MiniBoosters"],"picked":"RobotSpaceExplorer:FranticSearch","floor":9},{"not_picked":["RobotSpaceExplorer:ShockKick","RobotSpaceExplorer:Ammunition"],"picked":"RobotSpaceExplorer:ImprovisedAttack","floor":11},{"not_picked":["RobotSpaceExplorer:ShockKick","RobotSpaceExplorer:SlimeMissile"],"picked":"RobotSpaceExplorer:MiniDrones","floor":14},{"not_picked":["RobotSpaceExplorer:BlastShield","RobotSpaceExplorer:Arsenal"],"picked":"RobotSpaceExplorer:Autoloader","floor":16},{"not_picked":["RobotSpaceExplorer:FrostMissile+1","RobotSpaceExplorer:SwiftStep","RobotSpaceExplorer:Ammunition"],"picked":"SKIP","floor":18},{"not_picked":["RobotSpaceExplorer:Pulsar","RobotSpaceExplorer:GlueShot+1"],"picked":"RobotSpaceExplorer:Multitool","floor":20},{"not_picked":["RobotSpaceExplorer:Smokescreen","RobotSpaceExplorer:DualCore"],"picked":"RobotSpaceExplorer:Probe+1","floor":22},{"not_picked":["RobotSpaceExplorer:ShockKick","RobotSpaceExplorer:SurgingStrike+1"],"picked":"RobotSpaceExplorer:PowerCollector","floor":24},{"not_picked":["RobotSpaceExplorer:ChargingLaser","RobotSpaceExplorer:Smokescreen+1"],"picked":"RobotSpaceExplorer:Blitz","floor":27},{"not_picked":["RobotSpaceExplorer:GlueSpray+1","RobotSpaceExplorer:ScrapShield+1","RobotSpaceExplorer:DualCore"],"picked":"SKIP","floor":29}],"player_experience":658964,"relics_obtained":[{"floor":6,"key":"Simple Rune"},{"floor":8,"key":"reliquary:TuningFork"},{"floor":26,"key":"hubris:ToyBattleship"},{"floor":27,"key":"Shuriken"}],"event_choices":[{"damage_healed":0,"gold_gain":0,"player_choice":"RENOUNCE","damage_taken":74,"max_hp_gain":0,"max_hp_loss":0,"event_name":"betterThird:BetterSerpent","floor":4,"gold_loss":74,"cards_obtained":["Enlightenment"]},{"damage_healed":0,"gold_gain":0,"player_choice":"Take Wound","damage_taken":0,"relics_obtained":["Golden Idol"],"max_hp_gain":0,"max_hp_loss":0,"event_name":"Golden Idol","floor":12,"gold_loss":0,"cards_obtained":["Injury"]},{"damage_healed":0,"gold_gain":0,"player_choice":"Donut","damage_taken":0,"max_hp_gain":5,"max_hp_loss":0,"event_name":"Big Fish","floor":13,"gold_loss":0},{"cards_removed":["RobotSpaceExplorer:Autoloader"],"damage_healed":0,"gold_gain":0,"player_choice":"Give","damage_taken":0,"max_hp_gain":0,"max_hp_loss":0,"event_name":"betterNote:BetterNote","floor":21,"gold_loss":0,"cards_obtained":["None"]},{"damage_healed":0,"gold_gain":0,"player_choice":"Inject Mutagens","damage_taken":0,"relics_obtained":["MutagenicStrength"],"max_hp_gain":0,"max_hp_loss":0,"event_name":"Drug Dealer","floor":28,"gold_loss":0}],"is_beta":false,"boss_relics":[{"not_picked":["conspire:SeveredTorchhead","Runic Dome"],"picked":"hubris:CrackedHourglass"},{"not_picked":[]}],"items_purged_floors":[30],"is_endless":false,"potions_floor_spawned":[2,11,14,20,22,27],"killed_by":"Book of Stabbing","ascension_level":0}}