{"host":"h1qktzcccqnez8tx","time":1611797240,"event":{"mods":["AchievementEnabler","BaseMod","Bestiary","Better Note","Block Reminder","Colored Map","Colored Powertips","Curses Come First","Highlight Path","Minty Spire (QoL Compilation)","Permanent Neow","Quick Restart","Relic Stats","StSLib","UnlockEverythingMod"],"gold_per_floor":[111,125,125,145,160,160,175,175,224,253,253,81,92,109,109,207,207,224,236,11,11,11,11],"floor_reached":22,"language":"ENG","playtime":700,"items_purged":[],"score":260,"play_id":"a9b97138-b868-4863-a1bb-b52aa9584125","local_time":"20210128022720","daily_mods":["Hoarder","Heirloom","Binary"],"is_ascension_mode":true,"campfire_choices":[{"data":"Sever Soul","floor":6,"key":"SMITH"},{"data":"Sever Soul","floor":8,"key":"SMITH"},{"data":"Sever Soul","floor":11,"key":"SMITH"},{"data":"Bash","floor":15,"key":"SMITH"}],"circlet_count":0,"master_deck":["Strike_R","Strike_R","Strike_R","Strike_R","Strike_R","Defend_R","Defend_R","Defend_R","Defend_R","Bash+1","Sever Soul+1","Sever Soul+1","Sever Soul+1","Intimidate","Intimidate","Intimidate","Shrug It Off","Shrug It Off","Shrug It Off","Perfected Strike","Perfected Strike","Perfected Strike","Spot Weakness","Spot Weakness","Spot Weakness","Spot Weakness","Spot Weakness","Spot Weakness"],"relics":["Black Blood","Lizard Tail","Potion Belt","Blue Candle","Membership Card","Akabeko"],"acts_visited":["Exordium","TheCity"],"potions_floor_usage":[16,16,16,22],"damage_taken":[{"damage":20,"enemies":"Jaw Worm","floor":1,"turns":5},{"damage":6,"enemies":"2 Louse","floor":2,"turns":2},{"damage":1,"enemies":"Cultist","floor":4,"turns":3},{"damage":8,"enemies":"3 Louse","floor":5,"turns":3},{"damage":7,"enemies":"2 Fungi Beasts","floor":7,"turns":4},{"damage":42,"enemies":"Lagavulin","floor":10,"turns":7},{"damage":4,"enemies":"Blue Slaver","floor":13,"turns":3},{"damage":0,"enemies":"Large Slime","floor":14,"turns":4},{"damage":37,"enemies":"Slime Boss","floor":16,"turns":11},{"damage":24,"enemies":"Chosen","floor":18,"turns":6},{"damage":19,"enemies":"Spheric Guardian","floor":19,"turns":4},{"damage":18,"enemies":"Cultist and Chosen","floor":22,"turns":6}],"seed_played":"-8596889882746922102","potions_obtained":[{"floor":1,"key":"Energy Potion"},{"floor":5,"key":"EssenceOfSteel"},{"floor":13,"key":"Explosive Potion"},{"floor":14,"key":"Fire Potion"}],"is_trial":true,"path_per_floor":["M","M","?","M","M","R","M","R","T","E","R","$","M","M","R","B",null,"M","M","$","?","M"],"character_chosen":"IRONCLAD","items_purchased":["Membership Card","Shrug It Off","Ancient Potion","GamblersBrew","ElixirPotion","Akabeko","Spot Weakness"],"campfire_rested":0,"item_purchase_floors":[12,12,20,20,20,20,20],"current_hp_per_floor":[66,66,66,71,69,69,68,68,68,32,32,32,34,40,40,9,62,50,43,43,43,25,25],"gold":11,"neow_bonus":"","is_daily":false,"chose_seed":false,"campfire_upgraded":4,"win_rate":0.0,"timestamp":1611797240,"path_taken":["M","M","?","M","M","R","M","R","T","E","R","$","M","M","R","BOSS","M","M","$","?","M"],"items_purchased_type":["Relic","Card","Potion","Potion","Potion","Relic","Card"],"build_version":"2020-12-22","purchased_purges":0,"victory":false,"max_hp_per_floor":[80,80,80,80,80,80,80,80,80,80,80,80,80,80,80,80,80,80,80,80,80,80,80],"relic_stats":{"Lizard Tail":0,"counters":[12,58],"Blue Candle":[0],"Black Blood":78,"obtain_stats":[{"Potion Belt":9,"Lizard Tail":0,"Blue Candle":10,"Black Blood":17,"Membership Card":12,"Burning Blood":0,"Akabeko":20},{"Potion Belt":5,"Lizard Tail":0,"Blue Candle":6,"Black Blood":9,"Membership Card":6,"Burning Blood":0,"Akabeko":11},{"Potion Belt":17,"Lizard Tail":0,"Blue Candle":24,"Black Blood":42,"Membership Card":24,"Burning Blood":0,"Akabeko":52}]},"card_choices":[{"not_picked":["Wild Strike"],"picked":"Sever Soul","floor":1},{"not_picked":["Evolve","Wild Strike"],"picked":"SKIP","floor":2},{"not_picked":["Blood for Blood","Ghostly Armor"],"picked":"SKIP","floor":4},{"not_picked":["Thunderclap"],"picked":"Intimidate","floor":5},{"not_picked":["Entrench","Twin Strike"],"picked":"SKIP","floor":7},{"not_picked":["Thunderclap","Clash"],"picked":"SKIP","floor":10},{"not_picked":["Clothesline","Rampage"],"picked":"SKIP","floor":13},{"not_picked":["Rupture","Iron Wave"],"picked":"SKIP","floor":14},{"not_picked":["Sword Boomerang"],"picked":"Perfected Strike","floor":18},{"not_picked":["Wild Strike","Intimidate"],"picked":"SKIP","floor":19}],"player_experience":201993,"relics_obtained":[{"floor":9,"key":"Potion Belt"},{"floor":10,"key":"Blue Candle"}],"event_choices":[{"damage_healed":0,"gold_gain":0,"player_choice":"Ignored","damage_taken":0,"max_hp_gain":0,"max_hp_loss":0,"event_name":"Liars Game","floor":3,"gold_loss":0},{"damage_healed":0,"gold_gain":0,"player_choice":"Copied","damage_taken":0,"max_hp_gain":0,"max_hp_loss":0,"event_name":"Duplicator","floor":21,"gold_loss":0,"cards_obtained":["Spot Weakness"]}],"is_beta":false,"boss_relics":[{"not_picked":["Snecko Eye","SacredBark"],"picked":"Black Blood"}],"items_purged_floors":[],"is_endless":false,"potions_floor_spawned":[1,5,13,14],"killed_by":"Cultist and Chosen","ascension_level":5}}