{"host":"lirv846qj71y0vl3","time":1611842420,"event":{"mods":["AchievementEnabler","BaseMod","Better Match","Better Note","Colored Map","Colored Powertips","Defuse TimeMaze Blight","Emptier Cage","Highlight Path","Minty Spire (QoL Compilation)","Permanent Neow","Quick Restart","Rare Cards Sparkle","StSLib","Swap Starting Deck Mod","Transform Curses"],"gold_per_floor":[112,112,125,36,36,76,76,95,95,120,120,42,65,84,84,204,204,229,169,13,13,13,13,26,26,49,49,49,66,66,95,95,190,190,204,204,504,524,524,524,524],"floor_reached":40,"language":"ITA","playtime":3981,"items_purged":[],"score":402,"play_id":"5bfe3daa-ae90-4887-bca0-d2eeb1ebd2de","local_time":"20210128150020","is_ascension_mode":false,"campfire_choices":[{"floor":11,"key":"RECALL"},{"data":"Genetic Algorithm","floor":15,"key":"SMITH"},{"floor":23,"key":"REST"},{"data":"Storm","floor":25,"key":"SMITH"},{"data":"Capacitor","floor":28,"key":"SMITH"},{"data":"Hello World","floor":30,"key":"SMITH"},{"data":"Beam Cell","floor":32,"key":"SMITH"}],"circlet_count":0,"master_deck":["Strike_B","Defend_B","Defend_B","Defend_B","Defend_B","Zap","Dualcast","Electrodynamics","Redo","Beam Cell","Bandage Up","Genetic Algorithm+1","Storm+1","Capacitor+1","Self Repair","Beam Cell+1","Hologram","Lockon","Leap","Thunder Strike","Conserve Battery+1","Deadly Poison+1","Hello World+1","Multi-Cast","Amplify","Echo Form+1","Double Energy+1","Thunder Strike+1","Defragment","Conserve Battery+1"],"relics":["Cracked Core","HornCleat","Bloody Idol","PreservedInsect","Meat on the Bone","SlaversCollar","Lantern","Bottled Flame","Dream Catcher","Astrolabe"],"acts_visited":["Exordium","TheCity","TheBeyond"],"potions_floor_usage":[14,16,16,18,31,40,40,40],"damage_taken":[{"damage":0,"enemies":"Small Slimes","floor":1,"turns":3},{"damage":2,"enemies":"Cultist","floor":3,"turns":3},{"damage":9,"enemies":"3 Sentries","floor":6,"turns":5},{"damage":10,"enemies":"Jaw Worm","floor":8,"turns":4},{"damage":10,"enemies":"Looter","floor":10,"turns":3},{"damage":4,"enemies":"Blue Slaver","floor":13,"turns":4},{"damage":7,"enemies":"Exordium Thugs","floor":14,"turns":4},{"damage":45,"enemies":"Hexaghost","floor":16,"turns":10},{"damage":40,"enemies":"Shell Parasite","floor":18,"turns":5},{"damage":29,"enemies":"2 Thieves","floor":24,"turns":5},{"damage":6,"enemies":"Snake Plant","floor":29,"turns":4},{"damage":27,"enemies":"Slavers","floor":31,"turns":4},{"damage":65,"enemies":"Automaton","floor":33,"turns":10},{"damage":46,"enemies":"3 Shapes","floor":35,"turns":3},{"damage":5,"enemies":"Orb Walker","floor":38,"turns":3},{"damage":59,"enemies":"Reptomancer","floor":40,"turns":3}],"seed_played":"-9114586717852205750","potions_obtained":[{"floor":3,"key":"GamblersBrew"},{"floor":6,"key":"BlessingOfTheForge"},{"floor":10,"key":"Explosive Potion"},{"floor":16,"key":"LiquidBronze"},{"floor":24,"key":"SkillPotion"},{"floor":33,"key":"EssenceOfSteel"},{"floor":35,"key":"PotionOfCapacity"},{"floor":38,"key":"PowerPotion"}],"is_trial":false,"path_per_floor":["M","?","M","$","?","E","?","M","T","M","R","$","M","M","R","B",null,"M","?","$","?","?","R","M","R","T","T","R","M","R","E","R","B",null,"M","?","?","M","?","E"],"character_chosen":"DEFECT","items_purchased":["Bandage Up","Beam Cell","Hologram","Lantern"],"campfire_rested":1,"item_purchase_floors":[4,12,12,20],"current_hp_per_floor":[75,75,73,73,73,68,68,62,62,56,56,56,63,67,67,45,75,46,46,46,46,46,68,60,60,65,65,65,75,75,64,64,27,75,50,50,55,55,55,0,0],"gold":524,"neow_bonus":"ONE_RANDOM_RARE_CARD","is_daily":false,"chose_seed":false,"campfire_upgraded":5,"win_rate":0.0,"timestamp":1611842420,"path_taken":["M","?","M","$","?","E","?","M","T","?","R","?","M","M","R","BOSS","M","?","$","?","?","R","M","R","T","?","R","M","R","E","R","BOSS","M","?","?","?","?","E"],"items_purchased_type":["Card","Card","Card","Relic"],"build_version":"2020-12-22","purchased_purges":0,"victory":false,"max_hp_per_floor":[75,75,75,75,75,75,75,75,75,75,75,75,75,75,75,75,75,75,75,75,75,75,75,75,75,75,75,75,75,75,75,75,75,75,75,75,75,75,75,75,75],"card_choices":[{"not_picked":["Cold Snap","Stack"],"picked":"Redo","floor":1},{"not_picked":["Undo","FTL"],"picked":"Beam Cell","floor":3},{"not_picked":["Steam","Rip and Tear"],"picked":"Genetic Algorithm","floor":6},{"not_picked":["Steam Power","Glacier"],"picked":"Capacitor","floor":8},{"not_picked":["Sunder","Cold Snap"],"picked":"Self Repair","floor":10},{"not_picked":["Beam Cell","Turbo"],"picked":"Lockon","floor":13},{"not_picked":["Coolheaded","Streamline"],"picked":"Leap","floor":14},{"not_picked":["Rainbow","Multi-Cast"],"picked":"Thunder Strike","floor":16},{"not_picked":["Turbo+1","Sweeping Beam"],"picked":"Conserve Battery+1","floor":18},{"not_picked":["Ball Lightning","Recycle+1"],"picked":"Compile Driver","floor":24},{"not_picked":["Ball Lightning","Stack"],"picked":"Hello World","floor":29},{"not_picked":["Cold Snap","Turbo"],"picked":"Multi-Cast","floor":31},{"not_picked":["Biased Cognition","Machine Learning"],"picked":"Amplify","floor":33},{"not_picked":["Leap","Sweeping Beam"],"picked":"Defragment","floor":35},{"not_picked":["Streamline+1","Rebound"],"picked":"Conserve Battery+1","floor":38}],"player_experience":145743,"relics_obtained":[{"floor":6,"key":"PreservedInsect"},{"floor":9,"key":"Meat on the Bone"},{"floor":27,"key":"Bottled Flame"},{"floor":31,"key":"Dream Catcher"}],"event_choices":[{"damage_healed":0,"gold_gain":0,"player_choice":"Box","damage_taken":0,"relics_obtained":["HornCleat"],"max_hp_gain":0,"max_hp_loss":0,"event_name":"Big Fish","floor":2,"gold_loss":0,"cards_obtained":["Regret"]},{"damage_healed":0,"gold_gain":0,"player_choice":"Take Wound","damage_taken":0,"relics_obtained":["Golden Idol"],"max_hp_gain":0,"max_hp_loss":0,"event_name":"Golden Idol","floor":5,"gold_loss":0,"cards_obtained":["Injury"]},{"damage_healed":0,"gold_gain":0,"cards_transformed":["Regret"],"player_choice":"Transformed","damage_taken":0,"max_hp_gain":0,"max_hp_loss":0,"event_name":"Transmorgrifier","floor":7,"gold_loss":0,"cards_obtained":["Storm"]},{"cards_removed":["Injury"],"damage_healed":0,"gold_gain":0,"player_choice":"Single Remove","damage_taken":0,"max_hp_gain":0,"max_hp_loss":0,"event_name":"Designer","floor":19,"gold_loss":60},{"cards_removed":["Bandage Up"],"damage_healed":0,"gold_gain":0,"player_choice":"Take \u0026 Give","damage_taken":0,"max_hp_gain":0,"max_hp_loss":0,"event_name":"betterNote:BetterNote","floor":21,"gold_loss":0,"cards_obtained":["Deadly Poison"]},{"damage_healed":0,"gold_gain":0,"player_choice":"Gave Idol","damage_taken":0,"relics_obtained":["Bloody Idol"],"max_hp_gain":0,"max_hp_loss":0,"event_name":"Forgotten Altar","floor":22,"relics_lost":["Golden Idol"],"gold_loss":0},{"damage_healed":0,"gold_gain":0,"player_choice":"Ignored","damage_taken":0,"max_hp_gain":0,"max_hp_loss":0,"event_name":"Mysterious Sphere","floor":36,"gold_loss":0},{"damage_healed":0,"gold_gain":300,"player_choice":"Gold","damage_taken":0,"max_hp_gain":0,"max_hp_loss":0,"event_name":"Wheel of Change","floor":37,"gold_loss":0},{"cards_removed":["Compile Driver"],"damage_healed":0,"gold_gain":0,"player_choice":"Removed Attack","damage_taken":0,"max_hp_gain":0,"max_hp_loss":0,"event_name":"Falling","floor":39,"gold_loss":0}],"is_beta":false,"boss_relics":[{"not_picked":["Black Star","Calling Bell"],"picked":"SlaversCollar"},{"not_picked":["Philosopher\u0027s Stone","FrozenCore"],"picked":"Astrolabe"}],"items_purged_floors":[],"is_endless":false,"potions_floor_spawned":[3,6,10,13,16,24,33,35,38],"killed_by":"Reptomancer","ascension_level":0}}