{"host":"oi6p1guiqfwwvxym","time":1611804085,"event":{"mods":["BaseMod","Bestiary","Colored Map","Minty Spire (QoL Compilation)","Relic Stats"],"gold_per_floor":[111,130,130,95,43,43,73,73,73,101,111,121,121,152,152,248,248,264,281,281,296,80,113,113,139,139,139,152,152,170,170,170],"floor_reached":31,"language":"ENG","playtime":1858,"items_purged":["Storm of Steel"],"score":425,"play_id":"658ca11f-a060-4cc9-b7f2-11ce4041d11c","local_time":"20210127192125","is_ascension_mode":true,"campfire_choices":[{"data":"Quick Slash","floor":6,"key":"SMITH"},{"data":"PiercingWail","floor":8,"key":"SMITH"},{"data":"Deadly Poison","floor":13,"key":"SMITH"},{"data":"Bouncing Flask","floor":15,"key":"SMITH"},{"floor":24,"key":"REST"},{"floor":27,"key":"REST"}],"circlet_count":0,"master_deck":["Survivor","Neutralize","Poisoned Stab","Blur","Quick Slash+1","PiercingWail+1","Calculated Gamble","Bouncing Flask+1","Deadly Poison+1","Flechettes","Malaise","Terror+1","Bouncing Flask","Sucker Punch","All Out Attack","Backflip+1","Blade Dance","Cloak And Dagger","Night Terror","Footwork","Backflip","Crippling Poison","Backstab","Dodge and Roll","Well Laid Plans+1","Prepared","Malaise"],"relics":["Velvet Choker","Orichalcum","Blood Vial","Question Card","Singing Bowl","Pandora\u0027s Box","War Paint","Dream Catcher"],"acts_visited":["Exordium","TheCity"],"potions_floor_usage":[16,18,18,25,25,31,31],"damage_taken":[{"damage":0,"enemies":"Cultist","floor":1,"turns":5},{"damage":0,"enemies":"Small Slimes","floor":2,"turns":3},{"damage":15,"enemies":"Lagavulin","floor":7,"turns":7},{"damage":14,"enemies":"3 Sentries","floor":10,"turns":11},{"damage":0,"enemies":"2 Louse","floor":11,"turns":3},{"damage":4,"enemies":"Exordium Wildlife","floor":12,"turns":4},{"damage":8,"enemies":"Gremlin Nob","floor":14,"turns":4},{"damage":3,"enemies":"Hexaghost","floor":16,"turns":8},{"damage":9,"enemies":"3 Byrds","floor":18,"turns":4},{"damage":3,"enemies":"Shell Parasite","floor":19,"turns":4},{"damage":13,"enemies":"Cultist and Chosen","floor":21,"turns":5},{"damage":30,"enemies":"Book of Stabbing","floor":23,"turns":6},{"damage":18,"enemies":"Slavers","floor":25,"turns":4},{"damage":6,"enemies":"Snake Plant","floor":28,"turns":5},{"damage":18,"enemies":"Centurion and Healer","floor":30,"turns":5},{"damage":28,"enemies":"Shelled Parasite and Fungi","floor":31,"turns":3}],"seed_played":"-8612110031974051809","potions_obtained":[{"floor":1,"key":"Energy Potion"},{"floor":2,"key":"GamblersBrew"},{"floor":12,"key":"Energy Potion"},{"floor":14,"key":"DistilledChaos"},{"floor":21,"key":"Explosive Potion"},{"floor":28,"key":"SkillPotion"},{"floor":30,"key":"LiquidMemories"}],"is_trial":false,"path_per_floor":["M","M","?","?","$","R","E","R","T","E","M","M","R","E","R","B",null,"M","M","?","M","$","E","R","E","T","R","M","?","M","M"],"character_chosen":"THE_SILENT","items_purchased":["Quick Slash","Backstab","Dodge and Roll","Fire Potion"],"campfire_rested":2,"item_purchase_floors":[5,22,22,22],"current_hp_per_floor":[63,63,49,66,66,66,51,51,51,39,41,39,39,33,33,32,61,54,53,53,42,42,14,35,19,19,40,38,38,24,0,0],"gold":170,"neow_bonus":"BOSS_RELIC","is_daily":false,"chose_seed":false,"campfire_upgraded":4,"win_rate":0.0,"timestamp":1611804085,"path_taken":["M","M","?","?","$","R","E","R","T","E","M","M","R","E","R","BOSS","M","M","?","M","$","E","R","E","T","R","M","?","M","M"],"items_purchased_type":["Card","Card","Card","Potion"],"build_version":"2020-12-22","purchased_purges":1,"victory":false,"max_hp_per_floor":[70,70,70,70,70,70,70,70,70,70,70,70,70,70,70,70,70,70,70,70,70,70,70,70,70,70,70,72,72,74,74,74],"relic_stats":{"Blood Vial":26,"Dream Catcher":1,"Singing Bowl":4,"counters":[16,81],"Pandora\u0027s Box":["Terror","Night Terror","Bouncing Flask","Storm of Steel","Sucker Punch","All Out Attack","Backflip","Blade Dance","Cloak And Dagger","Night Terror"],"Orichalcum":[144],"War Paint":["Backflip","Terror"],"Question Card":12,"obtain_stats":[{"Blood Vial":9,"Dream Catcher":25,"Singing Bowl":14,"Velvet Choker":0,"Pandora\u0027s Box":17,"Orichalcum":7,"War Paint":23,"Question Card":10,"Ring of the Snake":0},{"Blood Vial":3,"Dream Catcher":13,"Singing Bowl":7,"Velvet Choker":0,"Pandora\u0027s Box":8,"Orichalcum":3,"War Paint":12,"Question Card":4,"Ring of the Snake":0},{"Blood Vial":15,"Dream Catcher":68,"Singing Bowl":37,"Velvet Choker":0,"Pandora\u0027s Box":45,"Orichalcum":15,"War Paint":64,"Question Card":26,"Ring of the Snake":0}]},"card_choices":[{"not_picked":["Endless Agony","Slice"],"picked":"Poisoned Stab","floor":1},{"not_picked":["Dodge and Roll","Outmaneuver"],"picked":"Blur","floor":2},{"not_picked":["Dodge and Roll","Underhanded Strike"],"picked":"PiercingWail","floor":7},{"not_picked":["Outmaneuver","Deflect"],"picked":"Calculated Gamble","floor":10},{"not_picked":["Blur","PiercingWail","Tactician"],"picked":"Bouncing Flask","floor":11},{"not_picked":["Escape Plan","Prepared","Underhanded Strike"],"picked":"Deadly Poison","floor":12},{"not_picked":["Choke","Acrobatics","Quick Slash"],"picked":"Flechettes","floor":14},{"not_picked":["Doppelganger","Envenom","Glass Knife"],"picked":"Malaise","floor":16},{"not_picked":["Accuracy+1","PiercingWail","Choke"],"picked":"Footwork","floor":18},{"not_picked":["Cloak And Dagger","Masterful Stab","Dodge and Roll"],"picked":"Backflip","floor":19},{"not_picked":["Blade Dance","Cloak And Dagger","PiercingWail"],"picked":"Crippling Poison","floor":21},{"not_picked":["Sucker Punch","Eviscerate","Cloak And Dagger"],"picked":"Well Laid Plans+1","floor":23},{"not_picked":["Underhanded Strike","Well Laid Plans","Dagger Throw"],"picked":"Prepared","floor":25},{"not_picked":["Accuracy","PiercingWail","Terror"],"picked":"Malaise","floor":27},{"not_picked":["Quick Slash","Backflip","Sucker Punch","Deflect+1"],"picked":"Singing Bowl","floor":28},{"not_picked":["Bane","Deflect","Blur","Dagger Throw"],"picked":"Singing Bowl","floor":30}],"player_experience":405385,"relics_obtained":[{"floor":7,"key":"Orichalcum"},{"floor":9,"key":"Blood Vial"},{"floor":10,"key":"Question Card"},{"floor":14,"key":"Singing Bowl"},{"floor":23,"key":"War Paint"},{"floor":25,"key":"Dream Catcher"}],"event_choices":[{"damage_healed":0,"gold_gain":0,"player_choice":"Entered Light","damage_taken":14,"max_hp_gain":0,"max_hp_loss":0,"event_name":"Shining Light","floor":3,"gold_loss":0,"cards_upgraded":["Defend_G","Defend_G"]},{"damage_healed":17,"gold_gain":0,"player_choice":"Healed","damage_taken":0,"max_hp_gain":0,"max_hp_loss":0,"event_name":"The Cleric","floor":4,"gold_loss":35},{"cards_removed":["Night Terror"],"damage_healed":0,"gold_gain":0,"player_choice":"Elegance","damage_taken":0,"max_hp_gain":0,"max_hp_loss":0,"event_name":"Back to Basics","floor":20,"gold_loss":0},{"damage_healed":0,"gold_gain":0,"player_choice":"Ignored","damage_taken":0,"max_hp_gain":0,"max_hp_loss":0,"event_name":"Ghosts","floor":29,"gold_loss":0}],"is_beta":false,"boss_relics":[{"not_picked":["Fusion Hammer","Black Star"],"picked":"Pandora\u0027s Box"}],"items_purged_floors":[22],"is_endless":false,"potions_floor_spawned":[1,2,12,14,21,28,30],"killed_by":"Shelled Parasite and Fungi","ascension_level":9}}