{"host":"a3oe3gstxz77c7qu","time":1611872154,"event":{"mods":["2.2 Compatiblity","Act Like it!","Astrologer","BaseMod","Bestiary","Better Altar","Better Match","Better Note","Better Skull","Better Third Choice","Block Reminder","Curses Come First","Custom Start","Dark Map","Downfall","Friendly Minions","GifTheSpireLib","Hallownest","Hermit","Jorbs\u0027s Wanderer Trilogy","Lobotomy","LobotomyExtend","Marisa????????","Minty Spire (QoL Compilation)","Permanent Neow","Quick Restart","Relic Filter Mod","Relic Stats","Reliquary","Smile Girya","Spire Arcade","StSLib","The Bug Knight","The Cursed","The Disciple","The Jungle","Uncapped","Unknown Chances","Wandering Minibosses"],"gold_per_floor":[99,113,123,133,144,144,144,176,76,76,102,119,153,63,82,185,185,185,199,299,315,208,208,208,242,265,65,81,81,81,92,107,204,204,204,222,222,222,328,346,346,356,385,402,402,421,453,469,488,488,488,488,513,162,162,162,162],"floor_reached":58,"language":"ENG","playtime":3125,"items_purged":["sneckomod:CheapStock","sneckomod:Defend","sneckomod:Transmogrify"],"score":1728,"play_id":"26681953-04d1-410c-920f-ac099d19b019","local_time":"20210128221554","is_ascension_mode":true,"campfire_choices":[{"floor":6,"key":"RECALL"},{"data":"Christmas","floor":27,"key":"SMITH"},{"data":"sneckomod:UnknownStrength","floor":30,"key":"SMITH"},{"floor":45,"key":"REST"},{"data":"expansioncontent:HyperBeam","floor":55,"key":"SMITH"}],"circlet_count":0,"master_deck":["sneckomod:Strike","sneckomod:Defend","sneckomod:Defend","sneckomod:TailWhip","sneckomod:SnekBite","LifeForTheDareDevil+1","sneckomod:MixItUp","sneckomod:MixItUp","sneckomod:IronFang","sneckomod:SlitherStrike+1","Reprogram","sneckomod:UnknownStrength+1","Christmas+1","sneckomod:UnknownClassAngela+1","sneckomod:MixItUp","sneckomod:UnknownUncommonAttack","sneckomod:UnknownStrength","GoldRush","expansioncontent:HyperBeam+1","sneckomod:MixItUp+1","FourthMatchFlame","sneckomod:RainOfDice","Mimicry"],"relics":["sneckomod:SneckoSoul","LetterFromLob","Guardian:PocketSentry","reliquary:Buckler","downfall:HeartBlessingRed","hexamod:CandleOfCauterizing","wanderingMiniBosses:ThiefScarf","Black Star","Bottled Tornado","Ginger","Smiling Mask","Letter Opener","sneckomod:BlankCard","downfall:HeartBlessingBlue","downfall:HeartBlessingGreen","White Beast Statue","Strawberry","Omamori","reliquary:PartyBalloon","sneckomod:SneckoTalon","Darkstone Periapt","Pantograph","Bottled Flame","CaptainsWheel","Meat on the Bone","Mercury Hourglass","Bag of Marbles","Strawberry","Vajra","Akabeko"],"acts_visited":["Exordium","TheCity","TheBeyond","TheEnding"],"potions_floor_usage":[12,13,19,44,46],"damage_taken":[{"damage":0,"enemies":"Cultist","floor":2,"turns":2},{"damage":0,"enemies":"Small Slimes","floor":3,"turns":2},{"damage":0,"enemies":"Jaw Worm","floor":4,"turns":3},{"damage":17,"enemies":"Exordium Thugs","floor":5,"turns":3},{"damage":9,"enemies":"Lagavulin","floor":8,"turns":4},{"damage":0,"enemies":"Gremlin Nob","floor":11,"turns":2},{"damage":0,"enemies":"Exordium Wildlife","floor":12,"turns":2},{"damage":0,"enemies":"3 Sentries","floor":13,"turns":2},{"damage":0,"enemies":"downfall:FleeingMerchant","floor":14,"turns":4},{"damage":0,"enemies":"Large Slime","floor":15,"turns":4},{"damage":16,"enemies":"DF_ARCHETYPE_STREAMLINE","floor":16,"turns":5},{"damage":0,"enemies":"Spheric Guardian","floor":19,"turns":2},{"damage":7,"enemies":"downfall:FaceTrader","floor":20,"turns":4},{"damage":6,"enemies":"Centurion and Healer","floor":21,"turns":2},{"damage":2,"enemies":"downfall:FleeingMerchant","floor":22,"turns":3},{"damage":15,"enemies":"Book of Stabbing","floor":25,"turns":3},{"damage":0,"enemies":"Snecko","floor":28,"turns":2},{"damage":10,"enemies":"Snake Plant","floor":31,"turns":2},{"damage":0,"enemies":"Centurion and Healer","floor":32,"turns":2},{"damage":11,"enemies":"SI_MIRROR_ARCHETYPE","floor":33,"turns":8},{"damage":0,"enemies":"Orb Walker","floor":36,"turns":1},{"damage":0,"enemies":"3 Darklings","floor":40,"turns":1},{"damage":14,"enemies":"Maw","floor":42,"turns":3},{"damage":1,"enemies":"Giant Head","floor":43,"turns":3},{"damage":0,"enemies":"Transient","floor":44,"turns":5},{"damage":10,"enemies":"Writhing Mass","floor":46,"turns":2},{"damage":0,"enemies":"Reptomancer","floor":47,"turns":2},{"damage":0,"enemies":"Maw","floor":48,"turns":3},{"damage":0,"enemies":"3 Darklings","floor":49,"turns":2},{"damage":0,"enemies":"IC_BLOCK_ARCHETYPE","floor":50,"turns":1},{"damage":24,"enemies":"downfall:CharBossMerchant","floor":53,"turns":4},{"damage":33,"enemies":"downfall:NeowBoss","floor":56,"turns":8},{"damage":20,"enemies":"downfall:NeowBossFinal","floor":57,"turns":6}],"seed_played":"-3309276277457397762","potions_obtained":[{"floor":3,"key":"FearPotion"},{"floor":5,"key":"Dexterity Potion"},{"floor":11,"key":"AttackPotion"},{"floor":12,"key":"bronze:BurnAndBuffPotion"},{"floor":13,"key":"DistilledChaos"},{"floor":14,"key":"SteroidPotion"},{"floor":19,"key":"Fruit Juice"},{"floor":20,"key":"PowerPotion"},{"floor":44,"key":"AttackPotion"},{"floor":46,"key":"Guardian:BlockOnCardUsePotion"}],"is_trial":false,"path_per_floor":["R","M","M","M","M","R","T","E","R","?","E","M","E","$","M","B",null,"R","M","?","M","$","M","T","E","T","R","M","?","R","M","M","B",null,"R","M","?","?","?","M","T","M","E","M","R","M","E","M","M","B",null,null,"E","$","R","B","B",null],"character_chosen":"THE_SNECKO","items_purchased":["Bottled Tornado","sneckomod:UnknownUncommonAttack","Vajra","Akabeko"],"campfire_rested":1,"item_purchase_floors":[22,22,54,54],"current_hp_per_floor":[90,90,90,90,73,73,73,64,64,64,64,69,74,74,74,58,100,100,105,98,92,90,105,105,90,90,100,100,100,100,90,90,79,115,115,115,115,115,35,35,35,33,38,43,81,76,76,76,76,101,101,132,115,115,115,106,111],"gold":162,"neow_bonus":"TRANSFORM_CARD","is_daily":false,"chose_seed":false,"campfire_upgraded":3,"win_rate":0.0,"timestamp":1611872154,"path_taken":["R","M","M","M","M","R","T","E","R","?","E","M","E","$","M","BOSS","R","M","?","M","$","?","T","E","?","R","M","?","R","M","M","BOSS","R","M","?","?","?","M","T","M","E","?","R","M","E","M","M","BOSS","E","$","R","BOSS","BOSS"],"items_purchased_type":["Relic","Card","Relic","Relic"],"build_version":"2020-12-22","purchased_purges":3,"victory":true,"max_hp_per_floor":[90,90,90,90,90,90,90,90,90,90,90,95,100,100,100,100,100,100,105,105,105,105,105,105,105,105,115,115,115,115,115,115,115,115,115,115,115,115,122,122,122,122,122,127,127,132,132,132,132,132,132,132,139,139,139,139,139],"relic_stats":{"Darkstone Periapt":0,"counters":[33,102],"Pantograph":74,"Black Star":4,"Ginger":[23],"Letter Opener":[113],"Smiling Mask":75,"obtain_stats":[{"Calipers":21,"Gremlin Horn":42,"reliquary:PartyBalloon":39,"CeramicFish":36,"Vajra":54,"downfall:HeartBlessingGreen":27,"Ginger":23,"Bottled Tornado":22,"sneckomod:SneckoSoul":0,"HollowMod:StagPassRelic":20,"Boot":57,"sneckomod:ConfusingCodex":40,"Strawberry":39,"MealTicket":56,"wanderingMiniBosses:ThiefScarf":15,"reliquary:TatteredRug":46,"Guardian:PocketSentry":7,"Letter Opener":25,"reliquary:WeakTea":53,"sneckomod:SneckoTalon":34,"Akabeko":44,"SlaversCollar":31,"OrangePellets":46,"Bottled Flame":43,"Bronze Scales":28,"reliquary:SculptingSteel":53,"Black Star":17,"Meat on the Bone":42,"Pocketwatch":48,"Darkstone Periapt":41,"Lantern":16,"reliquary:SilkGlove":22,"Singing Bowl":32,"Torii":43,"sneckomod:BlankCard":26,"Smiling Mask":25,"Ancient Tea Set":56,"Dream Catcher":19,"downfall:HeartBlessingBlue":27,"Gambling Chip":25,"Pantograph":31,"reliquary:Buckler":8,"InkBottle":20,"hexamod:CandleOfCauterizing":13,"downfall:HeartBlessingRed":9,"hexamod:Sixitude":25,"PreservedInsect":19,"Omamori":39,"White Beast Statue":11,"reliquary:IridiumChain":16,"Mercury Hourglass":23,"Peace Pipe":28,"Strange Spoon":50,"CaptainsWheel":47,"sneckomod:SleevedAce":33,"Turnip":21,"reliquary:Stiletto":49,"LetterFromLob":2,"Art of War":53,"Bag of Marbles":53,"hexamod:BolsterEngine":47,"TungstenRod":33},{"Calipers":13,"Gremlin Horn":22,"reliquary:PartyBalloon":21,"CeramicFish":20,"Vajra":31,"downfall:HeartBlessingGreen":16,"Ginger":15,"Bottled Tornado":15,"sneckomod:SneckoSoul":0,"HollowMod:StagPassRelic":12,"Boot":32,"sneckomod:ConfusingCodex":21,"Strawberry":21,"MealTicket":31,"wanderingMiniBosses:ThiefScarf":10,"reliquary:TatteredRug":25,"Guardian:PocketSentry":4,"Letter Opener":16,"reliquary:WeakTea":30,"sneckomod:SneckoTalon":20,"Akabeko":24,"SlaversCollar":17,"OrangePellets":25,"Bottled Flame":24,"Bronze Scales":16,"reliquary:SculptingSteel":31,"Black Star":11,"Meat on the Bone":22,"Pocketwatch":27,"Darkstone Periapt":22,"Lantern":10,"reliquary:SilkGlove":14,"Singing Bowl":18,"Torii":23,"sneckomod:BlankCard":16,"Smiling Mask":16,"Ancient Tea Set":31,"Dream Catcher":11,"downfall:HeartBlessingBlue":16,"Gambling Chip":15,"Pantograph":17,"reliquary:Buckler":5,"InkBottle":12,"hexamod:CandleOfCauterizing":8,"downfall:HeartBlessingRed":5,"hexamod:Sixitude":15,"PreservedInsect":11,"Omamori":21,"White Beast Statue":6,"reliquary:IridiumChain":10,"Mercury Hourglass":15,"Peace Pipe":16,"Strange Spoon":29,"CaptainsWheel":27,"sneckomod:SleevedAce":19,"Turnip":13,"reliquary:Stiletto":28,"LetterFromLob":1,"Art of War":30,"Bag of Marbles":31,"hexamod:BolsterEngine":26,"TungstenRod":19},{"Calipers":39,"Gremlin Horn":63,"reliquary:PartyBalloon":62,"CeramicFish":61,"Vajra":88,"downfall:HeartBlessingGreen":47,"Ginger":44,"Bottled Tornado":44,"sneckomod:SneckoSoul":0,"HollowMod:StagPassRelic":35,"Boot":96,"sneckomod:ConfusingCodex":62,"Strawberry":62,"MealTicket":88,"wanderingMiniBosses:ThiefScarf":28,"reliquary:TatteredRug":74,"Guardian:PocketSentry":10,"Letter Opener":47,"reliquary:WeakTea":84,"sneckomod:SneckoTalon":61,"Akabeko":69,"SlaversCollar":49,"OrangePellets":74,"Bottled Flame":69,"Bronze Scales":47,"reliquary:SculptingSteel":88,"Black Star":33,"Meat on the Bone":63,"Pocketwatch":78,"Darkstone Periapt":63,"Lantern":28,"reliquary:SilkGlove":41,"Singing Bowl":51,"Torii":66,"sneckomod:BlankCard":47,"Smiling Mask":47,"Ancient Tea Set":88,"Dream Catcher":33,"downfall:HeartBlessingBlue":47,"Gambling Chip":44,"Pantograph":49,"reliquary:Buckler":14,"InkBottle":35,"hexamod:CandleOfCauterizing":20,"downfall:HeartBlessingRed":14,"hexamod:Sixitude":44,"PreservedInsect":33,"Omamori":62,"White Beast Statue":16,"reliquary:IridiumChain":28,"Mercury Hourglass":44,"Peace Pipe":47,"Strange Spoon":83,"CaptainsWheel":78,"sneckomod:SleevedAce":53,"Turnip":39,"reliquary:Stiletto":81,"LetterFromLob":2,"Art of War":84,"Bag of Marbles":88,"hexamod:BolsterEngine":76,"TungstenRod":53}],"Meat on the Bone":12,"Mercury Hourglass":[147]},"card_choices":[{"not_picked":["sneckomod:Rotation","sneckomod:UnknownCommonAttack"],"picked":"sneckomod:MixItUp","floor":2},{"not_picked":["sneckomod:UnknownDraw","sneckomod:SoulRoll"],"picked":"sneckomod:MixItUp","floor":3},{"not_picked":["sneckomod:SnakeSap","sneckomod:UnknownExhaust"],"picked":"sneckomod:IronFang","floor":4},{"not_picked":["sneckomod:UnknownUncommonSkill","sneckomod:UnknownCommonSkill"],"picked":"sneckomod:SlitherStrike","floor":5},{"not_picked":["sneckomod:DiceBlock","sneckomod:UnknownCommonSkill","sneckomod:DiceCrush"],"picked":"SKIP","floor":8},{"not_picked":["sneckomod:UnendingSupply","sneckomod:SoulExchange","sneckomod:DiceBlock"],"picked":"SKIP","floor":11},{"not_picked":["sneckomod:SerpentIdol","sneckomod:QuickMove"],"picked":"sneckomod:UnknownCommonAttack","floor":12},{"not_picked":["sneckomod:UnknownDraw","sneckomod:UnknownCommonAttack"],"picked":"sneckomod:UnknownStrength","floor":13},{"not_picked":["sneckomod:DiceCrush","sneckomod:UnknownCommonAttack","sneckomod:QuickMove"],"picked":"SKIP","floor":14},{"not_picked":["sneckomod:Unknown0Cost","sneckomod:WideSting"],"picked":"sneckomod:UnknownUncommonPower","floor":15},{"not_picked":["sneckomod:Nope+1","sneckomod:WideSting","sneckomod:SnekBeam"],"picked":"SKIP","floor":19},{"not_picked":["sneckomod:UnknownClassBLUE","sneckomod:SlitherStrike"],"picked":"sneckomod:UnknownClassAngela+1","floor":20},{"not_picked":["sneckomod:UnknownCommonSkill","sneckomod:DiceBlock","sneckomod:SerpentIdol"],"picked":"SKIP","floor":21},{"not_picked":["sneckomod:UnknownCommonAttack","sneckomod:RainOfDice"],"picked":"sneckomod:MixItUp","floor":22},{"not_picked":["sneckomod:DiceBoulder+1","sneckomod:IronFang+1"],"picked":"sneckomod:Transmogrify","floor":25},{"not_picked":["sneckomod:DiceBlock","sneckomod:UnknownBlock","sneckomod:WideSting"],"picked":"SKIP","floor":28},{"not_picked":["sneckomod:UnknownClassSLIMEBOUND","sneckomod:Unknown2Cost","sneckomod:UnknownBlock+1"],"picked":"SKIP","floor":31},{"not_picked":["sneckomod:DiceBlock","sneckomod:SoulDraw"],"picked":"sneckomod:UnknownStrength","floor":32},{"not_picked":["sneckomod:Mudshield","sneckomod:UnknownBoss"],"picked":"sneckomod:UnknownRareAttack","floor":33},{"not_picked":["sneckomod:PureSnecko","sneckomod:UnknownClassSLIMEBOUND","sneckomod:Unknown1Cost"],"picked":"SKIP","floor":36},{"not_picked":["expansioncontent:DecaShield","expansioncontent:PolyBeam"],"picked":"expansioncontent:HyperBeam","floor":38},{"not_picked":["sneckomod:UnknownBlock+1","sneckomod:UnknownColorless"],"picked":"sneckomod:MixItUp+1","floor":40},{"not_picked":["sneckomod:DiceBlock+1","sneckomod:UnknownCommonAttack","sneckomod:UnknownClassSLIMEBOUND+1"],"picked":"SKIP","floor":42},{"not_picked":["sneckomod:DiceBlock+1","sneckomod:UnknownClassAngela","sneckomod:UnknownBlock+1"],"picked":"SKIP","floor":43},{"not_picked":["sneckomod:UnknownUncommonSkill+1","sneckomod:UnknownClassSLIMEBOUND","sneckomod:QuickBite+1"],"picked":"SKIP","floor":44},{"not_picked":["sneckomod:Unknown2Cost","sneckomod:UnknownClassAngela+1"],"picked":"sneckomod:UnknownRarePower","floor":46},{"not_picked":["sneckomod:Memorize+1","sneckomod:PureSnecko","sneckomod:UnknownClassBLUE"],"picked":"SKIP","floor":47},{"not_picked":["sneckomod:CheapStock+1","sneckomod:DiceBlock","sneckomod:SoulDraw+1"],"picked":"SKIP","floor":48},{"not_picked":["sneckomod:DiceBoulder+1","sneckomod:SoulDraw+1","sneckomod:UnknownClassSLIMEBOUND+1"],"picked":"SKIP","floor":49},{"not_picked":["sneckomod:UnknownCommonAttack","sneckomod:UnknownClassAngela+1"],"picked":"sneckomod:RainOfDice","floor":53}],"player_experience":1111109,"relics_obtained":[{"floor":2,"key":"LetterFromLob"},{"floor":7,"key":"Guardian:PocketSentry"},{"floor":8,"key":"reliquary:Buckler"},{"floor":11,"key":"White Beast Statue"},{"floor":13,"key":"hexamod:CandleOfCauterizing"},{"floor":15,"key":"wanderingMiniBosses:ThiefScarf"},{"floor":25,"key":"Smiling Mask"},{"floor":25,"key":"Letter Opener"},{"floor":26,"key":"sneckomod:BlankCard"},{"floor":32,"key":"White Beast Statue"},{"floor":40,"key":"sneckomod:SneckoTalon"},{"floor":41,"key":"Darkstone Periapt"},{"floor":43,"key":"Pantograph"},{"floor":43,"key":"Bottled Flame"},{"floor":47,"key":"CaptainsWheel"},{"floor":47,"key":"Meat on the Bone"},{"floor":49,"key":"Mercury Hourglass"},{"floor":53,"key":"Bag of Marbles"},{"floor":53,"key":"reliquary:SculptingSteel"}],"event_choices":[{"damage_healed":0,"gold_gain":106,"player_choice":"RE RE RE GO ","damage_taken":94,"relics_obtained":["Strawberry","Omamori","reliquary:PartyBalloon"],"max_hp_gain":0,"max_hp_loss":0,"event_name":"betterSkull:BetterSkull","floor":39,"gold_loss":0,"cards_upgraded":[]}],"is_beta":false,"boss_relics":[{"not_picked":["bronze:MakeshiftBattery","Runic Pyramid"],"picked":"Black Star"},{"not_picked":["Pandora\u0027s Box","Velvet Choker"],"picked":"sneckomod:SneckoTalon"}],"items_purged_floors":[14,22,54],"is_endless":false,"potions_floor_spawned":[3,5,11,12,13,14,15,16,19,20,21,22,25,28,31,33,36,40,42,43,44,46,47,48,49,53],"ascension_level":4}}