{"host":"clf2hd4adhiiw0zf","time":1611808117,"event":{"mods":["AchievementEnabler","BaseMod","Beaked The Cultist","Bestiary","Dark Map","Downfall","Gremlin Mod","Hermit","Jorbs\u0027s Wanderer Trilogy","Marisa????????","Minty Spire (QoL Compilation)","Shop Mod","StSLib","The Cursed","The Servant 0.9.4","Wide Potions"],"gold_per_floor":[0,58,90,125,158,206,280,280,80,90,90,126,162,175,210,210,210,210],"floor_reached":16,"language":"ENG","playtime":609,"items_purged":[],"score":124,"play_id":"f3233b27-c4cb-45f5-aba5-c234bf643ef8","local_time":"20210127212837","is_ascension_mode":true,"campfire_choices":[{"floor":1,"key":"RECALL"},{"data":"HandOfGreed","floor":9,"key":"SMITH"}],"circlet_count":0,"master_deck":["champ:Strike","champ:Strike","champ:Strike","champ:Strike","champ:Defend","champ:Defend","champ:Defend","champ:Defend","champ:Execute","champ:Taunt","HandOfGreed+1","champ:DeathBlow","champ:Haymaker","champ:TornadoPunch","champ:PreemptiveStrike","champ:Duel","champ:PreciseThrust","champ:UltimateStance","champ:Taunt","champ:PerfectedStrike","champ:VampiricStrike"],"relics":["champ:ChampionCrown","Lizard Tail","Pear","champ:LiftRelic","downfall:HeartBlessingRed","downfall:HeartBlessingGreen"],"acts_visited":["Exordium"],"potions_floor_usage":[6,6,10,14,16],"damage_taken":[{"damage":6,"enemies":"Small Slimes","floor":2,"turns":5},{"damage":25,"enemies":"Jaw Worm","floor":3,"turns":5},{"damage":14,"enemies":"Cultist","floor":4,"turns":5},{"damage":24,"enemies":"Large Slime","floor":5,"turns":6},{"damage":71,"enemies":"3 Sentries","floor":6,"turns":9},{"damage":3,"enemies":"Blue Slaver","floor":10,"turns":3},{"damage":9,"enemies":"2 Fungi Beasts","floor":12,"turns":3},{"damage":21,"enemies":"Gremlin Gang","floor":13,"turns":4},{"damage":20,"enemies":"Large Slime","floor":14,"turns":8},{"damage":0,"enemies":"2 Fungi Beasts","floor":15,"turns":2},{"damage":92,"enemies":"WA_ARCHETYPE_RETAIN","floor":16,"turns":7}],"seed_played":"6284774138011221979","potions_obtained":[{"floor":2,"key":"GamblersBrew"},{"floor":4,"key":"Regen Potion"},{"floor":5,"key":"EntropicBrew"},{"floor":12,"key":"Block Potion"},{"floor":13,"key":"AttackPotion"}],"is_trial":false,"path_per_floor":["R","M","M","M","M","E","T","?","R","M","?","M","M","M","M","B"],"character_chosen":"THE_CHAMP","items_purchased":[],"campfire_rested":0,"item_purchase_floors":[],"current_hp_per_floor":[90,89,84,80,66,40,50,50,50,47,47,38,27,7,7,0,0,0],"gold":210,"neow_bonus":"RANDOM_COLORLESS_2","is_daily":false,"chose_seed":false,"campfire_upgraded":1,"win_rate":0.0,"timestamp":1611808117,"path_taken":["R","M","M","M","M","E","T","?","R","M","?","M","?","M","M","BOSS"],"items_purchased_type":[],"build_version":"2020-12-22","purchased_purges":0,"victory":false,"max_hp_per_floor":[90,90,90,90,90,90,100,100,100,100,100,100,100,100,100,100,100,100],"card_choices":[{"not_picked":["The Bomb","Secret Technique"],"picked":"HandOfGreed","floor":0},{"not_picked":["champ:CrownThrow","champ:EnGarde"],"picked":"champ:DeathBlow","floor":2},{"not_picked":["champ:Circumvent","champ:Lariat"],"picked":"champ:Haymaker","floor":3},{"not_picked":["champ:EnGarde","champ:AdrenalArmor"],"picked":"champ:TornadoPunch","floor":4},{"not_picked":["champ:RageSigil","champ:TornadoPunch"],"picked":"champ:PreemptiveStrike","floor":5},{"not_picked":["champ:Parry","champ:TornadoPunch"],"picked":"champ:Duel","floor":6},{"not_picked":["champ:Haymaker","champ:Circumvent"],"picked":"champ:PreciseThrust","floor":10},{"not_picked":["champ:Backstep","champ:RapidStrikes"],"picked":"champ:PerfectedStrike","floor":12},{"not_picked":["champ:HeartStrike","champ:PreemptiveStrike","champ:Parry"],"picked":"SKIP","floor":13},{"not_picked":["champ:Circumvent","champ:BringItOn","champ:EnGarde"],"picked":"SKIP","floor":14},{"not_picked":["champ:PreciseThrust","champ:FlashCut"],"picked":"champ:VampiricStrike","floor":15}],"player_experience":136649,"relics_obtained":[{"floor":6,"key":"Lizard Tail"},{"floor":7,"key":"Pear"}],"event_choices":[],"is_beta":false,"boss_relics":[],"items_purged_floors":[],"is_endless":false,"potions_floor_spawned":[2,4,5,12,13],"killed_by":"WA_ARCHETYPE_RETAIN","ascension_level":3}}