{"host":"Tuck","time":1611819985,"event":{"mods":["BaseMod","Minty Spire (QoL Compilation)","StSLib"],"gold_per_floor":[115,129,129,139,150,185,185,212,261,296,296,296,296,313,313,417,817,835,850,868,644,644,675,585,616,668,699,715,715,730,829,829,934,934,952,952,554,604,618,633,664,203,203,219,234,269,269,294,294,294,294,294,28,58,58],"floor_reached":56,"language":"ENG","playtime":3787,"items_purged":["Strike_G","Infinite Blades"],"score":1782,"play_id":"3137fc84-0992-4d7c-8149-2dce3dd36090","local_time":"20210128004625","is_ascension_mode":true,"campfire_choices":[{"data":"Terror","floor":7.0,"key":"SMITH"},{"data":"Leg Sweep","floor":11.0,"key":"SMITH"},{"data":"Poisoned Stab","floor":15.0,"key":"SMITH"},{"data":"Footwork","floor":29,"key":"SMITH"},{"data":"Neutralize","floor":32,"key":"SMITH"},{"floor":47,"key":"DIG"},{"floor":49,"key":"RECALL"},{"floor":52,"key":"DIG"}],"circlet_count":0,"master_deck":["Defend_G","Defend_G","Defend_G","Defend_G","Defend_G","Survivor","Neutralize+1","Leg Sweep+1","Masterful Stab+1","Terror+1","Dodge and Roll","Acrobatics+1","Dash+1","Poisoned Stab+1","Corpse Explosion","Outmaneuver+1","Skewer+1","PiercingWail","Footwork+1","Backflip","Dodge and Roll+1","Outmaneuver","Wraith Form v2","After Image","Noxious Fumes","Night Terror","Noxious Fumes+1","Footwork","Night Terror","Caltrops","Concentrate","PiercingWail+1"],"relics":["Black Star","Pantograph","Letter Opener","Centennial Puzzle","Ice Cream","Potion Belt","Eternal Feather","Toy Ornithopter","Pen Nib","Strawberry","WarpedTongs","Runic Pyramid","Orrery","Regal Pillow","Juzu Bracelet","MealTicket","Singing Bowl","Nunchaku","Pear","Fusion Hammer","Art of War","Shovel","Anchor","Happy Flower","Torii","Question Card","Dream Catcher","Bag of Preparation","Bronze Scales","Smiling Mask","Whetstone","Blue Candle","Thread and Needle","Gremlin Horn"],"acts_visited":["Exordium","TheCity","TheBeyond","TheEnding"],"potions_floor_usage":[37,40,55,55,55],"damage_taken":[{"damage":0.0,"enemies":"2 Louse","floor":1.0,"turns":4.0},{"damage":5.0,"enemies":"Jaw Worm","floor":2.0,"turns":5.0},{"damage":0.0,"enemies":"Small Slimes","floor":4.0,"turns":3.0},{"damage":0.0,"enemies":"Red Slaver","floor":5.0,"turns":4.0},{"damage":18.0,"enemies":"Lagavulin","floor":6.0,"turns":8.0},{"damage":22.0,"enemies":"3 Sentries","floor":8.0,"turns":10.0},{"damage":14.0,"enemies":"Lagavulin","floor":10.0,"turns":7.0},{"damage":0.0,"enemies":"2 Fungi Beasts","floor":14.0,"turns":4.0},{"damage":0.0,"enemies":"Slime Boss","floor":16.0,"turns":5.0},{"damage":0.0,"enemies":"Chosen","floor":18.0,"turns":3.0},{"damage":0.0,"enemies":"Shell Parasite","floor":19.0,"turns":3.0},{"damage":0.0,"enemies":"Centurion and Healer","floor":20.0,"turns":4.0},{"damage":0.0,"enemies":"Gremlin Leader","floor":23.0,"turns":3.0},{"damage":0,"enemies":"Book of Stabbing","floor":25,"turns":5},{"damage":0,"enemies":"Slavers","floor":27,"turns":2},{"damage":0,"enemies":"3 Cultists","floor":28,"turns":3},{"damage":0,"enemies":"Snake Plant","floor":30,"turns":5},{"damage":0,"enemies":"Champ","floor":33,"turns":12},{"damage":5,"enemies":"3 Darklings","floor":35,"turns":3},{"damage":0,"enemies":"Mind Bloom Boss Battle","floor":38,"turns":8},{"damage":0,"enemies":"3 Shapes","floor":39,"turns":4},{"damage":0,"enemies":"Maw","floor":40,"turns":5},{"damage":13,"enemies":"Nemesis","floor":41,"turns":5},{"damage":0,"enemies":"Jaw Worm Horde","floor":44,"turns":4},{"damage":0,"enemies":"Spire Growth","floor":45,"turns":6},{"damage":0,"enemies":"Giant Head","floor":46,"turns":9},{"damage":10,"enemies":"Reptomancer","floor":48,"turns":6},{"damage":0,"enemies":"Time Eater","floor":50,"turns":10},{"damage":0,"enemies":"Shield and Spear","floor":54,"turns":8},{"damage":0,"enemies":"The Heart","floor":55,"turns":13}],"seed_played":"-5124083219526460078","potions_obtained":[{"floor":1.0,"key":"FearPotion"},{"floor":6.0,"key":"Dexterity Potion"},{"floor":10.0,"key":"Explosive Potion"},{"floor":14.0,"key":"Dexterity Potion"},{"floor":18.0,"key":"SteroidPotion"},{"floor":20.0,"key":"SpeedPotion"},{"floor":25,"key":"Block Potion"},{"floor":40,"key":"Fruit Juice"},{"floor":41,"key":"Fire Potion"}],"is_trial":false,"path_per_floor":["M","M","?","M","M","E","R","E","T","E","R","?","?","M","R","B",null,"M","M","M","$","?","E","?","E","T","E","M","R","M","?","R","B",null,"M","?","$","?","M","M","E","$","T","M","M","E","R","E","R","B",null,"R","$","E","B",null],"character_chosen":"THE_SILENT","items_purchased":["Orrery","Art of War","Fruit Juice","Energy Potion","Torii","Noxious Fumes","Night Terror","Night Terror","Caltrops","Concentrate"],"campfire_rested":0,"item_purchase_floors":[21,37,37,37,42,42,42,53,53,53],"current_hp_per_floor":[70,65,65,65,65,47,47,25,25,11,20,19,26,26,38,63,101,101,101,101,101,101,101,101,103,103,115,117,117,119,119,119,119,119,116,116,126,128,128,135,124,137,137,137,139,139,139,131,141,141,141,141,141,141,141],"gold":58,"neow_bonus":"BOSS_RELIC","is_daily":false,"chose_seed":false,"campfire_upgraded":5,"win_rate":0.0,"timestamp":1611819985,"path_taken":["M","M","?","M","M","E","R","E","T","E","R","?","?","M","R","BOSS","M","M","M","$","?","E","?","E","T","E","M","R","M","?","R","BOSS","M","?","$","?","M","M","E","$","T","M","M","E","R","E","R","BOSS","R","$","E","BOSS"],"items_purchased_type":["Relic","Relic","Potion","Potion","Relic","Card","Card","Card","Card","Card"],"build_version":"2020-12-18","purchased_purges":2,"victory":true,"max_hp_per_floor":[70,70,70,70,70,70,70,70,70,70,70,94,101,101,101,101,101,101,101,101,101,101,101,101,103,103,115,117,117,119,119,119,119,119,121,121,126,128,128,135,137,137,137,137,139,139,139,141,141,141,141,141,141,141,141],"card_choices":[{"not_picked":["Expertise","Prepared"],"picked":"Leg Sweep","floor":1.0},{"not_picked":["Cloak And Dagger","Prepared"],"picked":"Masterful Stab","floor":2.0},{"not_picked":["Blade Dance","Prepared"],"picked":"Terror","floor":4.0},{"not_picked":["Sucker Punch","Underhanded Strike"],"picked":"Dodge and Roll","floor":5.0},{"not_picked":["Distraction","Sucker Punch"],"picked":"Infinite Blades","floor":6.0},{"not_picked":["Quick Slash","Bane"],"picked":"Acrobatics","floor":8.0},{"not_picked":["Flechettes","Sucker Punch"],"picked":"Dash","floor":10.0},{"not_picked":["Slice","Deflect"],"picked":"Poisoned Stab","floor":14.0},{"not_picked":["Burst","Unload"],"picked":"Corpse Explosion","floor":16.0},{"not_picked":["Quick Slash","Setup"],"picked":"PiercingWail","floor":18.0},{"not_picked":["Underhanded Strike+1","Dagger Throw","Quick Slash"],"picked":"SKIP","floor":19.0},{"not_picked":["Flying Knee","Acrobatics","Leg Sweep"],"picked":"SKIP","floor":20.0},{"not_picked":["Flying Knee","Acrobatics","Leg Sweep"],"picked":"SKIP","floor":20.0},{"not_picked":["Heel Hook+1","Endless Agony"],"picked":"Footwork","floor":21.0},{"not_picked":["Distraction","Night Terror"],"picked":"Backflip","floor":21.0},{"not_picked":["Calculated Gamble+1","Reflex"],"picked":"Dodge and Roll+1","floor":21.0},{"not_picked":["Underhanded Strike+1","Setup","Dagger Throw"],"picked":"SKIP","floor":23.0},{"not_picked":["Heel Hook+1","Leg Sweep+1","Deadly Poison+1"],"picked":"Singing Bowl","floor":25},{"not_picked":["Acrobatics","Escape Plan+1","Endless Agony"],"picked":"Singing Bowl","floor":27},{"not_picked":["Eviscerate","Backstab","Deflect+1"],"picked":"Singing Bowl","floor":28},{"not_picked":["Sucker Punch","Grand Finale","Heel Hook"],"picked":"Singing Bowl","floor":30},{"not_picked":["Doppelganger","Unload"],"picked":"Wraith Form v2","floor":33},{"not_picked":["Quick Slash+1","Infinite Blades","Sucker Punch"],"picked":"Singing Bowl","floor":35},{"not_picked":["Blade Dance+1","Poisoned Stab","Prepared"],"picked":"Singing Bowl","floor":38},{"not_picked":["Outmaneuver+1","Dagger Throw"],"picked":"After Image","floor":39},{"not_picked":["Deadly Poison+1","Slice","Flying Knee"],"picked":"Singing Bowl","floor":40},{"not_picked":["Cloak And Dagger","Slice","Dagger Throw"],"picked":"Singing Bowl","floor":41},{"not_picked":["Prepared","Blade Dance+1","Flying Knee"],"picked":"Noxious Fumes+1","floor":44},{"not_picked":["Skewer+1","Calculated Gamble+1","Blade Dance","Well Laid Plans"],"picked":"Singing Bowl","floor":45},{"not_picked":["Dodge and Roll+1","Escape Plan","Cloak And Dagger+1"],"picked":"Footwork","floor":46},{"not_picked":["Quick Slash","Accuracy+1","Calculated Gamble+1","Dagger Throw"],"picked":"Singing Bowl","floor":48},{"not_picked":["Venomology","Cloak And Dagger","Calculated Gamble"],"picked":"PiercingWail+1","floor":54}],"player_experience":2281209,"relics_obtained":[{"floor":6.0,"key":"Pantograph"},{"floor":6.0,"key":"Letter Opener"},{"floor":8.0,"key":"Centennial Puzzle"},{"floor":8.0,"key":"Ice Cream"},{"floor":9.0,"key":"Potion Belt"},{"floor":10.0,"key":"Eternal Feather"},{"floor":10.0,"key":"Toy Ornithopter"},{"floor":23.0,"key":"Regal Pillow"},{"floor":23.0,"key":"Juzu Bracelet"},{"floor":25,"key":"MealTicket"},{"floor":25,"key":"Singing Bowl"},{"floor":27,"key":"Nunchaku"},{"floor":27,"key":"Pear"},{"floor":38,"key":"Shovel"},{"floor":41,"key":"Anchor"},{"floor":41,"key":"Happy Flower"},{"floor":43,"key":"Question Card"},{"floor":46,"key":"Dream Catcher"},{"floor":46,"key":"Bag of Preparation"},{"floor":47,"key":"Bronze Scales"},{"floor":48,"key":"Smiling Mask"},{"floor":48,"key":"Whetstone"},{"floor":52,"key":"Blue Candle"},{"floor":54,"key":"Thread and Needle"},{"floor":54,"key":"Gremlin Horn"}],"event_choices":[{"damage_healed":0.0,"max_hp_gain":0.0,"max_hp_loss":0.0,"gold_gain":0.0,"event_name":"Liars Game","player_choice":"Ignored","floor":3.0,"gold_loss":0.0,"damage_taken":0.0},{"damage_healed":0.0,"max_hp_gain":0.0,"max_hp_loss":0.0,"gold_gain":0.0,"event_name":"Scrap Ooze","player_choice":"Success","floor":12.0,"gold_loss":0.0,"damage_taken":25.0,"relics_obtained":["Pen Nib"]},{"damage_healed":0.0,"max_hp_gain":0.0,"max_hp_loss":0.0,"gold_gain":0.0,"event_name":"WeMeetAgain","player_choice":"Gave Potion","floor":13.0,"gold_loss":0.0,"damage_taken":0.0,"relics_obtained":["Strawberry"]},{"damage_healed":0.0,"max_hp_gain":0.0,"max_hp_loss":0.0,"gold_gain":0.0,"event_name":"Accursed Blacksmith","player_choice":"Rummage","floor":15.0,"gold_loss":0.0,"damage_taken":0.0,"relics_obtained":["WarpedTongs"],"cards_obtained":["Pain"]},{"damage_healed":0.0,"max_hp_gain":0.0,"max_hp_loss":0.0,"gold_gain":0.0,"event_name":"The Library","player_choice":"Read","floor":22.0,"gold_loss":0.0,"damage_taken":0.0,"cards_obtained":["Outmaneuver"]},{"cards_removed":["Strike_G"],"damage_healed":0.0,"max_hp_gain":0.0,"max_hp_loss":0.0,"gold_gain":0.0,"event_name":"Designer","player_choice":"Upgrade and Remove","floor":24.0,"gold_loss":90.0,"damage_taken":0.0,"cards_upgraded":["Acrobatics"]},{"damage_healed":0,"gold_gain":99,"player_choice":"Stole From Cult","damage_taken":0,"max_hp_gain":0,"max_hp_loss":0,"event_name":"Nest","floor":31,"gold_loss":0},{"damage_healed":0,"gold_gain":0,"player_choice":"Ignored","damage_taken":0,"max_hp_gain":0,"max_hp_loss":0,"event_name":"Tomb of Lord Red Mask","floor":36,"gold_loss":0},{"damage_healed":0,"gold_gain":0,"player_choice":"Fight","damage_taken":0,"max_hp_gain":0,"max_hp_loss":0,"event_name":"MindBloom","floor":38,"gold_loss":0}],"is_beta":true,"boss_relics":[{"not_picked":["Empty Cage","Busted Crown","Tiny House"]},{"not_picked":["WristBlade","Runic Dome"],"picked":"Fusion Hammer"}],"items_purged_floors":[21,37],"is_endless":false,"potions_floor_spawned":[1,6,10,14,18,20,25,30,40,41],"ascension_level":1}}