{"host":"w01zow3jg16g8jdh","time":1611854157,"event":{"mods":["AchievementEnabler","BaseMod","DeckTracker","Keyboard Shortcuts","Minty Spire (QoL Compilation)","Permanent Neow","StSLib","SuperFastMode"],"gold_per_floor":[113,113,128,142,152,184,194,229,254,179,179,179,215,230,230,230,230],"floor_reached":16,"language":"KOR","playtime":363,"items_purged":[],"score":244,"play_id":"f282eeb7-392c-4fed-bb92-0c5760ad15b2","local_time":"20210129021557","is_ascension_mode":true,"campfire_choices":[{"floor":11.0,"key":"REST"},{"data":"Dash","floor":15.0,"key":"SMITH"}],"circlet_count":0,"master_deck":["AscendersBane","Strike_G","Strike_G","Strike_G","Defend_G","Defend_G","Defend_G","Survivor","Neutralize","Dash+1","Poisoned Stab","Underhanded Strike","Backflip","Backstab","Dagger Throw"],"relics":["Ring of the Snake","Orichalcum","Omamori","MealTicket","Golden Idol","Ancient Tea Set"],"acts_visited":["Exordium"],"potions_floor_usage":[16],"damage_taken":[{"damage":2.0,"enemies":"Jaw Worm","floor":1.0,"turns":7.0},{"damage":7.0,"enemies":"Small Slimes","floor":3.0,"turns":3.0},{"damage":0.0,"enemies":"2 Louse","floor":4.0,"turns":3.0},{"damage":3.0,"enemies":"Exordium Wildlife","floor":5.0,"turns":5.0},{"damage":9.0,"enemies":"Lagavulin","floor":6.0,"turns":6.0},{"damage":6.0,"enemies":"Lots of Slimes","floor":7.0,"turns":5.0},{"damage":14.0,"enemies":"Gremlin Nob","floor":8.0,"turns":4.0},{"damage":9.0,"enemies":"3 Sentries","floor":13.0,"turns":9.0},{"damage":1.0,"enemies":"Looter","floor":14.0,"turns":3.0},{"damage":28,"enemies":"Slime Boss","floor":16,"turns":3}],"seed_played":"-7166531410654330691","potions_obtained":[{"floor":4.0,"key":"FearPotion"},{"floor":5.0,"key":"BlessingOfTheForge"},{"floor":7.0,"key":"Fire Potion"},{"floor":14.0,"key":"CultistPotion"}],"is_trial":false,"path_per_floor":["M","?","M","M","M","E","M","E","T","?","R","?","E","M","R","B"],"character_chosen":"THE_SILENT","items_purchased":[],"campfire_rested":1,"item_purchase_floors":[],"current_hp_per_floor":[57,57,50,50,47,38,32,18,18,18,36,36,27,26,26,0,0],"gold":230,"neow_bonus":"REMOVE_TWO","is_daily":false,"chose_seed":false,"campfire_upgraded":1,"win_rate":0.0,"timestamp":1611854157,"path_taken":["M","?","M","M","M","E","M","E","T","?","R","?","E","M","R","BOSS"],"items_purchased_type":[],"build_version":"2020-12-22","purchased_purges":0,"victory":false,"max_hp_per_floor":[60,60,60,60,60,60,60,60,60,60,60,54,54,54,54,54,54],"card_choices":[{"not_picked":["Deflect","PiercingWail"],"picked":"Dash","floor":1.0},{"not_picked":["Deadly Poison","Concentrate","Heel Hook"],"picked":"SKIP","floor":3.0},{"not_picked":["Reflex","Caltrops"],"picked":"Poisoned Stab","floor":4.0},{"not_picked":["Quick Slash","Concentrate"],"picked":"Underhanded Strike","floor":5.0},{"not_picked":["All Out Attack","Reflex"],"picked":"Backflip","floor":6.0},{"not_picked":["Sucker Punch","PiercingWail"],"picked":"Backstab","floor":7.0},{"not_picked":["Malaise","Blade Dance","Slice"],"picked":"SKIP","floor":8.0},{"not_picked":["Flying Knee","Reflex","Deadly Poison"],"picked":"SKIP","floor":13.0},{"not_picked":["Catalyst","Well Laid Plans"],"picked":"Dagger Throw","floor":14.0}],"player_experience":332717,"relics_obtained":[{"floor":6.0,"key":"Orichalcum"},{"floor":8.0,"key":"Omamori"},{"floor":9.0,"key":"MealTicket"},{"floor":13.0,"key":"Ancient Tea Set"}],"event_choices":[{"cards_removed":["Defend_G"],"damage_healed":0.0,"max_hp_gain":0.0,"max_hp_loss":0.0,"gold_gain":0.0,"event_name":"Living Wall","player_choice":"Forget","floor":2.0,"gold_loss":0.0,"damage_taken":0.0},{"cards_removed":["Strike_G"],"damage_healed":0.0,"max_hp_gain":0.0,"max_hp_loss":0.0,"gold_gain":0.0,"event_name":"The Cleric","player_choice":"Card Removal","floor":10.0,"gold_loss":75.0,"damage_taken":0.0},{"damage_healed":0.0,"max_hp_gain":0.0,"max_hp_loss":6.0,"gold_gain":0.0,"event_name":"Golden Idol","player_choice":"Lose Max HP","floor":12.0,"gold_loss":0.0,"damage_taken":0.0,"relics_obtained":["Golden Idol"]}],"is_beta":false,"boss_relics":[],"items_purged_floors":[],"is_endless":false,"potions_floor_spawned":[4,5,7,14],"killed_by":"Slime Boss","ascension_level":20}}