{"host":"u4tznopnj1dsdkte","time":1611860540,"event":{"mods":["AchievementEnabler","BaseMod","Colored Map","Colored Powertips","DeckTracker","Highlight Path","Minty Spire (QoL Compilation)","Relic Stats"],"gold_per_floor":[20,39,39,39,52,52,64,75,124,49,49,65,97,108,108,108,108],"floor_reached":16,"language":"ENG","playtime":667,"items_purged":["Strike_R"],"score":208,"play_id":"9ffe7610-9db2-4189-8761-8fbb2c2c974b","local_time":"20210128200220","is_ascension_mode":true,"campfire_choices":[{"data":"Flex","floor":6,"key":"SMITH"},{"data":"Flame Barrier","floor":11,"key":"SMITH"},{"data":"Shockwave","floor":15,"key":"SMITH"}],"circlet_count":0,"master_deck":["AscendersBane","Strike_R","Strike_R","Strike_R","Strike_R","Defend_R","Defend_R","Defend_R","Defend_R","Bash","Reaper","Cleave","Flex+1","Flame Barrier+1","Shockwave+1","Heavy Blade","Pummel"],"relics":["Burning Blood","Frozen Egg 2"],"acts_visited":["Exordium"],"potions_floor_usage":[8,13,16,16],"damage_taken":[{"damage":7,"enemies":"Cultist","floor":1,"turns":4},{"damage":3,"enemies":"2 Louse","floor":2,"turns":4},{"damage":11,"enemies":"Jaw Worm","floor":5,"turns":6},{"damage":6,"enemies":"Looter","floor":7,"turns":4},{"damage":26,"enemies":"Large Slime","floor":8,"turns":8},{"damage":5,"enemies":"Blue Slaver","floor":12,"turns":5},{"damage":10,"enemies":"Gremlin Nob","floor":13,"turns":3},{"damage":24,"enemies":"Lots of Slimes","floor":14,"turns":4},{"damage":78,"enemies":"Hexaghost","floor":16,"turns":9}],"seed_played":"-3699681610239718012","potions_obtained":[{"floor":1,"key":"PowerPotion"},{"floor":5,"key":"BloodPotion"},{"floor":12,"key":"Block Potion"},{"floor":14,"key":"DistilledChaos"}],"is_trial":false,"path_per_floor":["M","M","$","$","M","R","M","M","T","$","R","M","E","M","R","B"],"character_chosen":"IRONCLAD","items_purchased":[],"campfire_rested":0,"item_purchase_floors":[],"current_hp_per_floor":[71,75,75,75,74,74,74,73,73,73,73,75,71,65,65,0,0],"gold":108,"neow_bonus":"THREE_RARE_CARDS","is_daily":false,"chose_seed":false,"campfire_upgraded":3,"win_rate":0.0,"timestamp":1611860540,"path_taken":["M","M","?","$","M","R","?","M","T","$","R","M","E","M","R","BOSS"],"items_purchased_type":[],"build_version":"2020-12-22","purchased_purges":1,"victory":false,"max_hp_per_floor":[75,75,75,75,75,75,75,75,75,75,75,75,75,75,75,75,75],"relic_stats":{"counters":[9,47],"obtain_stats":[{"Frozen Egg 2":13,"Burning Blood":0},{"Frozen Egg 2":7,"Burning Blood":0},{"Frozen Egg 2":34,"Burning Blood":0}],"Burning Blood":40},"card_choices":[{"not_picked":["Barricade","Demon Form"],"picked":"Reaper","floor":0},{"not_picked":["Feel No Pain","Second Wind"],"picked":"Cleave","floor":1},{"not_picked":["Shockwave","Clash"],"picked":"Flex","floor":2},{"not_picked":["Fire Breathing","Evolve"],"picked":"Flame Barrier","floor":5},{"not_picked":["Sentinel","Clothesline","Infernal Blade"],"picked":"SKIP","floor":7},{"not_picked":["Pommel Strike","Intimidate"],"picked":"Shockwave","floor":8},{"not_picked":["Twin Strike","Reckless Charge"],"picked":"Heavy Blade","floor":12},{"not_picked":["Sword Boomerang","Sever Soul","Shockwave"],"picked":"SKIP","floor":13},{"not_picked":["Wild Strike","Warcry"],"picked":"Pummel","floor":14}],"player_experience":1248827,"relics_obtained":[{"floor":13,"key":"Frozen Egg 2"}],"event_choices":[],"is_beta":false,"boss_relics":[],"items_purged_floors":[10],"is_endless":false,"potions_floor_spawned":[1,5,12,14],"killed_by":"Hexaghost","ascension_level":20}}