{"host":"i9h64q9gphvrup4n","time":1611870923,"event":{"mods":["2.2 Compatiblity","AchievementEnabler","Aspiration","Astrologer","Bard","BaseMod","Beaked The Cultist","BetterRewards","Colored Powertips","Conspire","Downfall","Gremlin Mod","Hermit","Hubris","Infinite Spire","Jorbs\u0027s Wanderer Trilogy","Minty Spire (QoL Compilation)","Replay The Spire","Shop Mod","StSLib","SuperFastMode","The Blackbeard","The Bladedancer","The Bug Knight","The Construct","The Cursed","The Disciple","The Hierophant","The Jungle","The Necromancer","The Runesmith","The Wild Card","slay the spire mod where everything is the same but ironclad has a cowboy hat"],"gold_per_floor":[118,134,147,147,167,197,197,61,61,90,34,44,44,0,0,78,78,94,112,112,112,112,112,112],"floor_reached":23,"language":"ENG","playtime":783,"items_purged":["Injury"],"score":414,"play_id":"ba6741d6-e7c4-4127-bb8b-953de7dc6407","local_time":"20210128155523","is_ascension_mode":true,"campfire_choices":[{"floor":7,"key":"REST"},{"floor":15,"key":"REST"}],"circlet_count":0,"master_deck":["AscendersBane","Strike_W","Strike_W+1","Strike_W","Strike_W","Defend_W","Defend_W","Defend_W","Defend_W","Negative_Energy_Arrows","Bone_Wall+1","Slay_Living","Vampiric_Strike","Toxic_Smoke_Screen","Vampiric_Strike","Summon_Undead","Summon_Lich","Negative_Energy_Burst","Summon_Lich+1","Acid_Javelin","Detonate_Bones","Bone_Bullets","Requiem","infinitespire:Starlight","Replay:Fractal Strike"],"relics":["Vampire_Amulet","NeowsBlessing","infinitespire:PuzzleCube","Replay:Baseball","Frozen Egg 2","Sozu","conspire:Flyswatter"],"acts_visited":["Exordium","TheCity"],"potions_floor_usage":[3,6,16],"damage_taken":[{"damage":0,"enemies":"Cultist","floor":1,"turns":1},{"damage":0,"enemies":"Small Slimes","floor":2,"turns":1},{"damage":0,"enemies":"Jaw Worm","floor":3,"turns":1},{"damage":8,"enemies":"3 Louse","floor":5,"turns":7},{"damage":73,"enemies":"Lagavulin","floor":6,"turns":10},{"damage":35,"enemies":"Gremlin Nob","floor":10,"turns":5},{"damage":0,"enemies":"2 Fungi Beasts","floor":12,"turns":2},{"damage":39,"enemies":"Fading Forest","floor":16,"turns":11},{"damage":32,"enemies":"2 Thieves","floor":18,"turns":4},{"damage":21,"enemies":"Shell Parasite","floor":19,"turns":7},{"damage":31,"enemies":"conspire:Head Lice","floor":23,"turns":2}],"seed_played":"3727576660579853803","potions_obtained":[{"floor":1,"key":"Fruit Juice"},{"floor":2,"key":"PowerPotion"},{"floor":12,"key":"GamblersBrew"}],"is_trial":false,"path_per_floor":["M","M","M","?","M","E","R","$","T","E","$","M","?","?","R","B",null,"M","M","?","?","AVR","E"],"character_chosen":"NECROMANCER","items_purchased":["Summon_Lich","Energy Potion","Summon_Lich+1"],"campfire_rested":2,"item_purchase_floors":[8,8,11],"current_hp_per_floor":[66,70,76,53,53,18,40,40,40,21,21,25,25,25,47,47,69,41,24,20,20,20,0,0],"gold":112,"neow_bonus":"THREE_ENEMY_KILL","is_daily":false,"chose_seed":false,"campfire_upgraded":0,"win_rate":0.0,"timestamp":1611870923,"path_taken":["M","?","M","?","M","E","R","?","T","E","$","M","?","?","R","BOSS","M","M","?","?","AVR","E"],"items_purchased_type":["Card","Potion","Card"],"build_version":"2020-12-22","purchased_purges":1,"victory":false,"max_hp_per_floor":[71,71,76,76,76,76,76,76,76,76,76,76,76,76,76,76,76,76,76,76,76,76,76,76],"card_choices":[{"not_picked":["Life_Tap","Violent_Necrosis"],"picked":"Slay_Living","floor":1},{"not_picked":["Scare","Bone_Spikes"],"picked":"Vampiric_Strike","floor":2},{"not_picked":["Negative_Energy_Mist","Bone_Prison"],"picked":"Toxic_Smoke_Screen","floor":3},{"not_picked":["Consume_Illness","Chill_Blood"],"picked":"Vampiric_Strike","floor":5},{"not_picked":["Blood_Wake","Finger_Of_Death"],"picked":"Summon_Undead","floor":6},{"not_picked":["Negative_Energy_Javelin","Slay_Living"],"picked":"Negative_Energy_Burst","floor":10},{"not_picked":["Scare","Blood_for_Blood"],"picked":"Acid_Javelin","floor":12},{"not_picked":["Blood_Magic+1","Blood_Wake"],"picked":"Detonate_Bones","floor":16},{"not_picked":["Bone_Spikes","Negative_Energy_Shield"],"picked":"Bone_Bullets","floor":18},{"not_picked":["Consume_Illness","Life_Tap"],"picked":"Requiem","floor":19}],"player_experience":735471,"relics_obtained":[{"floor":6,"key":"infinitespire:PuzzleCube"},{"floor":10,"key":"Replay:Baseball"}],"event_choices":[{"damage_healed":0,"gold_gain":0,"player_choice":"Entered Light","damage_taken":23,"max_hp_gain":0,"max_hp_loss":0,"event_name":"Shining Light","floor":4,"gold_loss":0,"cards_upgraded":["Strike_W","Bone_Wall"]},{"damage_healed":0,"gold_gain":0,"player_choice":"Left Gold","damage_taken":0,"max_hp_gain":0,"max_hp_loss":0,"event_name":"World of Goop","floor":14,"gold_loss":44},{"damage_healed":0,"gold_gain":0,"player_choice":"Leave","damage_taken":0,"max_hp_gain":0,"max_hp_loss":0,"event_name":"conspire:Investor","floor":20,"gold_loss":0}],"is_beta":false,"boss_relics":[{"not_picked":["infinitespire:Cupcake","Honey Jar"],"picked":"Sozu"}],"items_purged_floors":[22],"is_endless":false,"potions_floor_spawned":[1,2,12],"killed_by":"conspire:Head Lice","ascension_level":17}}