{"host":"8srk5r1dwtmjotwd","time":1611851542,"event":{"mods":["AchievementEnabler","Act Like it!","BaseMod","Beaked The Cultist","Bestiary","Better Note","Better Third Choice","Colored Map","Colored Powertips","Friendly Minions","GifTheSpireLib","Halation","Hallownest","Hermit","Hubris","Minty Spire (QoL Compilation)","Quick Restart","Rare Cards Sparkle","Replay The Spire","Shop Mod","StSLib","SuperFastMode","Synergy Search","The Bug Knight","The Construct","The Cursed","The Jungle","Thieving Mod","Yohane!","everything is the same but u backflip on backflip","slay the spire mod where everything is the same but ironclad has a cowboy hat"],"gold_per_floor":[111,131,131,143,143,143,172,172,172,172,185,185,185,197,197,197,197],"floor_reached":16,"language":"ENG","playtime":537,"items_purged":[],"score":105,"play_id":"0c64d3c5-3e21-4cd5-91af-07d3e2f308d2","local_time":"20210128113222","is_ascension_mode":true,"campfire_choices":[{"data":"hubris:CleavingFinish","floor":6,"key":"SMITH"},{"data":"Sentinel","floor":8,"key":"SMITH"},{"data":"Twin Strike","floor":10,"key":"SMITH"},{"floor":12,"key":"REST"},{"data":"hubris:ReadiedAction","floor":15,"key":"SMITH"}],"circlet_count":0,"master_deck":["Strike_R","Strike_R","Strike_R","Strike_R","Strike_R","Defend_R","Defend_R","Defend_R","Defend_R","Bash","Swift Strike","hubris:CleavingFinish+1","Swift Strike","Twin Strike+1","Thunderclap","Sentinel+1","Parasite","hubris:ReadiedAction+1"],"relics":["Burning Blood","halation:PinkSoulGem","Du-Vu Doll","Garlic"],"acts_visited":["Exordium"],"potions_floor_usage":[7,16,16],"damage_taken":[{"damage":1,"enemies":"Cultist","floor":1,"turns":3},{"damage":15,"enemies":"Small Slimes","floor":2,"turns":3},{"damage":5,"enemies":"2 Louse","floor":4,"turns":2},{"damage":27,"enemies":"Gremlin Nob","floor":7,"turns":4},{"damage":13,"enemies":"2 Fungi Beasts","floor":11,"turns":3},{"damage":0,"enemies":"Large Slime","floor":14,"turns":3},{"damage":82,"enemies":"Fading Forest","floor":16,"turns":8}],"seed_played":"-5003534443692571099","potions_obtained":[{"floor":2,"key":"PowerPotion"},{"floor":11,"key":"Adrenaline Potion"},{"floor":14,"key":"Fire Potion"}],"is_trial":false,"path_per_floor":["M","M","?","M","?","R","E","R","T","R","M","R","?","M","R","B"],"character_chosen":"IRONCLAD","items_purchased":[],"campfire_rested":1,"item_purchase_floors":[],"current_hp_per_floor":[80,71,71,72,72,72,51,51,51,51,44,68,80,80,80,0,0],"gold":197,"neow_bonus":"RANDOM_COLORLESS","is_daily":false,"chose_seed":false,"campfire_upgraded":4,"win_rate":0.0,"timestamp":1611851542,"path_taken":["M","M","?","?","?","R","E","R","T","R","M","R","?","M","R","BOSS"],"items_purchased_type":[],"build_version":"2020-12-22","purchased_purges":0,"victory":false,"max_hp_per_floor":[80,80,80,80,80,80,80,80,80,80,80,80,80,80,80,80,80],"card_choices":[{"not_picked":["Panacea","PanicButton"],"picked":"Swift Strike","floor":0},{"not_picked":["Pommel Strike","Headbutt"],"picked":"hubris:CleavingFinish","floor":1},{"not_picked":["True Grit","Run Through","Headbutt"],"picked":"SKIP","floor":2},{"not_picked":["Warcry","Replay:Undeath\u0027s Touch"],"picked":"Thunderclap","floor":4},{"not_picked":["Life Link","ReplayTheSpireMod:Limb From Limb"],"picked":"Sentinel","floor":7},{"not_picked":["Headbutt","Warcry","Blood for Blood"],"picked":"SKIP","floor":11},{"not_picked":["ReplayTheSpireMod:Limb From Limb","Headbutt"],"picked":"hubris:ReadiedAction","floor":14}],"player_experience":67960,"relics_obtained":[{"floor":7,"key":"Du-Vu Doll"},{"floor":9,"key":"Garlic"}],"event_choices":[{"damage_healed":0,"gold_gain":0,"player_choice":"2 cards matched","damage_taken":0,"max_hp_gain":0,"max_hp_loss":0,"event_name":"Match and Keep!","floor":3,"gold_loss":0,"cards_obtained":["Swift Strike","Twin Strike"]},{"damage_healed":20,"gold_gain":0,"player_choice":"Healed and dodged fight","damage_taken":0,"max_hp_gain":0,"max_hp_loss":0,"event_name":"Mushrooms","floor":13,"gold_loss":0,"cards_obtained":["Parasite"]}],"is_beta":false,"boss_relics":[],"items_purged_floors":[],"is_endless":false,"potions_floor_spawned":[2,11,14],"killed_by":"Fading Forest","ascension_level":1}}