{"host":"m3rs92yjkwi06hli","time":1611847873,"event":{"mods":["Act Like it!","Aspiration","BaseMod","Colored Map","Conspire","Defuse TimeMaze Blight","Energized Spire","Gensokyo","Hubris","Infinite Spire","Minty Spire (QoL Compilation)","Relic Stats","Replay The Spire","Spicy Shops","StSLib","The Blackbeard"],"gold_per_floor":[109,125,8,43,43,43,43,43,67,79,95,95,111,111,111,208,208,226,240,240,250,300,300,300,335,361,361,392,411,282,145,145,249,249,259,276,276,276,287,287,312,312,361,361,381,381,60,75,75,75],"floor_reached":51,"language":"ENG","playtime":2096,"items_purged":["blackbeard:BlackbeardStrike"],"score":863,"play_id":"ffdf5220-c2d8-4cba-8dbe-b03b95b911d4","local_time":"20210128093113","is_ascension_mode":true,"campfire_choices":[{"data":"blackbeard:Cutlass","floor":6,"key":"SMITH"},{"floor":15,"key":"REST"},{"data":"Gensokyo:CrescentMoonSlash","floor":23,"key":"SMITH"},{"floor":27,"key":"REST"},{"data":"blackbeard:Rum","floor":32,"key":"SMITH"},{"data":"blackbeard:InfiniteBarrage","floor":40,"key":"SMITH"},{"data":"blackbeard:BoostMorale","floor":42,"key":"SMITH"},{"data":"Gensokyo:HouraiInAPot","floor":49,"key":"SMITH"}],"circlet_count":0,"master_deck":["blackbeard:BlackbeardDefend","blackbeard:BlackbeardDefend","blackbeard:BlackbeardDefend","blackbeard:BlackbeardDefend","blackbeard:Cutlass+1","blackbeard:Sword","blackbeard:Fencing","blackbeard:InfiniteBarrage+1","blackbeard:BrownPants","Gensokyo:CrescentMoonSlash+1","blackbeard:FieryDefense","blackbeard:FinalBarrage+1","blackbeard:FieryDefense","blackbeard:TerrorOfTheSeas+1","infinitespire:Oblivion","blackbeard:Rum+1","blackbeard:WeaponMastery","blackbeard:RearmingStrike","blackbeard:BoostMorale+1","blackbeard:PiratesWill","blackbeard:Shrapnel","blackbeard:CatONineTails+1","blackbeard:CloakAndCannonball+1","Gensokyo:HouraiInAPot+1","blackbeard:Rum+1"],"relics":["blackbeard:LoadTheGoldenCannons","ReplayTheSpireMod:TigerMarble","Happy Flower","Gensokyo:Mercy","Replay:Mystery Machine","Blue Doll","infinitespire:Joker Card","Ancient Tea Set","hubris:HerbalPaste","Tiny House","Replay:Accelerometer","hubris:TenFootPole","hubris:PeanutButter","hubris:Metronome","energizedSpire:OgreHead","ReplayFunnel","Gensokyo:TheCrow","hubris:Zylophone","aspiration:PoetsPen","Gambling Chip","Toy Ornithopter","infinitespire:Satchel","aspiration:KaomsHeart"],"acts_visited":["Exordium","Gensokyo:Gensokyo","Gensokyo:Gensokyoer"],"potions_floor_usage":[16,25],"damage_taken":[{"damage":3,"enemies":"Gensokyo:Gryphon","floor":1,"turns":4},{"damage":0,"enemies":"Gensokyo:2_Kodama","floor":2,"turns":1},{"damage":7,"enemies":"Gensokyo:3_Fairies","floor":4,"turns":4},{"damage":4,"enemies":"Gensokyo:CorruptedTreant","floor":10,"turns":5},{"damage":12,"enemies":"Gensokyo:Python_and_Kodama","floor":11,"turns":6},{"damage":0,"enemies":"Gensokyo:Gryphon_and_Rabbit","floor":13,"turns":5},{"damage":12,"enemies":"Gensokyo:Reimu","floor":16,"turns":7},{"damage":0,"enemies":"Gensokyo:Chomper","floor":18,"turns":3},{"damage":3,"enemies":"Gensokyo:3_Dogs","floor":19,"turns":5},{"damage":0,"enemies":"Gensokyo:3_Gloops","floor":21,"turns":3},{"damage":31,"enemies":"Gensokyo:Tenshi","floor":25,"turns":5},{"damage":9,"enemies":"Gensokyo:Reisen","floor":28,"turns":6},{"damage":0,"enemies":"Gensokyo:Slime_Group","floor":29,"turns":5},{"damage":55,"enemies":"Gensokyo:Eiki","floor":33,"turns":9},{"damage":5,"enemies":"Gensokyo:AncientGuardian","floor":35,"turns":5},{"damage":3,"enemies":"Gensokyo:3_Boulders","floor":36,"turns":5},{"damage":19,"enemies":"Gensokyo:Sharpion","floor":39,"turns":4},{"damage":30,"enemies":"Gensokyo:Marisa","floor":41,"turns":4},{"damage":0,"enemies":"Gensokyo:SeedOfUnknown","floor":45,"turns":2},{"damage":0,"enemies":"Gensokyo:Rafflesia","floor":48,"turns":2},{"damage":0,"enemies":"Gensokyo:Shinki","floor":50,"turns":5}],"seed_played":"-2881147924630334033","potions_obtained":[{"floor":1,"key":"Energy Potion"},{"floor":10,"key":"BlessingOfTheForge"},{"floor":11,"key":"SteroidPotion"},{"floor":22,"key":"GamblersBrew"},{"floor":25,"key":"SpeedPotion"},{"floor":33,"key":"DuplicationPotion"}],"is_trial":false,"path_per_floor":["M","M","COS","M","?","R","?","?","T","M","M","?","M","$","R","B",null,"M","M","?","M","AVR","R","?","E","T","R","E","M","$","COS","R","B",null,"M","M","?","AVR","M","R","E","R","T","?","M","?","$","M","R","B",null],"character_chosen":"BLACKBEARD_CLASS","items_purchased":["hubris:Metronome","aspiration:KaomsHeart","DollysMirror"],"campfire_rested":2,"item_purchase_floors":[30,47,47],"current_hp_per_floor":[73,73,73,66,66,66,36,36,36,32,20,9,9,9,31,19,76,76,73,70,70,75,75,58,34,34,56,53,59,59,59,59,10,76,72,74,74,74,59,59,39,39,39,39,42,42,142,145,145,151],"gold":75,"neow_bonus":"RANDOM_COMMON_RELIC","is_daily":false,"chose_seed":false,"campfire_upgraded":6,"win_rate":0.0,"timestamp":1611847873,"path_taken":["M","M","COS","M","?","R","?","?","T","M","?","?","M","?","R","BOSS","M","M","?","M","AVR","R","?","E","T","R","E","M","?","COS","R","BOSS","M","M","?","AVR","M","R","E","R","T","?","M","?","?","M","R","BOSS"],"items_purchased_type":["Relic","Relic","Relic"],"build_version":"2020-12-22","purchased_purges":1,"victory":true,"max_hp_per_floor":[76,76,76,76,76,76,76,76,76,76,76,76,76,76,76,76,76,76,76,70,70,75,75,75,76,76,76,76,76,76,76,76,76,76,76,76,76,76,76,76,76,76,76,76,76,76,176,176,176,176],"relic_stats":{"Happy Flower":[28],"counters":[21,95],"Gambling Chip":[22],"obtain_stats":[{"ReplayFunnel":36,"Replay:Accelerometer":25,"hubris:Metronome":30,"Tiny House":22,"Happy Flower":5,"blackbeard:LoadTheCannons":0,"Gensokyo:TheCrow":37,"Blue Doll":10,"infinitespire:Joker Card":13,"energizedSpire:OgreHead":34,"Replay:Mystery Machine":9,"blackbeard:LoadTheGoldenCannons":17,"Ancient Tea Set":20,"hubris:Zylophone":38,"hubris:HerbalPaste":22,"aspiration:PoetsPen":38,"Gensokyo:Mercy":8,"Gambling Chip":39,"infinitespire:Satchel":43,"hubris:PeanutButter":28,"aspiration:KaomsHeart":47,"ReplayTheSpireMod:TigerMarble":0,"hubris:TenFootPole":26,"Toy Ornithopter":41},{"ReplayFunnel":16,"Replay:Accelerometer":11,"hubris:Metronome":13,"Tiny House":10,"Happy Flower":3,"blackbeard:LoadTheCannons":0,"Gensokyo:TheCrow":16,"Blue Doll":4,"infinitespire:Joker Card":6,"energizedSpire:OgreHead":14,"Replay:Mystery Machine":3,"blackbeard:LoadTheGoldenCannons":7,"Ancient Tea Set":9,"hubris:Zylophone":16,"hubris:HerbalPaste":10,"aspiration:PoetsPen":16,"Gensokyo:Mercy":3,"Gambling Chip":17,"infinitespire:Satchel":18,"hubris:PeanutButter":12,"aspiration:KaomsHeart":19,"ReplayTheSpireMod:TigerMarble":0,"hubris:TenFootPole":11,"Toy Ornithopter":18},{"ReplayFunnel":76,"Replay:Accelerometer":48,"hubris:Metronome":59,"Tiny House":43,"Happy Flower":9,"blackbeard:LoadTheCannons":0,"Gensokyo:TheCrow":78,"Blue Doll":10,"infinitespire:Joker Card":23,"energizedSpire:OgreHead":68,"Replay:Mystery Machine":9,"blackbeard:LoadTheGoldenCannons":32,"Ancient Tea Set":40,"hubris:Zylophone":78,"hubris:HerbalPaste":43,"aspiration:PoetsPen":78,"Gensokyo:Mercy":9,"Gambling Chip":79,"infinitespire:Satchel":86,"hubris:PeanutButter":54,"aspiration:KaomsHeart":88,"ReplayTheSpireMod:TigerMarble":0,"hubris:TenFootPole":48,"Toy Ornithopter":86}],"Toy Ornithopter":0},"card_choices":[{"not_picked":["blackbeard:TerrorOfTheSeas","blackbeard:GoldenDefense"],"picked":"blackbeard:PirateHook","floor":1},{"not_picked":["blackbeard:Spear","blackbeard:BlindAttacks"],"picked":"blackbeard:Sword","floor":2},{"not_picked":["blackbeard:GoldenDefense","blackbeard:GhostInTheRum"],"picked":"blackbeard:Fencing","floor":4},{"not_picked":["blackbeard:DoubleCannonball","blackbeard:Sharpening"],"picked":"blackbeard:InfiniteBarrage","floor":10},{"not_picked":["blackbeard:DeadlyArsenal","blackbeard:Dagger"],"picked":"blackbeard:BrownPants","floor":11},{"not_picked":["blackbeard:Revenge","blackbeard:CannonballSupply"],"picked":"blackbeard:FieryDefense","floor":13},{"not_picked":["blackbeard:HumongousCannonball","blackbeard:PirateStrength"],"picked":"blackbeard:FinalBarrage","floor":16},{"not_picked":["blackbeard:Spear","blackbeard:PiratesWill"],"picked":"blackbeard:FieryDefense","floor":18},{"not_picked":["blackbeard:TheDrunkenSailor","blackbeard:Upgrade"],"picked":"blackbeard:TerrorOfTheSeas+1","floor":19},{"not_picked":["blackbeard:Sharpening","blackbeard:DoubleBottom","blackbeard:JollyRoger"],"picked":"SKIP","floor":21},{"not_picked":["ReplayTheSpireMod:Echoes of Time","ReplayTheSpireMod:Black Plague"],"picked":"infinitespire:Oblivion","floor":24},{"not_picked":["blackbeard:Spear","blackbeard:BlindAttacks"],"picked":"blackbeard:Rum","floor":25},{"not_picked":["blackbeard:TacticalRetreat","blackbeard:DelayedPain"],"picked":"blackbeard:WeaponMastery","floor":28},{"not_picked":["blackbeard:Toast","blackbeard:Dagger"],"picked":"blackbeard:RearmingStrike","floor":29},{"not_picked":["blackbeard:PowerHungry","blackbeard:UndeadForm"],"picked":"blackbeard:BoostMorale","floor":33},{"not_picked":["blackbeard:DeadlyArsenal+1","blackbeard:FishingNets","blackbeard:Fencing"],"picked":"SKIP","floor":35},{"not_picked":["blackbeard:Spear+1","blackbeard:TacticalRetreat"],"picked":"blackbeard:PiratesWill","floor":36},{"not_picked":["blackbeard:VengefulSpirit+1","blackbeard:DangerousBlow+1"],"picked":"blackbeard:Shrapnel","floor":39},{"not_picked":["blackbeard:Shrapnel","blackbeard:Provisioning"],"picked":"blackbeard:CatONineTails+1","floor":41},{"not_picked":["blackbeard:Upgrade","blackbeard:Shrapnel+1"],"picked":"blackbeard:CloakAndCannonball+1","floor":45},{"not_picked":["Gensokyo:NewMoon","Gensokyo:MorningMist"],"picked":"Gensokyo:HouraiInAPot","floor":46},{"not_picked":["blackbeard:CannonballSupply","blackbeard:GoldenStrike+1"],"picked":"blackbeard:Rum+1","floor":48}],"player_experience":781490,"relics_obtained":[{"floor":9,"key":"Replay:Mystery Machine"},{"floor":25,"key":"Replay:Accelerometer"},{"floor":26,"key":"hubris:TenFootPole"},{"floor":28,"key":"hubris:PeanutButter"},{"floor":41,"key":"Toy Ornithopter"},{"floor":43,"key":"infinitespire:Satchel"}],"event_choices":[],"is_beta":false,"boss_relics":[{"not_picked":["blackbeard:SoberMinded","Honey Jar"],"picked":"blackbeard:LoadTheGoldenCannons"},{"not_picked":["Runic Pyramid","conspire:RoyalGoblet"],"picked":"energizedSpire:OgreHead"}],"items_purged_floors":[22],"is_endless":false,"potions_floor_spawned":[1,10,11,25,33,35,48],"ascension_level":1}}