{"host":"hxmfoq77054plnuw","time":1611805603,"event":{"mods":["BaseMod","Colored Map","Colored Powertips","Downfall","Highlight Path","Minty Spire (QoL Compilation)","Quick Restart","Replay The Spire","Shop Mod","StSLib","SuperFastMode","[功能]功能增强和修复MOD","【遗物卡牌】REMEMod","篝火指南"],"gold_per_floor":[99,109,109,109,124,32,32,42,42,72,72,72,100,200,211,315,315,15,29,29,29,29,29,29,29],"floor_reached":23,"language":"ZHS","playtime":959,"items_purged":["bronze:Strike","bronze:Strike","bronze:Strike","bronze:Defend","bronze:Defend"],"score":195,"play_id":"c506d6ec-c829-4af2-b679-ba547bf46a9a","local_time":"20210128044643","is_ascension_mode":false,"campfire_choices":[{"floor":1,"key":"RECALL"},{"data":"bronze:Replicate","floor":9,"key":"SMITH"},{"data":"Guardian:StasisField","floor":11,"key":"SMITH"}],"circlet_count":0,"master_deck":["bronze:Defend","bronze:Defend","bronze:Replicate+1","bronze:Goto","Guardian:StasisField+1","bronze:ChosenStrike","bronze:Branch","bronze:FineTuning+1","bronze:DelayedSlice","bronze:FineTuning+1","bronze:ChosenStrike","bronze:SpaghettiCode"],"relics":["bronze:BronzeCore","REME_ComplimentaryCards","Strawberry","Tiny Chest","Juzu Bracelet","Replay:Bottled Eggs","Busted Crown","downfall:HeartBlessingBlue","downfall:HeartBlessingRed","downfall:HeartBlessingGreen","Shuriken","Counterbalance","bronze:BottledCode"],"acts_visited":["Exordium","TheCity"],"potions_floor_usage":[],"damage_taken":[{"damage":0,"enemies":"Small Slimes","floor":2,"turns":6},{"damage":0,"enemies":"Jaw Worm","floor":5,"turns":4},{"damage":3,"enemies":"downfall:FleeingMerchant","floor":6,"turns":4},{"damage":0,"enemies":"2 Louse","floor":8,"turns":1},{"damage":2,"enemies":"Lagavulin","floor":10,"turns":5},{"damage":9,"enemies":"3 Sentries","floor":13,"turns":3},{"damage":13,"enemies":"Exordium Thugs","floor":15,"turns":3},{"damage":11,"enemies":"IC_STATUS_ARCHETYPE","floor":16,"turns":3},{"damage":0,"enemies":"Chosen","floor":19,"turns":2},{"damage":0,"enemies":"Book of Stabbing","floor":23,"turns":1}],"seed_played":"2084682190221957906","potions_obtained":[{"floor":5,"key":"Energy Potion"},{"floor":15,"key":"Adrenaline Potion"},{"floor":16,"key":"AttackPotion"}],"is_trial":false,"path_per_floor":["R_BF","M","?","T","M","$","T","M","R","E","R","?","E","?","M","B",null,"R_BF","M","T","T","?","E"],"character_chosen":"THE_AUTOMATON","items_purchased":["bronze:DelayedSlice"],"campfire_rested":0,"item_purchase_floors":[6],"current_hp_per_floor":[77,77,77,77,77,74,74,74,74,72,72,72,63,63,50,39,77,87,87,87,87,77,77,77,77],"gold":29,"neow_bonus":"RANDOM_COMMON_RELIC","is_daily":false,"chose_seed":false,"campfire_upgraded":2,"win_rate":0.0,"timestamp":1611805603,"path_taken":["R_BF","M","?","?","M","$","T","?","R","E","R","?","E","?","M","BOSS","R_BF","M","?","?","?","E"],"items_purchased_type":["Card"],"build_version":"2020-12-22","purchased_purges":5,"victory":false,"max_hp_per_floor":[77,77,77,77,77,77,77,77,77,77,77,77,77,77,77,77,77,87,87,87,87,77,77,77,77],"card_choices":[{"not_picked":["bronze:BitShift","bronze:FineTuning"],"picked":"bronze:ChosenStrike","floor":2},{"not_picked":["bronze:Iterate","bronze:Turbo"],"picked":"bronze:Branch","floor":5},{"not_picked":["bronze:Format","bronze:Repulsor"],"picked":"bronze:FineTuning","floor":6},{"not_picked":["bronze:BuggyMess","bronze:Turbo","bronze:Repulsor"],"picked":"SKIP","floor":8},{"not_picked":["bronze:Fortify","bronze:ChosenStrike"],"picked":"bronze:FineTuning","floor":10},{"not_picked":["bronze:ChosenStrike","bronze:WildBeam","bronze:MaxOutput"],"picked":"SKIP","floor":13},{"not_picked":["bronze:Invalidate","bronze:WildBeam","bronze:Iterate"],"picked":"SKIP","floor":15},{"not_picked":["bronze:CleanCode","bronze:AlphaBuild"],"picked":"bronze:SpaghettiCode","floor":16},{"not_picked":["bronze:CutThrough"],"picked":"SKIP","floor":19}],"player_experience":333293,"relics_obtained":[{"floor":7,"key":"Tiny Chest"},{"floor":10,"key":"Juzu Bracelet"},{"floor":13,"key":"Replay:Bottled Eggs"},{"floor":20,"key":"Shuriken"},{"floor":21,"key":"Counterbalance"}],"event_choices":[],"is_beta":false,"boss_relics":[{"not_picked":["sneckomod:SneckoTalon","Abe\u0027s Treasure"],"picked":"Busted Crown"}],"items_purged_floors":[6,6,6,6,6],"is_endless":false,"potions_floor_spawned":[5,15,16,19],"killed_by":"Book of Stabbing","ascension_level":0}}