{"host":"ewns8ifhbubwkcum","time":1611853002,"event":{"mods":["BaseMod","Block Reminder","Colored Map","Colored Powertips","Downfall","Highlight Path","Minty Spire (QoL Compilation)","Permanent Neow","Quick Restart","Random Character Button","StSLib"],"gold_per_floor":[99,115,115,129,279,308,308,308,308,308],"floor_reached":8,"language":"ENG","playtime":433,"items_purged":[],"score":57,"play_id":"39ea9fac-2dc2-4bda-8e0d-acc8bbf506fe","local_time":"20210128105642","is_ascension_mode":true,"campfire_choices":[{"data":"bronze:Goto","floor":1.0,"key":"SMITH"}],"circlet_count":0,"master_deck":["bronze:Strike","bronze:Strike","bronze:Strike","bronze:Defend","bronze:Defend","bronze:Defend","bronze:Defend","bronze:Replicate","bronze:BronzeOrb","downfall:Icky","bronze:FunctionCard"],"relics":["bronze:BronzeCore","White Beast Statue","Shuriken"],"acts_visited":["Exordium"],"potions_floor_usage":[],"damage_taken":[{"damage":1.0,"enemies":"Jaw Worm","floor":2.0,"turns":6.0},{"damage":0.0,"enemies":"Small Slimes","floor":4.0,"turns":3.0},{"damage":41.0,"enemies":"3 Sentries","floor":6.0,"turns":16.0},{"damage":34,"enemies":"Lagavulin","floor":8,"turns":8}],"seed_played":"-9196085679831044671","potions_obtained":[{"floor":4.0,"key":"Fire Potion"}],"is_trial":false,"path_per_floor":["R","M","?","M","?","E","T","E"],"character_chosen":"THE_AUTOMATON","items_purchased":[],"campfire_rested":0,"item_purchase_floors":[],"current_hp_per_floor":[70,69,74,74,74,33,33,0,0,0],"gold":308,"neow_bonus":"TRANSFORM_CARD","is_daily":false,"chose_seed":false,"campfire_upgraded":1,"win_rate":0.0,"timestamp":1611853002,"path_taken":["R","M","?","M","?","E","T","E"],"items_purchased_type":[],"build_version":"2020-12-22","purchased_purges":0,"victory":false,"max_hp_per_floor":[70,70,75,75,75,75,75,75,75,75],"card_choices":[{"not_picked":["bronze:CutThrough","bronze:DelayedSlice"],"picked":"bronze:BronzeOrb","floor":2.0},{"not_picked":["bronze:OilSpill","bronze:Backtrace"],"picked":"bronze:Shell","floor":4.0},{"not_picked":["bronze:ItsAFeature","bronze:Optimize"],"picked":"bronze:Philosophize","floor":6.0}],"player_experience":1040140,"relics_obtained":[{"floor":6.0,"key":"White Beast Statue"},{"floor":7.0,"key":"Shuriken"}],"event_choices":[{"damage_healed":0.0,"max_hp_gain":5.0,"max_hp_loss":0.0,"gold_gain":0.0,"event_name":"Big Fish","player_choice":"Donut","floor":3.0,"gold_loss":0.0,"damage_taken":0.0}],"is_beta":false,"boss_relics":[],"items_purged_floors":[],"is_endless":false,"potions_floor_spawned":[4],"killed_by":"Lagavulin","ascension_level":1}}