{"host":"jlk2k69f9c6o7b3e","time":1611843911,"event":{"mods":["BaseMod","Minty Spire (QoL Compilation)","StSLib"],"gold_per_floor":[113,38,50,60,75,102,102,122,149,179,191,230,242,264,276,392,404,427,455,522,546,558,600,612,656,668,62,162,214,214,241,241,337,337,351,362,362,234,284,314,324,324,324],"floor_reached":44,"language":"ZHS","playtime":5213,"items_purged":["Shame"],"score":1151,"play_id":"97ad6761-4fc4-47f4-b8cf-8153551ad63c","local_time":"20210128222511","is_ascension_mode":true,"campfire_choices":[{"data":"Venomology","floor":7.0,"key":"SMITH"},{"data":"Venomology","floor":13.0,"key":"SMITH"},{"data":"Tactician","floor":15.0,"key":"SMITH"},{"data":"Defend_G","floor":32.0,"key":"PURGE"}],"circlet_count":0,"master_deck":["Defend_G","Survivor","Neutralize","Blur","Venomology+1","Acrobatics","Dagger Throw","Eviscerate","Backflip","Dagger Throw+1","Dash+1","Venomology+1","Tactician+1","Calculated Gamble","After Image","Prepared","Prepared","Calculated Gamble","Reflex","Writhe","Prepared","Mind Blast+1","Tactician","Escape Plan","Underhanded Strike+1","Bite+1","Bite+1","Bite+1","Bite+1","Bite+1","A Thousand Cuts","Reflex","Acrobatics+1","Underhanded Strike+1","Tactician","Caltrops+1","Dagger Throw+1","Backstab+1"],"relics":["Ring of the Snake","Molten Egg 2","MawBank","Potion Belt","SacredBark","Boot","Omamori","Sundial","Oddly Smooth Stone","Tough Bandages","Toolbox","Peace Pipe","Ornamental Fan","Singing Bowl","Eternal Feather","Empty Cage","Prayer Wheel","Calipers"],"acts_visited":["Exordium","TheCity","TheBeyond"],"potions_floor_usage":[43,43,43,43],"damage_taken":[{"damage":0.0,"enemies":"Cultist","floor":1.0,"turns":4.0},{"damage":1.0,"enemies":"Jaw Worm","floor":3.0,"turns":6.0},{"damage":2.0,"enemies":"2 Louse","floor":4.0,"turns":3.0},{"damage":0.0,"enemies":"Large Slime","floor":5.0,"turns":3.0},{"damage":37.0,"enemies":"3 Sentries","floor":6.0,"turns":11.0},{"damage":2.0,"enemies":"2 Fungi Beasts","floor":8.0,"turns":3.0},{"damage":0.0,"enemies":"Gremlin Nob","floor":10.0,"turns":3.0},{"damage":3.0,"enemies":"3 Sentries","floor":12.0,"turns":6.0},{"damage":0.0,"enemies":"Looter","floor":14.0,"turns":3.0},{"damage":0.0,"enemies":"Hexaghost","floor":16.0,"turns":7.0},{"damage":0.0,"enemies":"3 Byrds","floor":18.0,"turns":3.0},{"damage":0.0,"enemies":"2 Thieves","floor":19.0,"turns":4.0},{"damage":13.0,"enemies":"Centurion and Healer","floor":20.0,"turns":4.0},{"damage":0.0,"enemies":"Snake Plant","floor":21.0,"turns":4.0},{"damage":2.0,"enemies":"Book of Stabbing","floor":23.0,"turns":6.0},{"damage":0.0,"enemies":"Gremlin Leader","floor":25.0,"turns":4.0},{"damage":2.0,"enemies":"Colosseum Slavers","floor":28.0,"turns":3.0},{"damage":0.0,"enemies":"Colosseum Nobs","floor":28.0,"turns":3.0},{"damage":0.0,"enemies":"Slavers","floor":29.0,"turns":4.0},{"damage":0.0,"enemies":"Book of Stabbing","floor":31.0,"turns":5.0},{"damage":81.0,"enemies":"Champ","floor":33.0,"turns":12.0},{"damage":0.0,"enemies":"3 Darklings","floor":35.0,"turns":6.0},{"damage":0.0,"enemies":"3 Shapes","floor":36.0,"turns":1.0},{"damage":0.0,"enemies":"Mind Bloom Boss Battle","floor":39.0,"turns":5.0},{"damage":0.0,"enemies":"Giant Head","floor":40.0,"turns":6.0},{"damage":0.0,"enemies":"Maw","floor":41.0,"turns":7.0},{"damage":127,"enemies":"Time Eater","floor":43,"turns":14}],"seed_played":"-9033623089358844789","potions_obtained":[{"floor":3.0,"key":"LiquidBronze"},{"floor":8.0,"key":"GamblersBrew"},{"floor":12.0,"key":"Energy Potion"},{"floor":14.0,"key":"ColorlessPotion"},{"floor":19.0,"key":"LiquidBronze"},{"floor":20.0,"key":"EssenceOfSteel"},{"floor":28.0,"key":"Strength Potion"},{"floor":33.0,"key":"Block Potion"}],"is_trial":false,"path_per_floor":["M","$","M","M","M","E","R","M","T","E","$","E","R","M","R","B",null,"M","M","M","M","?","E","$","E","T","$","?","E","?","E","R","B",null,"M","M","?","$","?","E","M","?","B",null],"character_chosen":"THE_SILENT","items_purchased":["Tough Bandages","Toolbox","Mind Blast+1","Tactician","Underhanded Strike+1","Tactician"],"campfire_rested":0,"item_purchase_floors":[27,27,27,27,38,38],"current_hp_per_floor":[70,70,69,67,67,30,30,28,28,28,28,25,25,25,25,25,59,59,59,46,46,46,44,44,44,44,44,42,42,42,51,51,29,46,51,51,51,51,51,51,53,53,15],"gold":324,"neow_bonus":"TRANSFORM_TWO_CARDS","is_daily":false,"chose_seed":false,"campfire_upgraded":3,"win_rate":0.0,"timestamp":1611843911,"path_taken":["M","$","M","M","M","E","R","M","T","E","?","E","R","M","R","BOSS","M","M","M","M","?","E","$","E","T","$","?","E","?","E","R","BOSS","M","M","?","$","?","E","M","?","BOSS"],"items_purchased_type":["Relic","Relic","Card","Card","Card","Card"],"build_version":"2020-12-22","purchased_purges":1,"victory":true,"max_hp_per_floor":[70,70,70,70,70,70,70,70,70,70,70,70,70,70,70,70,70,70,70,70,70,70,70,70,70,70,70,70,70,49,51,51,51,51,51,51,51,51,51,51,53,53,53],"card_choices":[{"not_picked":["Outmaneuver","Dodge and Roll"],"picked":"Acrobatics","floor":1.0},{"not_picked":["Dodge and Roll","Flying Knee"],"picked":"Dagger Throw","floor":3.0},{"not_picked":["Cloak And Dagger","Deflect"],"picked":"Eviscerate","floor":4.0},{"not_picked":["Outmaneuver","Quick Slash"],"picked":"Backflip","floor":5.0},{"not_picked":["Deadly Poison","Calculated Gamble"],"picked":"Dagger Throw+1","floor":6.0},{"not_picked":["Burst","Sucker Punch+1"],"picked":"Dash+1","floor":8.0},{"not_picked":["Terror","Heel Hook+1"],"picked":"Venomology","floor":10.0},{"not_picked":["Backflip","Choke+1"],"picked":"Tactician","floor":12.0},{"not_picked":["Choke+1","Blade Dance"],"picked":"Calculated Gamble","floor":14.0},{"not_picked":["Storm of Steel","Envenom"],"picked":"After Image","floor":16.0},{"not_picked":["Infinite Blades","Acrobatics"],"picked":"Prepared","floor":18.0},{"not_picked":["Endless Agony+1","Dodge and Roll"],"picked":"Prepared","floor":19.0},{"not_picked":["Sucker Punch+1","Dodge and Roll+1"],"picked":"Calculated Gamble","floor":20.0},{"not_picked":["Slice+1","Footwork"],"picked":"Reflex","floor":21.0},{"not_picked":["PiercingWail","Backflip"],"picked":"Prepared","floor":23.0},{"not_picked":["Bane+1","Cloak And Dagger"],"picked":"Noxious Fumes","floor":25.0},{"not_picked":["Bouncing Flask+1","Dash+1"],"picked":"Escape Plan","floor":28.0},{"not_picked":["Noxious Fumes","Deadly Poison"],"picked":"Underhanded Strike+1","floor":29.0},{"not_picked":["Wraith Form v2","Dodge and Roll+1","Flying Knee+1"],"picked":"Singing Bowl","floor":31.0},{"not_picked":["Corpse Explosion","After Image"],"picked":"A Thousand Cuts","floor":33.0},{"not_picked":["Finisher+1","Slice+1"],"picked":"Reflex","floor":35.0},{"not_picked":["Expertise","Bane+1"],"picked":"Acrobatics+1","floor":36.0},{"not_picked":["Blade Dance","Outmaneuver+1"],"picked":"Caltrops+1","floor":39.0},{"not_picked":["Terror+1","Endless Agony+1"],"picked":"Dagger Throw+1","floor":40.0},{"not_picked":["Poisoned Stab+1","Backflip","PiercingWail"],"picked":"Singing Bowl","floor":41.0},{"not_picked":["Prepared","Sucker Punch+1"],"picked":"Backstab+1","floor":41.0}],"player_experience":298193,"relics_obtained":[{"floor":6.0,"key":"Molten Egg 2"},{"floor":10.0,"key":"MawBank"},{"floor":12.0,"key":"Potion Belt"},{"floor":23.0,"key":"Omamori"},{"floor":25.0,"key":"Sundial"},{"floor":26.0,"key":"Oddly Smooth Stone"},{"floor":28.0,"key":"Peace Pipe"},{"floor":28.0,"key":"Ornamental Fan"},{"floor":29.0,"key":"Singing Bowl"},{"floor":31.0,"key":"Eternal Feather"},{"floor":39.0,"key":"Prayer Wheel"},{"floor":40.0,"key":"Calipers"}],"event_choices":[{"damage_healed":0.0,"max_hp_gain":0.0,"max_hp_loss":0.0,"gold_gain":0.0,"event_name":"The Mausoleum","player_choice":"Opened","floor":22.0,"gold_loss":0.0,"damage_taken":0.0,"relics_obtained":["Boot"],"cards_obtained":["Writhe"]},{"damage_healed":0.0,"max_hp_gain":0.0,"max_hp_loss":0.0,"gold_gain":0.0,"event_name":"Colosseum","player_choice":"Fight","floor":28.0,"gold_loss":0.0,"damage_taken":0.0},{"damage_healed":0.0,"max_hp_gain":0.0,"max_hp_loss":0.0,"gold_gain":0.0,"event_name":"Colosseum","player_choice":"Fought Nobs","floor":28.0,"gold_loss":0.0,"damage_taken":0.0},{"damage_healed":0.0,"max_hp_gain":0.0,"max_hp_loss":21.0,"gold_gain":0.0,"event_name":"Vampires","player_choice":"Became a vampire","floor":30.0,"gold_loss":0.0,"damage_taken":0.0,"cards_obtained":["Bite","Bite","Bite","Bite","Bite"]},{"cards_removed":["Noxious Fumes"],"damage_healed":0.0,"max_hp_gain":0.0,"max_hp_loss":0.0,"gold_gain":0.0,"event_name":"Falling","player_choice":"Removed Power","floor":37.0,"gold_loss":0.0,"damage_taken":0.0},{"damage_healed":0.0,"max_hp_gain":0.0,"max_hp_loss":0.0,"gold_gain":0.0,"event_name":"MindBloom","player_choice":"Fight","floor":39.0,"gold_loss":0.0,"damage_taken":0.0},{"damage_healed":0.0,"max_hp_gain":0.0,"max_hp_loss":0.0,"gold_gain":0.0,"event_name":"SecretPortal","player_choice":"Took Portal","floor":42.0,"gold_loss":0.0,"damage_taken":0.0}],"is_beta":false,"boss_relics":[{"not_picked":["Tiny House","Coffee Dripper"],"picked":"SacredBark"},{"not_picked":["Velvet Choker","Sozu"],"picked":"Empty Cage"}],"items_purged_floors":[2],"is_endless":false,"potions_floor_spawned":[3,8,12,14,19,20,28,28,33,36],"ascension_level":5}}