{"host":"1qhzi8r9ejho5yph","time":1611830340,"event":{"mods":["AchievementEnabler","BaseMod","Colored Map","Colored Powertips","Highlight Path","Minty Spire (QoL Compilation)","Permanent Neow","Quick Restart","Random Character Button","StSLib","SuperFastMode"],"gold_per_floor":[112,112,132,7,26,26,44,44,67,67,81,81,100,52,52,149,149,159,33,44,61,99,119,119,119,144,144,144,144],"floor_reached":28,"language":"ENG","playtime":1093,"items_purged":["Defend_P","Eruption"],"score":212,"play_id":"e3c2207a-7369-4ae6-91c8-d6db9a1196a1","local_time":"20210128183900","is_ascension_mode":false,"campfire_choices":[{"data":"Prostrate","floor":6,"key":"SMITH"},{"data":"CrushJoints","floor":12,"key":"SMITH"},{"data":"Prostrate","floor":15,"key":"SMITH"},{"floor":24,"key":"REST"},{"floor":27,"key":"REST"}],"circlet_count":0,"master_deck":["Strike_P","Strike_P","Strike_P","Defend_P","Defend_P","Vigilance","Wish","Sanctity","ReachHeaven","Prostrate+1","ThirdEye","CarveReality","CrushJoints+1","LikeWater","Prostrate+1","Establishment","SandsOfTime","SashWhip","DeceiveReality","Meditate","ThirdEye","Consecrate+1"],"relics":["PureWater"],"acts_visited":["Exordium","TheCity"],"potions_floor_usage":[16,23],"damage_taken":[{"damage":0,"enemies":"Jaw Worm","floor":1,"turns":2},{"damage":0,"enemies":"Cultist","floor":3,"turns":4},{"damage":0,"enemies":"2 Louse","floor":5,"turns":3},{"damage":9,"enemies":"Exordium Thugs","floor":7,"turns":5},{"damage":5,"enemies":"Lots of Slimes","floor":11,"turns":4},{"damage":0,"enemies":"Looter","floor":13,"turns":2},{"damage":28,"enemies":"Hexaghost","floor":16,"turns":9},{"damage":9,"enemies":"Chosen","floor":18,"turns":8},{"damage":18,"enemies":"3 Byrds","floor":20,"turns":6},{"damage":16,"enemies":"Snake Plant","floor":21,"turns":6},{"damage":11,"enemies":"Snecko","floor":22,"turns":5},{"damage":15,"enemies":"Sentry and Sphere","floor":23,"turns":10},{"damage":33,"enemies":"Snake Plant","floor":28,"turns":6}],"seed_played":"5068819892667727462","potions_obtained":[{"floor":7,"key":"Fire Potion"},{"floor":11,"key":"SpeedPotion"},{"floor":16,"key":"Swift Potion"},{"floor":20,"key":"Dexterity Potion"}],"is_trial":false,"path_per_floor":["M","?","M","$","M","R","M","?","T","?","M","R","M","$","R","B",null,"M","$","M","M","M","M","R","?","T","R","M"],"character_chosen":"WATCHER","items_purchased":["Prostrate","Prostrate","SashWhip"],"campfire_rested":2,"item_purchase_floors":[4,14,19],"current_hp_per_floor":[72,72,72,72,72,72,63,68,68,68,63,63,63,63,63,35,77,68,68,50,34,23,8,31,31,31,54,21,21],"gold":144,"neow_bonus":"TRANSFORM_CARD","is_daily":false,"chose_seed":false,"campfire_upgraded":3,"win_rate":0.0,"timestamp":1611830340,"path_taken":["M","?","M","$","M","R","?","?","T","?","M","R","?","?","R","BOSS","M","$","M","M","?","M","R","?","T","R","M"],"items_purchased_type":["Card","Card","Card"],"build_version":"2020-12-22","purchased_purges":2,"victory":false,"max_hp_per_floor":[72,72,72,72,72,72,72,77,77,77,77,77,77,77,77,77,77,77,77,77,77,77,77,77,77,77,77,77,77],"card_choices":[{"not_picked":["Halt","Meditate"],"picked":"Sanctity","floor":1},{"not_picked":["EmptyMind","WreathOfFlame"],"picked":"ReachHeaven","floor":3},{"not_picked":["Wallop","Indignation"],"picked":"ThirdEye","floor":5},{"not_picked":["Nirvana","Vengeance"],"picked":"CarveReality","floor":7},{"not_picked":["ForeignInfluence","WaveOfTheHand"],"picked":"CrushJoints","floor":11},{"not_picked":["BowlingBash","EmptyMind"],"picked":"LikeWater","floor":13},{"not_picked":["Omniscience","ConjureBlade"],"picked":"Establishment","floor":16},{"not_picked":["LikeWater","WaveOfTheHand+1"],"picked":"SandsOfTime","floor":18},{"not_picked":["InnerPeace","Protect+1"],"picked":"DeceiveReality","floor":20},{"not_picked":["Evaluate+1","Protect"],"picked":"Meditate","floor":21},{"not_picked":["PathToVictory","Evaluate"],"picked":"ThirdEye","floor":22},{"not_picked":["Crescendo","EmptyFist+1"],"picked":"Consecrate+1","floor":23}],"player_experience":344254,"relics_obtained":[],"event_choices":[{"damage_healed":0,"gold_gain":0,"player_choice":"Relic","damage_taken":0,"max_hp_gain":0,"max_hp_loss":0,"event_name":"Wheel of Change","floor":2,"gold_loss":0},{"damage_healed":0,"gold_gain":0,"player_choice":"Donut","damage_taken":0,"max_hp_gain":5,"max_hp_loss":0,"event_name":"Big Fish","floor":8,"gold_loss":0},{"damage_healed":0,"gold_gain":0,"player_choice":"Fled","damage_taken":0,"max_hp_gain":0,"max_hp_loss":0,"event_name":"Scrap Ooze","floor":10,"gold_loss":0},{"cards_removed":["Strike_P"],"damage_healed":0,"gold_gain":0,"player_choice":"Elegance","damage_taken":0,"max_hp_gain":0,"max_hp_loss":0,"event_name":"Back to Basics","floor":25,"gold_loss":0}],"is_beta":false,"boss_relics":[{"not_picked":["Coffee Dripper","VioletLotus","Busted Crown"]}],"items_purged_floors":[4,19],"is_endless":false,"potions_floor_spawned":[7,11,16,20,22],"killed_by":"Snake Plant","ascension_level":0}}