{"host":"p62uqwu04pp7leh9","time":1611815865,"event":{"mods":["BaseMod","Block Reminder","Colored Map","Colored Powertips","Minty Spire (QoL Compilation)","Relic Stats"],"gold_per_floor":[114,114,124,49,49,78,143,171,198,244,256,282,314,340,352,485,497,533,545,569,581,606,618,663,688,749,761,803,815,827,866,878,987,999,1026,401,411,427,447,472,472,505,586,586,586,636,668,685,685,685,685,685,237,269,269,269],"floor_reached":55,"language":"ENG","playtime":3313,"items_purged":["Regret","Strike_R","Parasite"],"score":1190,"play_id":"0e77fd32-7fc3-468f-b6d9-dca997043c91","local_time":"20210128003745","is_ascension_mode":true,"campfire_choices":[{"data":"Rampage","floor":15,"key":"SMITH"},{"data":"Searing Blow+1","floor":23,"key":"SMITH"},{"data":"Heavy Blade","floor":27,"key":"SMITH"},{"data":"Sword Boomerang","floor":30,"key":"SMITH"},{"floor":32,"key":"RECALL"},{"data":"Bash","floor":41,"key":"SMITH"},{"data":"Rupture","floor":45,"key":"SMITH"},{"data":"Offering","floor":49,"key":"SMITH"},{"data":"Demon Form","floor":52,"key":"SMITH"}],"circlet_count":0,"master_deck":["Strike_R","Strike_R","Strike_R","Defend_R","Defend_R","Defend_R","Bash+1","Rampage+1","Dropkick","Bloodletting","Thunderclap","Sword Boomerang+1","Demon Form+1","Dropkick","Searing Blow+2","Offering+1","Heavy Blade+1","Shrug It Off+1","Demon Form","Sword Boomerang+1","Rupture+1","Rage+1","Apotheosis","Brutality"],"relics":["Burning Blood","NeowsBlessing","Regal Pillow","PreservedInsect","Singing Bowl","Shuriken","MawBank","Red Skull","Bloody Idol","Black Star","Toy Ornithopter","Darkstone Periapt","Vajra","Paper Frog","Thread and Needle","Orichalcum","Busted Crown","Champion Belt","Self Forming Clay","Eternal Feather","Lantern","HornCleat","Prayer Wheel","Bottled Tornado","Du-Vu Doll","Strawberry","Happy Flower","HandDrill","Pantograph","Boot"],"acts_visited":["Exordium","TheCity","TheBeyond","TheEnding"],"potions_floor_usage":[8,8,10,16,25,25,33,40,42,50,50,54,55],"damage_taken":[{"damage":0,"enemies":"2 Louse","floor":1,"turns":1},{"damage":0,"enemies":"Jaw Worm","floor":3,"turns":1},{"damage":0,"enemies":"Lagavulin","floor":6,"turns":1},{"damage":40,"enemies":"3 Sentries","floor":7,"turns":9},{"damage":17,"enemies":"Gremlin Nob","floor":8,"turns":4},{"damage":28,"enemies":"3 Sentries","floor":10,"turns":6},{"damage":2,"enemies":"Small Slimes","floor":12,"turns":3},{"damage":3,"enemies":"Blue Slaver","floor":13,"turns":2},{"damage":4,"enemies":"Exordium Wildlife","floor":14,"turns":3},{"damage":0,"enemies":"Slime Boss","floor":16,"turns":5},{"damage":44,"enemies":"Shell Parasite","floor":18,"turns":7},{"damage":20,"enemies":"Chosen","floor":20,"turns":5},{"damage":25,"enemies":"Snecko","floor":22,"turns":4},{"damage":26,"enemies":"Gremlin Leader","floor":24,"turns":6},{"damage":22,"enemies":"Snake Plant","floor":25,"turns":2},{"damage":50,"enemies":"Book of Stabbing","floor":28,"turns":4},{"damage":17,"enemies":"Slavers","floor":31,"turns":2},{"damage":23,"enemies":"Automaton","floor":33,"turns":6},{"damage":24,"enemies":"Orb Walker","floor":35,"turns":4},{"damage":6,"enemies":"3 Shapes","floor":37,"turns":3},{"damage":14,"enemies":"3 Darklings","floor":38,"turns":5},{"damage":71,"enemies":"4 Shapes","floor":39,"turns":4},{"damage":22,"enemies":"Nemesis","floor":40,"turns":3},{"damage":6,"enemies":"Giant Head","floor":42,"turns":4},{"damage":7,"enemies":"Mind Bloom Boss Battle","floor":46,"turns":6},{"damage":30,"enemies":"Nemesis","floor":47,"turns":5},{"damage":0,"enemies":"Writhing Mass","floor":48,"turns":4},{"damage":74,"enemies":"Donu and Deca","floor":50,"turns":5},{"damage":81,"enemies":"Shield and Spear","floor":54,"turns":4},{"damage":71,"enemies":"The Heart","floor":55,"turns":3}],"seed_played":"-1584631795396667528","potions_obtained":[{"floor":1,"key":"ColorlessPotion"},{"floor":6,"key":"Block Potion"},{"floor":10,"key":"BloodPotion"},{"floor":12,"key":"Swift Potion"},{"floor":14,"key":"Fire Potion"},{"floor":18,"key":"EssenceOfSteel"},{"floor":25,"key":"ElixirPotion"},{"floor":31,"key":"Ancient Potion"},{"floor":37,"key":"Dexterity Potion"},{"floor":39,"key":"Energy Potion"},{"floor":40,"key":"Dexterity Potion"},{"floor":48,"key":"DistilledChaos"},{"floor":54,"key":"Swift Potion"}],"is_trial":false,"path_per_floor":["M","?","M","$","?","E","?","E","T","E","?","M","M","M","R","B",null,"M","?","M","?","M","R","E","M","T","R","E","$","R","E","R","B",null,"M","$","M","M","M","E","R","E","T","?","R","?","E","M","R","B",null,"R","$","E","B"],"character_chosen":"IRONCLAD","items_purchased":["Champion Belt","Self Forming Clay","HandDrill","Apotheosis"],"campfire_rested":0,"item_purchase_floors":[36,36,53,53],"current_hp_per_floor":[80,80,80,80,73,79,45,34,34,30,30,36,41,43,43,49,80,42,42,40,45,36,41,31,35,45,50,16,21,26,27,32,30,84,71,76,83,82,24,20,32,42,47,47,59,65,55,74,86,28,111,111,108,38,0,0],"gold":269,"neow_bonus":"THREE_ENEMY_KILL","is_daily":false,"chose_seed":false,"campfire_upgraded":8,"win_rate":0.0,"timestamp":1611815865,"path_taken":["M","?","M","$","?","E","?","E","T","E","?","?","M","M","R","BOSS","M","?","M","?","?","R","E","M","T","R","E","$","R","E","R","BOSS","M","$","M","M","M","E","R","E","T","?","R","?","E","M","R","BOSS","R","$","E","BOSS"],"items_purchased_type":["Relic","Relic","Relic","Card"],"build_version":"2020-12-22","purchased_purges":3,"victory":false,"max_hp_per_floor":[80,80,80,80,80,80,80,80,80,82,76,78,80,80,80,80,80,80,80,82,82,82,82,82,82,82,82,82,82,82,84,84,84,84,84,84,86,88,90,92,92,92,92,92,92,94,103,111,111,111,111,111,108,108,108,108],"relic_stats":{"Darkstone Periapt":6,"Regal Pillow":0,"Singing Bowl":24,"Happy Flower":[5],"counters":[30,121],"Self Forming Clay":[132],"Eternal Feather":36,"PreservedInsect":507,"Orichalcum":[84],"MawBank":324,"Boot":[0],"Burning Blood":162,"Busted Crown":22,"Shuriken":[43],"Bloody Idol":175,"Pantograph":25,"Prayer Wheel":1,"Black Star":7,"HandDrill":[2],"Champion Belt":[27],"obtain_stats":[{"Darkstone Periapt":24,"Regal Pillow":2,"Lantern":40,"Singing Bowl":7,"Vajra":28,"Bottled Tornado":43,"Boot":54,"Burning Blood":0,"HornCleat":42,"Strawberry":47,"Pantograph":54,"Prayer Wheel":42,"HandDrill":53,"Red Skull":10,"Paper Frog":28,"NeowsBlessing":0,"Happy Flower":47,"Golden Idol":11,"Self Forming Clay":36,"Thread and Needle":31,"Eternal Feather":40,"PreservedInsect":6,"Orichalcum":31,"MawBank":9,"Du-Vu Doll":46,"Busted Crown":34,"Shuriken":8,"Bloody Idol":19,"Black Star":17,"Champion Belt":36,"Toy Ornithopter":24},{"Darkstone Periapt":14,"Regal Pillow":1,"Lantern":23,"Singing Bowl":4,"Vajra":16,"Bottled Tornado":24,"Boot":29,"Burning Blood":0,"HornCleat":24,"Strawberry":26,"Pantograph":29,"Prayer Wheel":24,"HandDrill":28,"Red Skull":6,"Paper Frog":16,"NeowsBlessing":0,"Happy Flower":26,"Golden Idol":6,"Self Forming Clay":19,"Thread and Needle":17,"Eternal Feather":23,"PreservedInsect":3,"Orichalcum":17,"MawBank":5,"Du-Vu Doll":25,"Busted Crown":18,"Shuriken":5,"Bloody Idol":11,"Black Star":10,"Champion Belt":19,"Toy Ornithopter":14},{"Darkstone Periapt":57,"Regal Pillow":1,"Lantern":90,"Singing Bowl":12,"Vajra":63,"Bottled Tornado":94,"Boot":118,"Burning Blood":0,"HornCleat":94,"Strawberry":105,"Pantograph":118,"Prayer Wheel":94,"HandDrill":114,"Red Skull":22,"Paper Frog":63,"NeowsBlessing":0,"Happy Flower":105,"Golden Idol":22,"Self Forming Clay":75,"Thread and Needle":65,"Eternal Feather":90,"PreservedInsect":3,"Orichalcum":65,"MawBank":16,"Du-Vu Doll":100,"Busted Crown":71,"Shuriken":16,"Bloody Idol":42,"Black Star":35,"Champion Belt":75,"Toy Ornithopter":57}],"Toy Ornithopter":40},"card_choices":[{"not_picked":["Warcry","Inflame"],"picked":"Rampage","floor":1},{"not_picked":["Anger","Warcry","Wild Strike"],"picked":"SKIP","floor":3},{"not_picked":["Battle Trance","Clash"],"picked":"Dropkick","floor":6},{"not_picked":["Body Slam","Feel No Pain"],"picked":"Bloodletting","floor":7},{"not_picked":["Infernal Blade","Dual Wield"],"picked":"Thunderclap","floor":8},{"not_picked":["Evolve","Body Slam","Spot Weakness"],"picked":"Singing Bowl","floor":10},{"not_picked":["Twin Strike","Infernal Blade","Cleave"],"picked":"Singing Bowl","floor":12},{"not_picked":["Cleave","Fire Breathing","Rampage"],"picked":"Singing Bowl","floor":13},{"not_picked":["Thunderclap","Spot Weakness"],"picked":"Sword Boomerang","floor":14},{"not_picked":["Exhume","Bludgeon"],"picked":"Demon Form","floor":16},{"not_picked":["Iron Wave","Disarm+1"],"picked":"Fire Breathing+1","floor":18},{"not_picked":["Havoc+1","Cleave","Perfected Strike+1"],"picked":"Singing Bowl","floor":20},{"not_picked":["Armaments","Perfected Strike"],"picked":"Searing Blow+1","floor":22},{"not_picked":["Pommel Strike","Searing Blow"],"picked":"Offering","floor":24},{"not_picked":["Warcry","Wild Strike"],"picked":"Heavy Blade","floor":25},{"not_picked":["Ghostly Armor","Thunderclap"],"picked":"Shrug It Off+1","floor":28},{"not_picked":["Power Through","Clash","Cleave"],"picked":"Singing Bowl","floor":31},{"not_picked":["Reaper","Fiend Fire"],"picked":"Demon Form","floor":33},{"not_picked":[],"picked":"Sword Boomerang+1","floor":35},{"not_picked":["Thunderclap"],"picked":"Singing Bowl","floor":37},{"not_picked":["Armaments"],"picked":"Singing Bowl","floor":38},{"not_picked":["Twin Strike+1"],"picked":"Singing Bowl","floor":39},{"not_picked":["Warcry"],"picked":"Singing Bowl","floor":40},{"not_picked":[],"picked":"Rupture","floor":42},{"not_picked":["Clothesline+1"],"picked":"Singing Bowl","floor":46},{"not_picked":["Sentinel+1"],"picked":"Singing Bowl","floor":47},{"not_picked":["Sword Boomerang"],"picked":"Singing Bowl","floor":48},{"not_picked":[],"picked":"Rage+1","floor":48},{"not_picked":[],"picked":"Brutality","floor":54}],"player_experience":381240,"relics_obtained":[{"floor":6,"key":"PreservedInsect"},{"floor":7,"key":"Singing Bowl"},{"floor":8,"key":"Shuriken"},{"floor":9,"key":"MawBank"},{"floor":10,"key":"Red Skull"},{"floor":24,"key":"Toy Ornithopter"},{"floor":24,"key":"Darkstone Periapt"},{"floor":28,"key":"Vajra"},{"floor":28,"key":"Paper Frog"},{"floor":31,"key":"Thread and Needle"},{"floor":31,"key":"Orichalcum"},{"floor":40,"key":"Eternal Feather"},{"floor":40,"key":"Lantern"},{"floor":42,"key":"HornCleat"},{"floor":42,"key":"Prayer Wheel"},{"floor":43,"key":"Bottled Tornado"},{"floor":46,"key":"Du-Vu Doll"},{"floor":47,"key":"Strawberry"},{"floor":47,"key":"Happy Flower"},{"floor":54,"key":"Pantograph"},{"floor":54,"key":"Boot"}],"event_choices":[{"damage_healed":0,"gold_gain":0,"player_choice":"Box","damage_taken":0,"relics_obtained":["Regal Pillow"],"max_hp_gain":0,"max_hp_loss":0,"event_name":"Big Fish","floor":2,"gold_loss":0,"cards_obtained":["Regret"]},{"cards_removed":["Strike_R"],"damage_healed":0,"gold_gain":0,"player_choice":"Card Removal","damage_taken":7,"max_hp_gain":0,"max_hp_loss":0,"event_name":"Golden Wing","floor":5,"gold_loss":0},{"damage_healed":0,"gold_gain":0,"player_choice":"Searched \u00271\u0027 times","damage_taken":0,"max_hp_gain":0,"max_hp_loss":0,"event_name":"Dead Adventurer","floor":7,"gold_loss":0},{"damage_healed":0,"gold_gain":0,"player_choice":"Lose Max HP","damage_taken":0,"relics_obtained":["Golden Idol"],"max_hp_gain":0,"max_hp_loss":6,"event_name":"Golden Idol","floor":11,"gold_loss":0},{"damage_healed":0,"gold_gain":0,"player_choice":"Gave Idol","damage_taken":0,"relics_obtained":["Bloody Idol"],"max_hp_gain":0,"max_hp_loss":0,"event_name":"Forgotten Altar","floor":19,"relics_lost":["Golden Idol"],"gold_loss":0},{"damage_healed":0,"gold_gain":0,"cards_transformed":["Defend_R"],"player_choice":"Transformed","damage_taken":0,"max_hp_gain":0,"max_hp_loss":0,"event_name":"Transmorgrifier","floor":21,"gold_loss":0,"cards_obtained":["Dropkick"]},{"cards_removed":["Fire Breathing"],"damage_healed":0,"gold_gain":0,"player_choice":"Removed Power","damage_taken":0,"max_hp_gain":0,"max_hp_loss":0,"event_name":"Falling","floor":44,"gold_loss":0},{"damage_healed":0,"gold_gain":0,"player_choice":"Fight","damage_taken":0,"max_hp_gain":0,"max_hp_loss":0,"event_name":"MindBloom","floor":46,"gold_loss":0}],"is_beta":false,"boss_relics":[{"not_picked":["Mark of Pain","Tiny House"],"picked":"Black Star"},{"not_picked":["Cursed Key","Sozu"],"picked":"Busted Crown"}],"items_purged_floors":[4,36,53],"is_endless":false,"potions_floor_spawned":[1,6,10,12,14,18,25,31,37,39,40,48,54],"killed_by":"The Heart","ascension_level":4}}