{"host":"kpyoctgc7jne3jiy","time":1611823124,"event":{"mods":["AchievementEnabler","BaseMod","Minty Spire (QoL Compilation)","Relic Stats"],"gold_per_floor":[115,132,147,160,175,175,210,210,210,243,243,243,22,35,35,156,156,172,193,243,256,274,274,312,312,336,369,392,392,427,441,441,571,571,590,608,629,648,664,707,707,742,815,854,854,201,201,56,56,56],"floor_reached":51,"language":"ENG","playtime":2462,"items_purged":["Strike_B"],"score":1024,"play_id":"add4137e-1eb0-4526-8ac9-a06c7f5586fb","local_time":"20210128093844","is_ascension_mode":true,"campfire_choices":[{"data":"Ball Lightning","floor":6.0,"key":"SMITH"},{"data":"Consume","floor":11.0,"key":"SMITH"},{"data":"Go for the Eyes","floor":15.0,"key":"SMITH"},{"data":"Glacier","floor":23,"key":"SMITH"},{"data":"White Noise","floor":29,"key":"SMITH"},{"data":"White Noise","floor":32,"key":"SMITH"},{"floor":41,"key":"REST"},{"data":"Skim","floor":45,"key":"SMITH"},{"data":"Capacitor","floor":49,"key":"SMITH"}],"circlet_count":0,"master_deck":["Zap","Dualcast","Static Discharge","Leap","Ball Lightning+1","Glacier+1","White Noise+1","Self Repair","Consume+1","Go for the Eyes+1","Electrodynamics","Gash","White Noise+1","Fusion","Storm","Beam Cell","Self Repair","Tempest","Streamline+1","Coolheaded","Aggregate+1","Double Energy+1","Doom and Gloom+1","Auto Shields","Melter+1","Coolheaded+1","Core Surge","Conserve Battery","Go for the Eyes+1","Skim+1","Capacitor","Turbo","Capacitor+1"],"relics":["Cracked Core","Toy Ornithopter","Golden Idol","Darkstone Periapt","Meat on the Bone","Cables","Bag of Preparation","Pandora\u0027s Box","Vajra","Bronze Scales","Pantograph","Dead Branch","Nuclear Battery","Centennial Puzzle","Prayer Wheel","Turnip","Singing Bowl","TheAbacus","Orichalcum","Membership Card"],"acts_visited":["Exordium","TheCity","TheBeyond"],"potions_floor_usage":[27,40,40,40,40,44],"damage_taken":[{"damage":0.0,"enemies":"Cultist","floor":1.0,"turns":4.0},{"damage":0.0,"enemies":"2 Louse","floor":2.0,"turns":2.0},{"damage":2.0,"enemies":"Jaw Worm","floor":3.0,"turns":4.0},{"damage":10.0,"enemies":"Looter","floor":4.0,"turns":4.0},{"damage":14.0,"enemies":"Gremlin Gang","floor":5.0,"turns":6.0},{"damage":22.0,"enemies":"Gremlin Nob","floor":7.0,"turns":4.0},{"damage":7.0,"enemies":"Lagavulin","floor":10.0,"turns":7.0},{"damage":3.0,"enemies":"Blue Slaver","floor":14.0,"turns":3.0},{"damage":12.0,"enemies":"The Guardian","floor":16.0,"turns":7.0},{"damage":18.0,"enemies":"2 Thieves","floor":18.0,"turns":3.0},{"damage":18,"enemies":"3 Byrds","floor":19,"turns":5},{"damage":8,"enemies":"Sentry and Sphere","floor":21,"turns":5},{"damage":32,"enemies":"Shelled Parasite and Fungi","floor":22,"turns":5},{"damage":30,"enemies":"Gremlin Leader","floor":24,"turns":6},{"damage":45,"enemies":"Slavers","floor":27,"turns":4},{"damage":0,"enemies":"Snake Plant","floor":28,"turns":3},{"damage":29,"enemies":"Book of Stabbing","floor":30,"turns":5},{"damage":0,"enemies":"3 Cultists","floor":31,"turns":3},{"damage":61,"enemies":"Automaton","floor":33,"turns":8},{"damage":0,"enemies":"Orb Walker","floor":35,"turns":2},{"damage":0,"enemies":"3 Shapes","floor":36,"turns":3},{"damage":28,"enemies":"Jaw Worm Horde","floor":37,"turns":3},{"damage":38,"enemies":"3 Darklings","floor":38,"turns":4},{"damage":39,"enemies":"Spire Growth","floor":39,"turns":4},{"damage":56,"enemies":"Giant Head","floor":40,"turns":9},{"damage":21,"enemies":"Nemesis","floor":42,"turns":7},{"damage":32,"enemies":"Reptomancer","floor":44,"turns":5},{"damage":34,"enemies":"Time Eater","floor":50,"turns":10}],"seed_played":"-9205088821978800821","potions_obtained":[{"floor":1.0,"key":"SteroidPotion"},{"floor":3.0,"key":"Dexterity Potion"},{"floor":4.0,"key":"Block Potion"},{"floor":16.0,"key":"Fire Potion"},{"floor":25,"key":"EntropicBrew"},{"floor":27,"key":"SpeedPotion"},{"floor":30,"key":"EssenceOfSteel"},{"floor":40,"key":"PowerPotion"},{"floor":44,"key":"FocusPotion"}],"is_trial":false,"path_per_floor":["M","M","M","M","M","R","E","?","T","E","R","?","$","M","R","B",null,"M","M","?","M","M","R","E","?","T","E","M","R","E","M","R","B",null,"M","M","M","M","M","E","R","E","T","E","R","$","?","$","R","B",null],"character_chosen":"DEFECT","items_purchased":["Bag of Preparation","Capacitor","Singing Bowl","TheAbacus","Orichalcum","Turbo","Membership Card"],"campfire_rested":1,"item_purchase_floors":[13,46,46,46,46,46,48],"current_hp_per_floor":[82,82,80,70,56,56,34,34,34,41,41,23,23,32,32,39,67,63,59,59,58,59,59,55,55,55,41,41,41,38,64,64,41,67,74,76,62,57,44,34,56,61,61,60,60,60,60,60,60,42],"gold":56,"neow_bonus":"TEN_PERCENT_HP_BONUS","is_daily":false,"chose_seed":false,"campfire_upgraded":8,"win_rate":0.0,"timestamp":1611823124,"path_taken":["M","M","M","M","?","R","E","?","T","E","R","?","$","?","R","BOSS","M","M","?","?","M","R","E","?","T","E","M","R","E","M","R","BOSS","M","M","M","M","?","E","R","E","T","E","R","$","?","?","R","BOSS"],"items_purchased_type":["Relic","Card","Relic","Relic","Relic","Card","Relic"],"build_version":"2020-12-22","purchased_purges":1,"victory":true,"max_hp_per_floor":[82,82,82,82,82,82,82,76,76,76,76,76,76,76,76,76,76,76,76,76,76,76,76,76,76,76,76,76,76,76,76,76,76,76,76,76,76,76,76,76,76,76,76,76,76,76,76,76,76,76],"relic_stats":{"Darkstone Periapt":0,"Singing Bowl":0,"counters":[28,134],"Golden Idol":171,"Dead Branch":[40],"Bag of Preparation":[42],"Orichalcum":[30],"Cables":[90,65,22,1,2],"Centennial Puzzle":[9],"TheAbacus":[12],"Bronze Scales":[212],"Pantograph":28,"Pandora\u0027s Box":["Gash","White Noise","Fusion","Storm","Beam Cell","Self Repair","Tempest"],"Prayer Wheel":0,"Turnip":[0],"obtain_stats":[{"Darkstone Periapt":9,"Singing Bowl":46,"Golden Idol":8,"Dead Branch":30,"Vajra":24,"Bag of Preparation":13,"Orichalcum":46,"Cables":12,"Nuclear Battery":34,"Centennial Puzzle":40,"TheAbacus":46,"Bronze Scales":26,"Pantograph":27,"Pandora\u0027s Box":17,"Prayer Wheel":42,"Turnip":44,"Membership Card":48,"Cracked Core":0,"Toy Ornithopter":7,"Meat on the Bone":10},{"Darkstone Periapt":6,"Singing Bowl":27,"Golden Idol":6,"Dead Branch":17,"Vajra":14,"Bag of Preparation":7,"Orichalcum":27,"Cables":7,"Nuclear Battery":19,"Centennial Puzzle":25,"TheAbacus":27,"Bronze Scales":14,"Pantograph":15,"Pandora\u0027s Box":9,"Prayer Wheel":26,"Turnip":27,"Membership Card":27,"Cracked Core":0,"Toy Ornithopter":6,"Meat on the Bone":7},{"Darkstone Periapt":24,"Singing Bowl":124,"Golden Idol":24,"Dead Branch":76,"Vajra":65,"Bag of Preparation":31,"Orichalcum":124,"Cables":31,"Nuclear Battery":87,"Centennial Puzzle":112,"TheAbacus":124,"Bronze Scales":65,"Pantograph":69,"Pandora\u0027s Box":41,"Prayer Wheel":119,"Turnip":124,"Membership Card":124,"Cracked Core":0,"Toy Ornithopter":24,"Meat on the Bone":31}],"Toy Ornithopter":30,"Meat on the Bone":156},"card_choices":[{"not_picked":["Blizzard","Hologram"],"picked":"Static Discharge","floor":1.0},{"not_picked":["Redo","Undo"],"picked":"Leap","floor":2.0},{"not_picked":["Stack","Heatsinks"],"picked":"Ball Lightning","floor":3.0},{"not_picked":["Barrage","Reinforced Body"],"picked":"Glacier","floor":4.0},{"not_picked":["Leap","Redo"],"picked":"White Noise","floor":5.0},{"not_picked":["All For One","Double Energy"],"picked":"Self Repair","floor":7.0},{"not_picked":["Reprogram","Cold Snap"],"picked":"Consume","floor":10.0},{"not_picked":["Conserve Battery","Coolheaded"],"picked":"Go for the Eyes","floor":14.0},{"not_picked":["Seek","Multi-Cast"],"picked":"Electrodynamics","floor":16.0},{"not_picked":["Redo","Melter"],"picked":"Streamline+1","floor":18.0},{"not_picked":["Steam","Beam Cell+1","Self Repair+1"],"picked":"SKIP","floor":19},{"not_picked":["Leap","Conserve Battery"],"picked":"Coolheaded","floor":21},{"not_picked":["Tempest","Leap"],"picked":"Aggregate+1","floor":22},{"not_picked":["Go for the Eyes","Streamline"],"picked":"Double Energy+1","floor":24},{"not_picked":["Electrodynamics","Heatsinks"],"picked":"Doom and Gloom+1","floor":27},{"not_picked":["Cold Snap","Fusion+1"],"picked":"Auto Shields","floor":28},{"not_picked":["Genetic Algorithm","Rebound"],"picked":"Melter+1","floor":30},{"not_picked":["Stack","Rebound"],"picked":"Coolheaded+1","floor":31},{"not_picked":["Multi-Cast","Machine Learning"],"picked":"Core Surge","floor":33},{"not_picked":["Beam Cell","Redo+1","Gash"],"picked":"SKIP","floor":35},{"not_picked":["Rebound+1","Streamline","Undo"],"picked":"SKIP","floor":36},{"not_picked":["Beam Cell+1","Coolheaded"],"picked":"Conserve Battery","floor":37},{"not_picked":["Gash+1","Recycle","Reprogram"],"picked":"SKIP","floor":38},{"not_picked":["Sunder","Fusion"],"picked":"Go for the Eyes+1","floor":39},{"not_picked":["Darkness","Rainbow","Thunder Strike"],"picked":"SKIP","floor":40},{"not_picked":["Chaos","Beam Cell"],"picked":"Skim","floor":42},{"not_picked":["Doom and Gloom","Go for the Eyes+1","Coolheaded+1"],"picked":"SKIP","floor":44}],"player_experience":332352,"relics_obtained":[{"floor":7.0,"key":"Toy Ornithopter"},{"floor":9.0,"key":"Darkstone Periapt"},{"floor":10.0,"key":"Meat on the Bone"},{"floor":24,"key":"Vajra"},{"floor":26,"key":"Bronze Scales"},{"floor":27,"key":"Pantograph"},{"floor":30,"key":"Dead Branch"},{"floor":40,"key":"Centennial Puzzle"},{"floor":42,"key":"Prayer Wheel"},{"floor":44,"key":"Turnip"}],"event_choices":[{"damage_healed":0.0,"max_hp_gain":0.0,"max_hp_loss":6.0,"gold_gain":0.0,"event_name":"Golden Idol","player_choice":"Lose Max HP","floor":8.0,"gold_loss":0.0,"damage_taken":0.0,"relics_obtained":["Golden Idol"]},{"damage_healed":0.0,"max_hp_gain":0.0,"max_hp_loss":0.0,"gold_gain":0.0,"event_name":"Scrap Ooze","player_choice":"Success","floor":12.0,"gold_loss":0.0,"damage_taken":18.0,"relics_obtained":["Cables"]},{"damage_healed":0,"gold_gain":100,"player_choice":"Bet on Murderer","damage_taken":0,"max_hp_gain":0,"max_hp_loss":0,"event_name":"The Joust","floor":20,"gold_loss":50},{"damage_healed":0,"gold_gain":0,"player_choice":"Got Potions","damage_taken":0,"max_hp_gain":0,"max_hp_loss":0,"event_name":"Lab","floor":25,"gold_loss":0},{"damage_healed":0,"gold_gain":0,"player_choice":"Copied","damage_taken":0,"max_hp_gain":0,"max_hp_loss":0,"event_name":"Duplicator","floor":47,"gold_loss":0,"cards_obtained":["Capacitor"]}],"is_beta":false,"boss_relics":[{"not_picked":["Empty Cage","SacredBark"],"picked":"Pandora\u0027s Box"},{"not_picked":["SlaversCollar","Astrolabe"],"picked":"Nuclear Battery"}],"items_purged_floors":[13],"is_endless":false,"potions_floor_spawned":[1,3,4,16,21,24,27,28,30,35,38,40,44],"ascension_level":5}}