{"host":"sz8c8ni79nvzjmmg","time":1611827609,"event":{"mods":["AchievementEnabler","BaseMod","DeckTracker","Keyboard Shortcuts","Minty Spire (QoL Compilation)","SuperFastMode"],"gold_per_floor":[110,129,129,54,68,79,79,98,147,147,72,72,86,113,113,189,189,189,24,24,24,0,0,0,0,0,0,0,0,0],"floor_reached":29,"language":"KOR","playtime":737,"items_purged":["Strike_R"],"score":434,"play_id":"dbd6b5c1-eb28-4237-8bd8-09ec30c5f12d","local_time":"20210128185329","is_ascension_mode":true,"campfire_choices":[{"data":"Rage","floor":7.0,"key":"SMITH"},{"data":"Flex","floor":10.0,"key":"SMITH"},{"data":"Evolve","floor":12.0,"key":"SMITH"},{"data":"Bash","floor":15.0,"key":"SMITH"},{"floor":23.0,"key":"REST"},{"data":"Havoc","floor":25.0,"key":"SMITH"}],"circlet_count":0,"master_deck":["AscendersBane","Strike_R","Strike_R","Strike_R","Defend_R+1","Defend_R+1","Bash+1","Rage+1","Evolve+1","Flex+1","Limit Break","Dropkick","Dropkick","Havoc+1","Body Slam"],"relics":["Burning Blood","Nunchaku","Ectoplasm","DollysMirror","Darkstone Periapt","Toy Ornithopter"],"acts_visited":["Exordium","TheCity"],"potions_floor_usage":[28],"damage_taken":[{"damage":9.0,"enemies":"Jaw Worm","floor":1.0,"turns":4.0},{"damage":5.0,"enemies":"2 Louse","floor":2.0,"turns":4.0},{"damage":0.0,"enemies":"Small Slimes","floor":5.0,"turns":4.0},{"damage":9.0,"enemies":"Red Slaver","floor":6.0,"turns":5.0},{"damage":8.0,"enemies":"3 Louse","floor":8.0,"turns":5.0},{"damage":5.0,"enemies":"Exordium Wildlife","floor":13.0,"turns":6.0},{"damage":35.0,"enemies":"Hexaghost","floor":16.0,"turns":9.0},{"damage":28.0,"enemies":"Shell Parasite","floor":18.0,"turns":5.0},{"damage":14.0,"enemies":"2 Thieves","floor":22.0,"turns":4.0},{"damage":10.0,"enemies":"Snecko","floor":24.0,"turns":4.0},{"damage":12.0,"enemies":"Snake Plant","floor":27.0,"turns":4.0},{"damage":0,"enemies":"Centurion and Healer","floor":28,"turns":1},{"damage":31,"enemies":"Snecko","floor":29,"turns":3}],"seed_played":"7800223709526221873","potions_obtained":[{"floor":2.0,"key":"ElixirPotion"},{"floor":8.0,"key":"Swift Potion"},{"floor":16.0,"key":"Strength Potion"},{"floor":22.0,"key":"FearPotion"},{"floor":27.0,"key":"SmokeBomb"}],"is_trial":false,"path_per_floor":["M","M","?","$","M","M","R","M","T","R","?","R","M","T","R","B",null,"M","$","?","?","M","R","M","R","T","M","M","M"],"character_chosen":"IRONCLAD","items_purchased":["DollysMirror"],"campfire_rested":1,"item_purchase_floors":[19],"current_hp_per_floor":[65,66,46,46,52,49,49,47,47,47,47,47,48,48,48,19,56,34,34,15,15,7,28,24,24,24,18,29,0,0],"gold":0,"neow_bonus":"REMOVE_TWO","is_daily":false,"chose_seed":false,"campfire_upgraded":5,"win_rate":0.0,"timestamp":1611827609,"path_taken":["M","M","?","$","M","M","R","M","T","R","?","R","M","?","R","BOSS","M","$","?","?","M","R","M","R","T","?","M","M"],"items_purchased_type":["Relic"],"build_version":"2020-12-22","purchased_purges":1,"victory":false,"max_hp_per_floor":[68,68,68,68,68,68,68,68,68,68,68,68,68,68,68,68,68,68,68,73,73,73,73,73,73,73,73,73,73,73],"card_choices":[{"not_picked":["Flex","Twin Strike","Clash"],"picked":"SKIP","floor":1.0},{"not_picked":["True Grit","Blood for Blood"],"picked":"Rage","floor":2.0},{"not_picked":["Bloodletting","Cleave"],"picked":"Evolve","floor":5.0},{"not_picked":["Thunderclap","Clothesline","Armaments"],"picked":"SKIP","floor":6.0},{"not_picked":["Uppercut","Sword Boomerang"],"picked":"Flex","floor":8.0},{"not_picked":["Iron Wave","Shockwave","True Grit"],"picked":"SKIP","floor":13.0},{"not_picked":["Immolate","Corruption"],"picked":"Limit Break","floor":16.0},{"not_picked":["Body Slam","Iron Wave"],"picked":"Dropkick","floor":18.0},{"not_picked":["Dropkick","Second Wind"],"picked":"Havoc","floor":22.0},{"not_picked":["Havoc","Iron Wave","Twin Strike"],"picked":"SKIP","floor":24.0},{"not_picked":["Rage","Twin Strike"],"picked":"Body Slam","floor":27.0}],"player_experience":1238024,"relics_obtained":[{"floor":9.0,"key":"Nunchaku"},{"floor":21.0,"key":"Darkstone Periapt"},{"floor":26.0,"key":"Toy Ornithopter"}],"event_choices":[{"damage_healed":0.0,"max_hp_gain":0.0,"max_hp_loss":0.0,"gold_gain":0.0,"event_name":"Shining Light","player_choice":"Entered Light","floor":3.0,"gold_loss":0.0,"damage_taken":20.0,"cards_upgraded":["Defend_R","Defend_R"]},{"cards_removed":["Defend_R"],"damage_healed":0.0,"max_hp_gain":0.0,"max_hp_loss":0.0,"gold_gain":0.0,"event_name":"The Cleric","player_choice":"Card Removal","floor":11.0,"gold_loss":75.0,"damage_taken":0.0},{"damage_healed":0.0,"max_hp_gain":5.0,"max_hp_loss":0.0,"gold_gain":0.0,"event_name":"Forgotten Altar","player_choice":"Shed Blood","floor":20.0,"gold_loss":0.0,"damage_taken":24.0},{"damage_healed":0.0,"max_hp_gain":0.0,"max_hp_loss":0.0,"gold_gain":0.0,"event_name":"Wheel of Change","player_choice":"Relic","floor":21.0,"gold_loss":0.0,"damage_taken":0.0}],"is_beta":false,"boss_relics":[{"not_picked":["Busted Crown","Velvet Choker"],"picked":"Ectoplasm"}],"items_purged_floors":[4],"is_endless":false,"potions_floor_spawned":[2,8,16,22,27],"killed_by":"Snecko","ascension_level":20}}