{"host":"sian7qp8a9pc9xwd","time":1611827507,"event":{"mods":["BaseMod","Minty Spire (QoL Compilation)","StSLib","SuperFastMode"],"gold_per_floor":[109,120,395,407,424,424,437,463,489,67,67,78,94,114,114,192,192,210,224,1,1,11,39,39,50,50,50,50,63,63,63],"floor_reached":30,"language":"ENG","playtime":1199,"items_purged":["Regret"],"score":435,"play_id":"51685774-4f95-49fa-bead-8a87f7664048","local_time":"20210128045147","is_ascension_mode":true,"campfire_choices":[{"data":"Zap","floor":6,"key":"SMITH"},{"data":"Beam Cell","floor":11,"key":"SMITH"},{"data":"Machine Learning","floor":15,"key":"SMITH"},{"data":"Sunder","floor":24,"key":"SMITH"}],"circlet_count":0,"master_deck":["AscendersBane","Strike_B","Strike_B","Strike_B","Strike_B","Defend_B","Defend_B","Defend_B","Defend_B","Zap+1","Dualcast","Auto Shields","Beam Cell+1","Cold Snap","Sunder+1","Finesse","Coolheaded","Machine Learning+1","Electrodynamics","Blizzard"],"relics":["Cracked Core","Anchor","DataDisk","HornCleat","Busted Crown","Ancient Tea Set","MutagenicStrength","Lantern","Vajra","Nloth\u0027s Gift"],"acts_visited":["Exordium","TheCity"],"potions_floor_usage":[8,13,22,23,30],"damage_taken":[{"damage":1,"enemies":"Cultist","floor":1,"turns":3},{"damage":0,"enemies":"2 Louse","floor":2,"turns":2},{"damage":7,"enemies":"Small Slimes","floor":4,"turns":3},{"damage":0,"enemies":"Looter","floor":5,"turns":3},{"damage":2,"enemies":"3 Louse","floor":7,"turns":3},{"damage":16,"enemies":"Gremlin Nob","floor":8,"turns":4},{"damage":0,"enemies":"Exordium Wildlife","floor":12,"turns":2},{"damage":0,"enemies":"Large Slime","floor":13,"turns":4},{"damage":0,"enemies":"3 Louse","floor":14,"turns":3},{"damage":4,"enemies":"Slime Boss","floor":16,"turns":9},{"damage":2,"enemies":"3 Byrds","floor":18,"turns":5},{"damage":2,"enemies":"2 Thieves","floor":19,"turns":4},{"damage":2,"enemies":"Chosen and Byrds","floor":22,"turns":3},{"damage":34,"enemies":"Gremlin Leader","floor":23,"turns":6},{"damage":1,"enemies":"Snecko","floor":25,"turns":4},{"damage":12,"enemies":"Snake Plant","floor":29,"turns":3},{"damage":15,"enemies":"Book of Stabbing","floor":30,"turns":3}],"seed_played":"2483344671403022610","potions_obtained":[{"floor":2,"key":"Fire Potion"},{"floor":5,"key":"Energy Potion"},{"floor":8,"key":"Weak Potion"},{"floor":14,"key":"Dexterity Potion"},{"floor":16,"key":"EssenceOfSteel"},{"floor":18,"key":"ColorlessPotion"},{"floor":22,"key":"Swift Potion"}],"is_trial":false,"path_per_floor":["M","M","?","M","M","R","M","E","T","$","R","M","M","M","R","B",null,"M","M","$","?","M","E","R","M","T","?","$","M","E"],"character_chosen":"DEFECT","items_purchased":["HornCleat","Finesse","Ancient Tea Set","Blizzard"],"campfire_rested":0,"item_purchase_floors":[10,10,20,20],"current_hp_per_floor":[63,63,63,56,56,56,54,38,38,38,38,38,38,38,38,34,62,60,58,58,58,56,22,22,21,21,21,21,9,0,0],"gold":63,"neow_bonus":"RANDOM_COMMON_RELIC","is_daily":false,"chose_seed":false,"campfire_upgraded":4,"win_rate":0.0,"timestamp":1611827507,"path_taken":["M","M","?","?","M","R","M","E","T","$","R","M","M","M","R","BOSS","M","M","$","?","M","E","R","M","T","?","$","?","E"],"items_purchased_type":["Relic","Card","Relic","Card"],"build_version":"2020-12-22","purchased_purges":1,"victory":false,"max_hp_per_floor":[71,71,71,71,71,71,71,71,71,71,71,71,71,71,71,71,71,71,71,71,71,71,71,71,71,71,71,71,71,71,71],"card_choices":[{"not_picked":["Leap","Turbo","Compile Driver"],"picked":"SKIP","floor":1},{"not_picked":["Redo","Chill"],"picked":"Auto Shields","floor":2},{"not_picked":["Steam","Leap","Stack"],"picked":"SKIP","floor":4},{"not_picked":["Sweeping Beam","Recycle"],"picked":"Beam Cell","floor":5},{"not_picked":["Rebound","Go for the Eyes"],"picked":"Cold Snap","floor":7},{"not_picked":["Hologram","Reprogram"],"picked":"Sunder","floor":8},{"not_picked":["Beam Cell","Sweeping Beam","Hello World"],"picked":"SKIP","floor":12},{"not_picked":["FTL","Storm"],"picked":"Coolheaded","floor":13},{"not_picked":["Redo","Go for the Eyes"],"picked":"Machine Learning","floor":14},{"not_picked":["Fission","Thunder Strike"],"picked":"Electrodynamics","floor":16},{"not_picked":["Darkness+1"],"picked":"SKIP","floor":18},{"not_picked":["Sweeping Beam"],"picked":"SKIP","floor":19},{"not_picked":["Redo"],"picked":"SKIP","floor":22},{"not_picked":["Gash"],"picked":"SKIP","floor":23},{"not_picked":["Tempest"],"picked":"SKIP","floor":25},{"not_picked":["Beam Cell"],"picked":"SKIP","floor":29}],"player_experience":814088,"relics_obtained":[{"floor":8,"key":"DataDisk"},{"floor":9,"key":"Centennial Puzzle"},{"floor":23,"key":"Lantern"},{"floor":26,"key":"Vajra"}],"event_choices":[{"damage_healed":0,"gold_gain":275,"player_choice":"Desecrate","damage_taken":0,"max_hp_gain":0,"max_hp_loss":0,"event_name":"Golden Shrine","floor":3,"gold_loss":0,"cards_obtained":["Regret"]},{"damage_healed":0,"gold_gain":0,"player_choice":"Inject Mutagens","damage_taken":0,"relics_obtained":["MutagenicStrength"],"max_hp_gain":0,"max_hp_loss":0,"event_name":"Drug Dealer","floor":21,"gold_loss":0},{"damage_healed":0,"gold_gain":0,"player_choice":"Traded Relic","damage_taken":0,"relics_obtained":["Nloth\u0027s Gift"],"max_hp_gain":0,"max_hp_loss":0,"event_name":"N\u0027loth","floor":27,"relics_lost":["Centennial Puzzle"],"gold_loss":0}],"is_beta":false,"boss_relics":[{"not_picked":["SlaversCollar","Runic Dome"],"picked":"Busted Crown"}],"items_purged_floors":[10],"is_endless":false,"potions_floor_spawned":[2,5,8,14,16,18,22],"killed_by":"Book of Stabbing","ascension_level":14}}