{"host":"28p8ce41sjwa6lzf","time":1611866956,"event":{"mods":["BaseMod","Bestiary","Colored Map","Colored Powertips","Dark Map","Highlight Path","Minty Spire (QoL Compilation)","Permanent Neow","Quick Restart","Random Character Button","Rare Cards Sparkle","Relic Stats","StSLib","Unceasing Turn Reminder"],"gold_per_floor":[19,36,46,46,65,94,94,114,137,149,0,33,33,33,33,110,110,122,122,122,140,156,156,181,199,199,227,243,243,256,269,269,346,346,363,410,410,428,20,20,38,38,65,65,95,110,143,143,143,143,143,143,143,30,59,59],"floor_reached":57,"language":"ENG","playtime":7108,"items_purged":[],"score":2753,"play_id":"1e92f1c2-3df1-4e17-82d6-5277399726cb","local_time":"20210128144916","is_ascension_mode":true,"campfire_choices":[{"data":"Feed","floor":7.0,"key":"SMITH"},{"floor":13.0,"key":"REST"},{"data":"Inflame","floor":15.0,"key":"SMITH"},{"floor":23.0,"key":"REST"},{"floor":29.0,"key":"REST"},{"floor":32.0,"key":"REST"},{"floor":40.0,"key":"REST"},{"data":"Limit Break","floor":44.0,"key":"SMITH"},{"floor":49.0,"key":"RECALL"},{"data":"Inflame","floor":53,"key":"SMITH"}],"circlet_count":0,"master_deck":["AscendersBane","Bash","Feed","Pommel Strike","Iron Wave","Power Through","Bludgeon+1","Metallicize","Feed+1","Sword Boomerang","Inflame+1","Impervious","Inflame+1","Shrug It Off","Bloodletting","Burning Pact","Impervious","True Grit","Clothesline","Reaper","Twin Strike","Ghostly Armor","True Grit+1","Limit Break+1","Inflame+1","Inflame","Pummel+1","Heavy Blade+1","Flex","Limit Break"],"relics":["Burning Blood","Calipers","PreservedInsect","Runic Pyramid","Bag of Preparation","Toy Ornithopter","Pear","Darkstone Periapt","Pandora\u0027s Box","Bird Faced Urn","Bag of Marbles","MealTicket","Self Forming Clay","Letter Opener","Bottled Tornado"],"acts_visited":["Exordium","TheCity","TheBeyond","TheEnding"],"potions_floor_usage":[51,55,56,56],"damage_taken":[{"damage":6.0,"enemies":"Cultist","floor":1.0,"turns":3.0},{"damage":2.0,"enemies":"2 Louse","floor":2.0,"turns":3.0},{"damage":2.0,"enemies":"Small Slimes","floor":3.0,"turns":3.0},{"damage":10.0,"enemies":"3 Louse","floor":5.0,"turns":5.0},{"damage":52.0,"enemies":"3 Sentries","floor":6.0,"turns":14.0},{"damage":20.0,"enemies":"Gremlin Gang","floor":8.0,"turns":4.0},{"damage":10.0,"enemies":"Blue Slaver","floor":10.0,"turns":6.0},{"damage":8.0,"enemies":"Gremlin Nob","floor":12.0,"turns":3.0},{"damage":62.0,"enemies":"The Guardian","floor":16.0,"turns":8.0},{"damage":40.0,"enemies":"3 Byrds","floor":18.0,"turns":9.0},{"damage":25.0,"enemies":"Spheric Guardian","floor":21.0,"turns":5.0},{"damage":13.0,"enemies":"Chosen and Byrds","floor":22.0,"turns":5.0},{"damage":21.0,"enemies":"Book of Stabbing","floor":24.0,"turns":5.0},{"damage":18.0,"enemies":"Centurion and Healer","floor":25.0,"turns":6.0},{"damage":39.0,"enemies":"Gremlin Leader","floor":27.0,"turns":6.0},{"damage":12.0,"enemies":"Snake Plant","floor":28.0,"turns":5.0},{"damage":22.0,"enemies":"Cultist and Chosen","floor":30.0,"turns":9.0},{"damage":14.0,"enemies":"Centurion and Healer","floor":31.0,"turns":5.0},{"damage":134.0,"enemies":"Champ","floor":33.0,"turns":21.0},{"damage":82.0,"enemies":"3 Darklings","floor":35.0,"turns":10.0},{"damage":73.0,"enemies":"2 Orb Walkers","floor":36.0,"turns":6.0},{"damage":14.0,"enemies":"3 Shapes","floor":38.0,"turns":7.0},{"damage":35.0,"enemies":"Maw","floor":41.0,"turns":9.0},{"damage":71.0,"enemies":"Nemesis","floor":45.0,"turns":9.0},{"damage":87.0,"enemies":"3 Darklings","floor":46.0,"turns":9.0},{"damage":35.0,"enemies":"Reptomancer","floor":47.0,"turns":7.0},{"damage":181.0,"enemies":"Donu and Deca","floor":50.0,"turns":11.0},{"damage":186,"enemies":"Awakened One","floor":51,"turns":11},{"damage":87,"enemies":"Shield and Spear","floor":55,"turns":9},{"damage":174,"enemies":"The Heart","floor":56,"turns":9}],"seed_played":"-1744863528461470638","potions_obtained":[{"floor":2.0,"key":"Swift Potion"},{"floor":3.0,"key":"Fruit Juice"},{"floor":6.0,"key":"FearPotion"},{"floor":10.0,"key":"LiquidBronze"},{"floor":22.0,"key":"BlessingOfTheForge"},{"floor":24.0,"key":"PowerPotion"},{"floor":28.0,"key":"FearPotion"},{"floor":33.0,"key":"FearPotion"},{"floor":37.0,"key":"Regen Potion"},{"floor":37.0,"key":"Fruit Juice"},{"floor":41.0,"key":"ColorlessPotion"},{"floor":46.0,"key":"DistilledChaos"},{"floor":47.0,"key":"ColorlessPotion"},{"floor":55,"key":"DistilledChaos"}],"is_trial":false,"path_per_floor":["M","M","M","?","M","E","R","M","T","M","$","E","R","?","R","B",null,"M","T","?","M","M","R","E","M","T","E","M","R","M","M","R","B",null,"M","?","?","M","$","R","M","?","T","R","E","M","E","?","R","B","B",null,"R","$","E","B",null],"character_chosen":"IRONCLAD","items_purchased":["Fire Potion","SkillPotion","Inflame","Limit Break","Inflame","Bag of Marbles","BloodPotion","BloodPotion"],"campfire_rested":5,"item_purchase_floors":[11,11,11,39,39,39,54,54],"current_hp_per_floor":[71,78,84,84,83,45,45,38,38,38,38,40,73,73,73,21,91,64,64,64,49,45,83,71,66,76,52,46,91,82,86,135,11,130,94,64,64,98,98,154,167,167,167,167,170,163,208,208,208,157,219,219,219,219,217,109],"gold":59,"neow_bonus":"THREE_RARE_CARDS","is_daily":false,"chose_seed":false,"campfire_upgraded":4,"win_rate":0.0,"timestamp":1611866956,"path_taken":["M","M","M","?","M","E","R","M","T","M","?","E","R","?","R","BOSS","M","?","?","M","M","R","E","?","T","E","M","R","M","M","R","BOSS","M","?","?","?","$","R","M","?","T","R","E","?","E","?","R","BOSS","BOSS","R","$","E","BOSS"],"items_purchased_type":["Potion","Potion","Card","Card","Card","Relic","Potion","Potion"],"build_version":"2020-12-22","purchased_purges":0,"victory":true,"max_hp_per_floor":[78,81,84,84,87,95,95,102,102,106,106,110,110,110,110,114,114,121,121,121,125,128,128,131,138,148,152,152,152,159,166,166,170,170,174,181,181,188,188,188,197,197,197,197,201,205,208,208,208,212,219,219,219,219,222,225],"relic_stats":{"Darkstone Periapt":0,"counters":[30,222],"Self Forming Clay":[243],"Bird Faced Urn":[74],"Pandora\u0027s Box":["Feel No Pain","Evolve","Impervious","Searing Blow","Shrug It Off","Juggernaut","Dual Wield","Uppercut","Iron Wave"],"MealTicket":0,"PreservedInsect":281,"Bag of Preparation":[40],"Letter Opener":[64],"obtain_stats":[{"Darkstone Periapt":27,"Calipers":6,"Pear":26,"Self Forming Clay":45,"PreservedInsect":12,"Bag of Preparation":19,"Letter Opener":47,"Bottled Tornado":55,"Burning Blood":0,"Bird Faced Urn":36,"Pandora\u0027s Box":34,"MealTicket":43,"Bag of Marbles":39,"Toy Ornithopter":24,"Runic Pyramid":17},{"Darkstone Periapt":15,"Calipers":5,"Pear":14,"Self Forming Clay":24,"PreservedInsect":8,"Bag of Preparation":10,"Letter Opener":26,"Bottled Tornado":29,"Burning Blood":0,"Bird Faced Urn":21,"Pandora\u0027s Box":19,"MealTicket":23,"Bag of Marbles":22,"Toy Ornithopter":13,"Runic Pyramid":9},{"Darkstone Periapt":85,"Calipers":28,"Pear":79,"Self Forming Clay":166,"PreservedInsect":41,"Bag of Preparation":58,"Letter Opener":182,"Bottled Tornado":213,"Burning Blood":0,"Bird Faced Urn":141,"Pandora\u0027s Box":125,"MealTicket":157,"Bag of Marbles":148,"Toy Ornithopter":73,"Runic Pyramid":49}],"Burning Blood":167,"Toy Ornithopter":47},"card_choices":[{"not_picked":["Exhume","Impervious"],"picked":"Feed","floor":0.0},{"not_picked":["Armaments","Bloodletting"],"picked":"Pommel Strike","floor":1.0},{"not_picked":["Anger","Heavy Blade","Iron Wave"],"picked":"SKIP","floor":2.0},{"not_picked":["Anger","Heavy Blade"],"picked":"Iron Wave","floor":2.0},{"not_picked":["Perfected Strike","Body Slam"],"picked":"Power Through","floor":3.0},{"not_picked":["Clash","Thunderclap"],"picked":"Metallicize","floor":5.0},{"not_picked":["Cleave","Inflame"],"picked":"Feed","floor":6.0},{"not_picked":["Flex","Fire Breathing"],"picked":"Sword Boomerang","floor":8.0},{"not_picked":["Reckless Charge","Fire Breathing","Havoc"],"picked":"SKIP","floor":10.0},{"not_picked":["Rage","Entrench","Searing Blow"],"picked":"SKIP","floor":12.0},{"not_picked":["Demon Form","Feed"],"picked":"Impervious","floor":16.0},{"not_picked":["Dark Embrace","Sword Boomerang"],"picked":"Thunderclap+1","floor":18.0},{"not_picked":["Body Slam","Rage","Armaments"],"picked":"SKIP","floor":21.0},{"not_picked":["Heavy Blade","Feed"],"picked":"Shrug It Off","floor":22.0},{"not_picked":["Sword Boomerang","Headbutt"],"picked":"Bloodletting","floor":24.0},{"not_picked":["Warcry","Havoc"],"picked":"Burning Pact","floor":25.0},{"not_picked":["Thunderclap","Anger"],"picked":"Impervious","floor":27.0},{"not_picked":["Second Wind","Iron Wave"],"picked":"True Grit","floor":28.0},{"not_picked":["Body Slam","Iron Wave+1"],"picked":"Clothesline","floor":30.0},{"not_picked":["Sword Boomerang","Anger","Iron Wave"],"picked":"SKIP","floor":31.0},{"not_picked":["Demon Form","Feed"],"picked":"Reaper","floor":33.0},{"not_picked":["Anger","Heavy Blade"],"picked":"Twin Strike","floor":35.0},{"not_picked":["Wild Strike","Perfected Strike+1"],"picked":"Ghostly Armor","floor":36.0},{"not_picked":["Seeing Red","Sword Boomerang+1"],"picked":"True Grit+1","floor":38.0},{"not_picked":["Feed","Body Slam+1"],"picked":"Inflame","floor":41.0},{"not_picked":["Brutality","Searing Blow+1"],"picked":"Pummel+1","floor":45.0},{"not_picked":["Clothesline+1","Entrench"],"picked":"Heavy Blade+1","floor":46.0},{"not_picked":["True Grit","Body Slam"],"picked":"Flex","floor":47.0},{"not_picked":["Immolate","Warcry"],"picked":"Limit Break","floor":55}],"player_experience":1195237,"relics_obtained":[{"floor":6.0,"key":"Calipers"},{"floor":12.0,"key":"PreservedInsect"},{"floor":19.0,"key":"Bag of Preparation"},{"floor":24.0,"key":"Toy Ornithopter"},{"floor":26.0,"key":"Pear"},{"floor":27.0,"key":"Darkstone Periapt"},{"floor":36.0,"key":"Bird Faced Urn"},{"floor":43.0,"key":"MealTicket"},{"floor":45.0,"key":"Self Forming Clay"},{"floor":47.0,"key":"Letter Opener"},{"floor":55,"key":"Bottled Tornado"}],"event_choices":[{"damage_healed":0.0,"max_hp_gain":0.0,"max_hp_loss":0.0,"gold_gain":0.0,"event_name":"Match and Keep!","player_choice":"1 cards matched","floor":4.0,"gold_loss":0.0,"damage_taken":0.0,"cards_obtained":["Bludgeon"]},{"damage_healed":0.0,"max_hp_gain":0.0,"max_hp_loss":0.0,"gold_gain":0.0,"event_name":"Upgrade Shrine","player_choice":"Upgraded","floor":14.0,"gold_loss":0.0,"damage_taken":0.0,"cards_upgraded":["Bludgeon"]},{"damage_healed":0.0,"max_hp_gain":0.0,"max_hp_loss":0.0,"gold_gain":0.0,"event_name":"Duplicator","player_choice":"Copied","floor":20.0,"gold_loss":0.0,"damage_taken":0.0,"cards_obtained":["Inflame"]},{"damage_healed":0.0,"max_hp_gain":0.0,"max_hp_loss":0.0,"gold_gain":0.0,"event_name":"Mysterious Sphere","player_choice":"Fight","floor":36.0,"gold_loss":0.0,"damage_taken":0.0},{"damage_healed":0.0,"max_hp_gain":0.0,"max_hp_loss":0.0,"gold_gain":0.0,"event_name":"Lab","player_choice":"Got Potions","floor":37.0,"gold_loss":0.0,"damage_taken":0.0},{"damage_healed":0.0,"max_hp_gain":0.0,"max_hp_loss":0.0,"gold_gain":0.0,"event_name":"SecretPortal","player_choice":"Ignored","floor":42.0,"gold_loss":0.0,"damage_taken":0.0},{"cards_removed":["Thunderclap"],"damage_healed":0.0,"max_hp_gain":0.0,"max_hp_loss":0.0,"gold_gain":0.0,"event_name":"Falling","player_choice":"Removed Attack","floor":48.0,"gold_loss":0.0,"damage_taken":0.0}],"is_beta":false,"boss_relics":[{"not_picked":["Busted Crown","Sozu"],"picked":"Runic Pyramid"},{"not_picked":["Runic Cube","Empty Cage"],"picked":"Pandora\u0027s Box"}],"items_purged_floors":[],"is_endless":false,"potions_floor_spawned":[2,3,6,10,22,24,28,33,41,46,47,55],"ascension_level":20}}