{"host":"u1dfzl6o6mfmauc3","time":1611826968,"event":{"mods":["2.2 Compatiblity","AchievementEnabler","BaseMod","Bestiary","Block Reminder","Challenge The Spire","Colored Map","Dark Map","Hermit","Minty Spire (QoL Compilation)","Random Character Button","Rare Cards Sparkle","Relic Stats","Robot Space Explorer","StSLib","The Disciple"],"gold_per_floor":[119,119,130,130,149,149,177,177,28,78,129,129,164,184,201,15,15,111,111,128,128,148,167,177,177,193,193,216,216,236,236,236,268,8,8,104,104,117,135,152,169,18,18,48,48,68,94,94,122,136,156,167,197,197,197,197,197,3,28,28,28],"floor_reached":60,"language":"ENG","playtime":2782,"items_purged":["Strike_P","Strike_P","Strike_P"],"score":950,"play_id":"47e6bbd6-f3d6-4ab5-add0-b6db03d0fe13","local_time":"20210128044248","is_ascension_mode":true,"campfire_choices":[{"data":"Vigilance","floor":6,"key":"SMITH"},{"data":"CutThroughFate","floor":8,"key":"SMITH"},{"data":"LikeWater","floor":12,"key":"SMITH"},{"floor":17,"key":"REST"},{"data":"Discovery","floor":25,"key":"SMITH"},{"data":"Ragnarok","floor":27,"key":"SMITH"},{"data":"Meditate","floor":29,"key":"SMITH"},{"data":"Ragnarok","floor":31,"key":"SMITH"},{"data":"Tantrum","floor":35,"key":"SMITH"},{"data":"DevaForm","floor":43,"key":"SMITH"},{"data":"ThirdEye","floor":45,"key":"SMITH"},{"floor":54,"key":"RECALL"},{"data":"FollowUp","floor":57,"key":"SMITH"}],"circlet_count":0,"master_deck":["Strike_P","Defend_P","Defend_P+1","Defend_P","Defend_P","Eruption","Vigilance+1","EmptyBody+1","Consecrate","ThirdEye+1","FollowUp+1","CutThroughFate+1","LikeWater+1","Meditate+1","Crescendo","EmptyFist","Discovery+1","Ragnarok+1","FearNoEvil","Necronomicurse","Ragnarok+1","SandsOfTime+1","Tantrum+1","DevaForm+1","WheelKick+1"],"relics":["SacredBark","War Paint","Orichalcum","Toy Ornithopter","Boot","Snecko Eye","Necronomicon","Blood Vial","MutagenicStrength","Singing Bowl","Molten Egg 2","Busted Crown","Bronze Scales","Dream Catcher","Nunchaku","Bag of Marbles","Mercury Hourglass","Strawberry"],"acts_visited":["Exordium","TheCity","TheBeyond","TheEnding"],"potions_floor_usage":[18,30,50,55,60,60],"damage_taken":[{"damage":0,"enemies":"Jaw Worm","floor":1,"turns":3},{"damage":0,"enemies":"Small Slimes","floor":3,"turns":3},{"damage":0,"enemies":"Cultist","floor":5,"turns":2},{"damage":26,"enemies":"Gremlin Nob","floor":7,"turns":4},{"damage":9,"enemies":"3 Sentries","floor":13,"turns":8},{"damage":5,"enemies":"Lots of Slimes","floor":14,"turns":4},{"damage":1,"enemies":"Blue Slaver","floor":15,"turns":4},{"damage":9,"enemies":"Hexaghost","floor":18,"turns":14},{"damage":2,"enemies":"2 Thieves","floor":20,"turns":3},{"damage":5,"enemies":"3 Byrds","floor":22,"turns":4},{"damage":13,"enemies":"Centurion and Healer","floor":23,"turns":5},{"damage":0,"enemies":"3 Cultists","floor":24,"turns":3},{"damage":0,"enemies":"Sentry and Sphere","floor":26,"turns":2},{"damage":0,"enemies":"Centurion and Healer","floor":30,"turns":4},{"damage":5,"enemies":"Slavers","floor":33,"turns":2},{"damage":30,"enemies":"Champ","floor":36,"turns":5},{"damage":0,"enemies":"Orb Walker","floor":38,"turns":1},{"damage":5,"enemies":"3 Shapes","floor":39,"turns":1},{"damage":0,"enemies":"Spire Growth","floor":40,"turns":1},{"damage":10,"enemies":"Writhing Mass","floor":41,"turns":2},{"damage":7,"enemies":"Reptomancer","floor":44,"turns":3},{"damage":0,"enemies":"Sphere and 2 Shapes","floor":46,"turns":1},{"damage":3,"enemies":"Nemesis","floor":49,"turns":3},{"damage":22,"enemies":"4 Shapes","floor":50,"turns":6},{"damage":0,"enemies":"Jaw Worm Horde","floor":51,"turns":2},{"damage":0,"enemies":"Transient","floor":52,"turns":6},{"damage":1,"enemies":"Giant Head","floor":53,"turns":5},{"damage":0,"enemies":"Time Eater","floor":55,"turns":4},{"damage":56,"enemies":"Shield and Spear","floor":59,"turns":4},{"damage":68,"enemies":"The Heart","floor":60,"turns":2}],"seed_played":"-9122896423997079233","potions_obtained":[{"floor":3,"key":"Block Potion"},{"floor":7,"key":"Weak Potion"},{"floor":14,"key":"Strength Potion"},{"floor":24,"key":"CultistPotion"},{"floor":36,"key":"Fire Potion"},{"floor":50,"key":"LiquidBronze"},{"floor":51,"key":"Block Potion"}],"is_trial":false,"path_per_floor":["M","?","M","?","M","R","E","R","$","T","T","R","E","M","M","$","R","B",null,"M","?","M","M","M","R","M","R","T","R","M","R","?","E","$","R","B",null,"M","M","M","M","$","R","E","R","M","T","T","E","M","M","M","E","R","B",null,"R","$","E","B"],"character_chosen":"WATCHER","items_purchased":["LikeWater","Discovery","Molten Egg 2","Bronze Scales","WheelKick+1"],"campfire_rested":1,"item_purchase_floors":[9,16,34,42,58],"current_hp_per_floor":[72,77,77,77,77,77,51,51,51,51,51,51,42,37,36,36,59,55,77,75,59,54,41,41,41,41,41,41,41,48,48,48,45,45,45,17,77,79,76,80,74,74,74,71,71,75,75,75,76,63,67,71,74,74,81,99,99,99,52,0,0],"gold":28,"neow_bonus":"BOSS_RELIC","is_daily":false,"chose_seed":false,"campfire_upgraded":11,"win_rate":0.0,"timestamp":1611826968,"path_taken":["M","?","M","?","?","R","E","R","?","T","T","R","E","M","M","$","R","BOSS","M","?","M","M","M","R","M","R","T","R","M","R","?","E","$","R","BOSS","M","M","M","M","$","R","E","R","M","T","T","E","M","M","M","E","R","BOSS","R","$","E","BOSS"],"items_purchased_type":["Card","Card","Relic","Relic","Card"],"build_version":"2020-12-22","purchased_purges":3,"victory":false,"max_hp_per_floor":[72,77,77,77,77,77,77,77,77,77,77,77,77,77,77,77,77,77,77,77,77,77,77,77,77,77,77,77,77,77,77,77,77,77,77,77,77,79,81,83,85,85,85,87,87,89,89,89,91,93,95,97,99,99,99,99,99,99,108,108,108],"relic_stats":{"Singing Bowl":24,"counters":[30,111],"War Paint":["EmptyBody","Defend_P"],"Orichalcum":[162],"Boot":[117],"Mercury Hourglass":[27],"Blood Vial":28,"Dream Catcher":0,"Nunchaku":[9],"Busted Crown":24,"Bronze Scales":[96],"Snecko Eye":[135,109,121,115],"Necronomicon":[47],"obtain_stats":[{"Singing Bowl":33,"SacredBark":0,"War Paint":7,"Orichalcum":10,"Boot":13,"Mercury Hourglass":53,"Blood Vial":28,"Dream Catcher":44,"Nunchaku":47,"Busted Crown":37,"MutagenicStrength":32,"Bronze Scales":42,"Strawberry":59,"Snecko Eye":19,"Molten Egg 2":34,"Necronomicon":21,"Bag of Marbles":49,"PureWater":0,"Toy Ornithopter":11},{"Singing Bowl":15,"SacredBark":0,"War Paint":4,"Orichalcum":4,"Boot":5,"Mercury Hourglass":27,"Blood Vial":13,"Dream Catcher":21,"Nunchaku":22,"Busted Crown":16,"MutagenicStrength":14,"Bronze Scales":20,"Strawberry":29,"Snecko Eye":8,"Molten Egg 2":15,"Necronomicon":9,"Bag of Marbles":23,"PureWater":0,"Toy Ornithopter":4},{"Singing Bowl":65,"SacredBark":0,"War Paint":12,"Orichalcum":12,"Boot":20,"Mercury Hourglass":101,"Blood Vial":59,"Dream Catcher":78,"Nunchaku":79,"Busted Crown":70,"MutagenicStrength":63,"Bronze Scales":75,"Strawberry":109,"Snecko Eye":42,"Molten Egg 2":65,"Necronomicon":45,"Bag of Marbles":82,"PureWater":0,"Toy Ornithopter":12}],"Toy Ornithopter":30},"card_choices":[{"not_picked":["CrushJoints","EmptyFist"],"picked":"EmptyBody","floor":1},{"not_picked":["ReachHeaven","Meditate"],"picked":"Consecrate","floor":3},{"not_picked":["CrushJoints","Halt"],"picked":"FollowUp","floor":5},{"not_picked":["Study","CrushJoints"],"picked":"CutThroughFate","floor":7},{"not_picked":["BowlingBash","ReachHeaven"],"picked":"Meditate","floor":13},{"not_picked":["ThirdEye","FollowUp"],"picked":"Crescendo","floor":14},{"not_picked":["Prostrate","ConjureBlade"],"picked":"EmptyFist","floor":15},{"not_picked":["Blasphemy","ConjureBlade"],"picked":"Ragnarok","floor":18},{"not_picked":["BowlingBash+1","JustLucky+1"],"picked":"FearNoEvil","floor":20},{"not_picked":["MentalFortress","EmptyFist+1","Prostrate"],"picked":"SKIP","floor":22},{"not_picked":["SandsOfTime","SashWhip"],"picked":"Ragnarok","floor":23},{"not_picked":["ThirdEye","Worship","DeceiveReality"],"picked":"SKIP","floor":24},{"not_picked":["Crescendo","FollowUp"],"picked":"SandsOfTime+1","floor":26},{"not_picked":["DeceiveReality","ThirdEye","EmptyFist"],"picked":"SKIP","floor":30},{"not_picked":["FlyingSleeves","Scrawl"],"picked":"Tantrum","floor":33},{"not_picked":["Omniscience","LessonLearned+1"],"picked":"DevaForm","floor":36},{"not_picked":["Protect"],"picked":"Singing Bowl","floor":38},{"not_picked":["Vengeance"],"picked":"Singing Bowl","floor":39},{"not_picked":["Indignation+1"],"picked":"Singing Bowl","floor":40},{"not_picked":["InnerPeace"],"picked":"Singing Bowl","floor":41},{"not_picked":["Collect+1"],"picked":"Singing Bowl","floor":44},{"not_picked":["JustLucky+1"],"picked":"Singing Bowl","floor":46},{"not_picked":["EmptyBody+1"],"picked":"Singing Bowl","floor":49},{"not_picked":["ClearTheMind"],"picked":"Singing Bowl","floor":50},{"not_picked":["Adaptation"],"picked":"Singing Bowl","floor":51},{"not_picked":["FlurryOfBlows+1"],"picked":"Singing Bowl","floor":52},{"not_picked":["FollowUp+1"],"picked":"Singing Bowl","floor":53},{"not_picked":["ConjureBlade"],"picked":"Singing Bowl","floor":59}],"player_experience":185012,"relics_obtained":[{"floor":7,"key":"War Paint"},{"floor":10,"key":"Orichalcum"},{"floor":11,"key":"Toy Ornithopter"},{"floor":13,"key":"Boot"},{"floor":21,"key":"Necronomicon"},{"floor":28,"key":"Blood Vial"},{"floor":33,"key":"Singing Bowl"},{"floor":44,"key":"Dream Catcher"},{"floor":47,"key":"Nunchaku"},{"floor":49,"key":"Bag of Marbles"},{"floor":53,"key":"Mercury Hourglass"},{"floor":59,"key":"Strawberry"}],"event_choices":[{"damage_healed":0,"gold_gain":0,"player_choice":"Donut","damage_taken":0,"max_hp_gain":5,"max_hp_loss":0,"event_name":"Big Fish","floor":2,"gold_loss":0},{"damage_healed":0,"gold_gain":0,"player_choice":"1 cards matched","damage_taken":0,"max_hp_gain":0,"max_hp_loss":0,"event_name":"Match and Keep!","floor":4,"gold_loss":0,"cards_obtained":["ThirdEye"]},{"damage_healed":0,"gold_gain":0,"player_choice":"Obtained Book","damage_taken":16,"max_hp_gain":0,"max_hp_loss":0,"event_name":"Cursed Tome","floor":21,"gold_loss":0},{"damage_healed":0,"gold_gain":0,"player_choice":"Inject Mutagens","damage_taken":0,"relics_obtained":["MutagenicStrength"],"max_hp_gain":0,"max_hp_loss":0,"event_name":"Drug Dealer","floor":32,"gold_loss":0}],"is_beta":false,"boss_relics":[{"not_picked":["Runic Pyramid","Cursed Key"],"picked":"Snecko Eye"},{"not_picked":["VioletLotus","Tiny House"],"picked":"Busted Crown"}],"items_purged_floors":[9,16,58],"is_endless":false,"potions_floor_spawned":[3,7,14,24,26,36,40,44,49,50,51],"killed_by":"The Heart","ascension_level":2}}