{"host":"f7mgfv1rcbv6ir5v","time":1611825000,"event":{"mods":["BaseMod","Bestiary","Colored Map","Colored Powertips","Highlight Path","Minty Spire (QoL Compilation)","Relic Stats","StSLib"],"gold_per_floor":[109,109,109,109,127,127,155,167,167,167,186,199,199,232,232,330,330,346,346,363,363,363,363,390,390,458,109,138,152,152,152,152,254,254,271,21,21,32,32,66,80,94,94,141,141,171,171,197,197,197,197,197,1,31,31,31],"floor_reached":55,"language":"ENG","playtime":7124,"items_purged":["Accuracy+1","Strike_G","Strike_G"],"score":1196,"play_id":"71f8e9b8-507f-4d05-b1c1-bd0a0f7d3586","local_time":"20210128011000","is_ascension_mode":true,"campfire_choices":[{"data":"Backflip","floor":6.0,"key":"SMITH"},{"floor":10.0,"key":"REST"},{"data":"Eviscerate","floor":13.0,"key":"SMITH"},{"data":"Blur","floor":15.0,"key":"SMITH"},{"data":"Adrenaline","floor":23.0,"key":"SMITH"},{"floor":25.0,"key":"REST"},{"data":"Acrobatics","floor":30.0,"key":"SMITH"},{"data":"Ghostly","floor":32.0,"key":"SMITH"},{"data":"Neutralize","floor":47,"key":"SMITH"},{"floor":49,"key":"RECALL"},{"data":"Ghostly","floor":52,"key":"SMITH"}],"circlet_count":0,"master_deck":["Strike_G","Defend_G","Defend_G+1","Defend_G","Defend_G","Survivor+1","Neutralize+1","Backflip+1","Eviscerate+1","Distraction","PiercingWail","Flying Knee","Blur+1","Adrenaline+1","Slice+1","Reflex+1","Acrobatics+1","RitualDagger","Noxious Fumes+1","Adrenaline+1","Quick Slash+1","Ghostly+1","Ghostly","Ghostly","Ghostly","Ghostly+1","Unload","CurseOfTheBell","Acrobatics+1","Footwork+1","Violence","Swift Strike","Deflect+1","Neutralize+1","Well Laid Plans+1","Underhanded Strike"],"relics":["Busted Crown","Bag of Marbles","Darkstone Periapt","War Paint","Mercury Hourglass","Astrolabe","Frozen Egg 2","Pantograph","DollysMirror","Toy Ornithopter","Calling Bell","Tiny Chest","Letter Opener","Calipers","MealTicket","Blood Vial","Snake Skull","Pen Nib","Gremlin Horn","Pear","Ice Cream"],"acts_visited":["Exordium","TheCity","TheBeyond","TheEnding"],"potions_floor_usage":[46,54,54,55],"damage_taken":[{"damage":1.0,"enemies":"Jaw Worm","floor":1.0,"turns":5.0},{"damage":0.0,"enemies":"Small Slimes","floor":5.0,"turns":2.0},{"damage":14.0,"enemies":"3 Sentries","floor":7.0,"turns":13.0},{"damage":0.0,"enemies":"2 Louse","floor":8.0,"turns":2.0},{"damage":0.0,"enemies":"Blue Slaver","floor":11.0,"turns":3.0},{"damage":0.0,"enemies":"2 Fungi Beasts","floor":12.0,"turns":3.0},{"damage":9.0,"enemies":"Gremlin Nob","floor":14.0,"turns":4.0},{"damage":6.0,"enemies":"Hexaghost","floor":16.0,"turns":13.0},{"damage":3.0,"enemies":"2 Thieves","floor":18.0,"turns":2.0},{"damage":0.0,"enemies":"3 Byrds","floor":20.0,"turns":3.0},{"damage":10.0,"enemies":"Slavers","floor":24.0,"turns":6.0},{"damage":10.0,"enemies":"Gremlin Leader","floor":28.0,"turns":8.0},{"damage":0.0,"enemies":"Centurion and Healer","floor":29.0,"turns":3.0},{"damage":33.0,"enemies":"Collector","floor":33.0,"turns":11.0},{"damage":8.0,"enemies":"Orb Walker","floor":35.0,"turns":3.0},{"damage":2.0,"enemies":"3 Shapes","floor":38.0,"turns":4.0},{"damage":2.0,"enemies":"Reptomancer","floor":40.0,"turns":7.0},{"damage":6,"enemies":"Sphere and 2 Shapes","floor":41,"turns":6},{"damage":0,"enemies":"4 Shapes","floor":42,"turns":4},{"damage":0,"enemies":"Giant Head","floor":46,"turns":9},{"damage":0,"enemies":"Nemesis","floor":48,"turns":7},{"damage":40,"enemies":"Awakened One","floor":50,"turns":17},{"damage":0,"enemies":"Shield and Spear","floor":54,"turns":5},{"damage":58,"enemies":"The Heart","floor":55,"turns":8}],"seed_played":"-7722865523084346434","potions_obtained":[{"floor":1.0,"key":"SteroidPotion"},{"floor":8.0,"key":"SpeedPotion"},{"floor":16.0,"key":"Dexterity Potion"},{"floor":20.0,"key":"ColorlessPotion"},{"floor":28.0,"key":"Explosive Potion"},{"floor":38.0,"key":"LiquidMemories"},{"floor":41,"key":"LiquidMemories"},{"floor":46,"key":"Explosive Potion"},{"floor":48,"key":"AttackPotion"}],"is_trial":false,"path_per_floor":["M","?","?","T","M","R","E","M","T","R","M","M","R","E","R","B",null,"M","?","M","?","?","R","E","R","T","$","E","M","R","?","R","B",null,"M","$","?","M","?","E","M","M","T","T","?","E","R","E","R","B",null,"R","$","E","B"],"character_chosen":"THE_SILENT","items_purchased":["Noxious Fumes+1","DollysMirror","Swift Potion","Footwork+1","LiquidMemories","Well Laid Plans+1"],"campfire_rested":2,"item_purchase_floors":[27,27,27,36,36,53],"current_hp_per_floor":[62,55,55,55,55,55,41,41,41,62,62,62,62,53,53,47,64,61,61,61,61,55,55,45,66,66,66,56,56,56,35,35,12,35,27,27,17,15,15,13,9,11,11,11,11,18,18,30,30,11,41,41,51,51,0,0],"gold":31,"neow_bonus":"BOSS_RELIC","is_daily":false,"chose_seed":false,"campfire_upgraded":8,"win_rate":0.0,"timestamp":1611825000,"path_taken":["M","?","?","?","M","R","E","?","T","R","M","M","R","E","R","BOSS","M","?","M","?","?","R","E","R","T","$","E","M","R","?","R","BOSS","M","$","?","M","?","E","?","M","T","?","?","E","R","E","R","BOSS","R","$","E","BOSS"],"items_purchased_type":["Card","Relic","Potion","Card","Potion","Card"],"build_version":"2020-12-22","purchased_purges":3,"victory":false,"max_hp_per_floor":[70,70,70,70,70,70,70,70,70,70,70,70,70,70,70,70,70,70,70,70,70,70,70,70,70,70,70,70,70,70,35,35,35,41,41,41,41,41,41,41,41,41,41,41,41,41,41,51,51,51,51,51,51,51,51,51],"relic_stats":{"Darkstone Periapt":6,"Gremlin Horn":[4,4],"counters":[24,147],"Astrolabe":["Slice","Accuracy","Reflex"],"Snake Skull":[38],"Pen Nib":[12],"Letter Opener":[307],"War Paint":["Survivor","Defend_G"],"Mercury Hourglass":[478],"Blood Vial":10,"Busted Crown":54,"Pantograph":19,"Tiny Chest":1,"MealTicket":10,"obtain_stats":[{"Darkstone Periapt":4,"Ice Cream":54,"Calipers":34,"Pear":48,"Gremlin Horn":46,"Astrolabe":17,"Snake Skull":43,"Pen Nib":44,"Letter Opener":34,"War Paint":7,"Frozen Egg 2":24,"Mercury Hourglass":14,"Calling Bell":34,"Blood Vial":40,"Busted Crown":0,"DollysMirror":27,"Pantograph":26,"Tiny Chest":34,"MealTicket":39,"Bag of Marbles":2,"Toy Ornithopter":28,"Ring of the Snake":0},{"Darkstone Periapt":1,"Ice Cream":23,"Calipers":14,"Pear":21,"Gremlin Horn":20,"Astrolabe":8,"Snake Skull":19,"Pen Nib":19,"Letter Opener":14,"War Paint":3,"Frozen Egg 2":11,"Mercury Hourglass":7,"Calling Bell":14,"Blood Vial":17,"Busted Crown":0,"DollysMirror":11,"Pantograph":11,"Tiny Chest":14,"MealTicket":16,"Bag of Marbles":1,"Toy Ornithopter":12,"Ring of the Snake":0},{"Darkstone Periapt":5,"Ice Cream":139,"Calipers":77,"Pear":117,"Gremlin Horn":110,"Astrolabe":45,"Snake Skull":101,"Pen Nib":101,"Letter Opener":77,"War Paint":20,"Frozen Egg 2":55,"Mercury Hourglass":32,"Calling Bell":77,"Blood Vial":91,"Busted Crown":0,"DollysMirror":55,"Pantograph":55,"Tiny Chest":77,"MealTicket":84,"Bag of Marbles":5,"Toy Ornithopter":63,"Ring of the Snake":0}],"Toy Ornithopter":20},"card_choices":[{"not_picked":["Tactician"],"picked":"SKIP","floor":1.0},{"not_picked":[],"picked":"Backflip","floor":5.0},{"not_picked":[],"picked":"Eviscerate","floor":7.0},{"not_picked":[],"picked":"Distraction","floor":8.0},{"not_picked":[],"picked":"PiercingWail","floor":11.0},{"not_picked":[],"picked":"Flying Knee","floor":12.0},{"not_picked":[],"picked":"Blur","floor":14.0},{"not_picked":[],"picked":"Adrenaline","floor":16.0},{"not_picked":["Bane"],"picked":"SKIP","floor":18.0},{"not_picked":["Deadly Poison"],"picked":"SKIP","floor":20.0},{"not_picked":["Underhanded Strike"],"picked":"SKIP","floor":24.0},{"not_picked":[],"picked":"Quick Slash+1","floor":28.0},{"not_picked":["Bouncing Flask"],"picked":"SKIP","floor":29.0},{"not_picked":[],"picked":"Unload","floor":33.0},{"not_picked":[],"picked":"Acrobatics+1","floor":35.0},{"not_picked":[],"picked":"Violence","floor":37.0},{"not_picked":[],"picked":"Swift Strike","floor":37.0},{"not_picked":["Backflip"],"picked":"SKIP","floor":38.0},{"not_picked":["Riddle With Holes+1"],"picked":"SKIP","floor":40},{"not_picked":[],"picked":"Deflect+1","floor":41},{"not_picked":["Bane+1"],"picked":"SKIP","floor":42},{"not_picked":["All Out Attack"],"picked":"SKIP","floor":46},{"not_picked":["Sucker Punch"],"picked":"SKIP","floor":48},{"not_picked":[],"picked":"Underhanded Strike","floor":54}],"player_experience":384099,"relics_obtained":[{"floor":4.0,"key":"Darkstone Periapt"},{"floor":7.0,"key":"War Paint"},{"floor":14.0,"key":"Mercury Hourglass"},{"floor":24.0,"key":"Frozen Egg 2"},{"floor":26.0,"key":"Pantograph"},{"floor":28.0,"key":"Toy Ornithopter"},{"floor":34.0,"key":"Tiny Chest"},{"floor":34.0,"key":"Letter Opener"},{"floor":34.0,"key":"Calipers"},{"floor":40,"key":"Blood Vial"},{"floor":43,"key":"Snake Skull"},{"floor":44,"key":"Pen Nib"},{"floor":46,"key":"Gremlin Horn"},{"floor":48,"key":"Pear"},{"floor":54,"key":"Ice Cream"}],"event_choices":[{"damage_healed":0.0,"max_hp_gain":0.0,"max_hp_loss":0.0,"gold_gain":0.0,"event_name":"Scrap Ooze","player_choice":"Success","floor":2.0,"gold_loss":0.0,"damage_taken":7.0,"relics_obtained":["Bag of Marbles"]},{"damage_healed":0.0,"max_hp_gain":0.0,"max_hp_loss":0.0,"gold_gain":0.0,"event_name":"Living Wall","player_choice":"Grow","floor":3.0,"gold_loss":0.0,"damage_taken":0.0,"cards_upgraded":["Neutralize"]},{"damage_healed":0.0,"max_hp_gain":0.0,"max_hp_loss":0.0,"gold_gain":0.0,"event_name":"The Library","player_choice":"Read","floor":19.0,"gold_loss":0.0,"damage_taken":0.0,"cards_obtained":["Acrobatics"]},{"damage_healed":0.0,"max_hp_gain":0.0,"max_hp_loss":0.0,"gold_gain":0.0,"event_name":"Vampires","player_choice":"Ignored","floor":21.0,"gold_loss":0.0,"damage_taken":0.0},{"damage_healed":0.0,"max_hp_gain":0.0,"max_hp_loss":0.0,"gold_gain":0.0,"event_name":"Nest","player_choice":"Joined the Cult","floor":22.0,"gold_loss":0.0,"damage_taken":6.0,"cards_obtained":["RitualDagger"]},{"damage_healed":0.0,"max_hp_gain":0.0,"max_hp_loss":35.0,"gold_gain":0.0,"event_name":"Ghosts","player_choice":"Became a Ghost","floor":31.0,"gold_loss":0.0,"damage_taken":0.0,"cards_obtained":["Ghostly","Ghostly","Ghostly","Ghostly","Ghostly"]},{"damage_healed":0.0,"max_hp_gain":0.0,"max_hp_loss":0.0,"gold_gain":0.0,"event_name":"SensoryStone","player_choice":"Memory 3","floor":37.0,"gold_loss":0.0,"damage_taken":10.0},{"damage_healed":0.0,"max_hp_gain":0.0,"max_hp_loss":0.0,"gold_gain":0.0,"event_name":"WeMeetAgain","player_choice":"Gave Potion","floor":39.0,"gold_loss":0.0,"damage_taken":0.0,"relics_obtained":["MealTicket"]},{"damage_healed":0,"gold_gain":0,"player_choice":"1 cards matched","damage_taken":0,"max_hp_gain":0,"max_hp_loss":0,"event_name":"Match and Keep!","floor":45,"gold_loss":0,"cards_obtained":["Neutralize"]}],"is_beta":false,"boss_relics":[{"not_picked":["Sozu","Tiny House"],"picked":"Astrolabe"},{"not_picked":["Philosopher\u0027s Stone","SacredBark"],"picked":"Calling Bell"}],"items_purged_floors":[27,36,53],"is_endless":false,"potions_floor_spawned":[1,8,16,20,28,38,41,46,48],"killed_by":"The Heart","ascension_level":7}}