{"host":"v3oldak69fx1zt0p","time":1611793592,"event":{"mods":["BaseMod","Downfall","Hermit","Minty Spire (QoL Compilation)","Quick Restart","StSLib","Waifu the Spire","noobMod"],"gold_per_floor":[99,114,130,130,580,480,480,495,508,537,551,561,577,14,33,136,136,36,47,47,61,80,97,97,114,114,14,25,10,24,37,56,151,151,151,169,169,169,185,185,185,26,39,64,64,92,112,131,151,151,151,176,22,22,22,22],"floor_reached":57,"language":"ENG","playtime":4251,"items_purged":["bronze:Strike"],"score":1296,"play_id":"77a3f0c3-5348-4375-b972-1342b57fd74a","local_time":"20210127182632","is_ascension_mode":true,"campfire_choices":[{"data":"bronze:ClassDefault","floor":1,"key":"SMITH"},{"data":"bronze:GetLatest","floor":6,"key":"SMITH"},{"floor":18,"key":"RECALL"},{"floor":27,"key":"REST"},{"data":"bronze:AlphaBuild","floor":35,"key":"SMITH"},{"data":"bronze:ItsAFeature","floor":40,"key":"SMITH"},{"floor":45,"key":"REST"},{"floor":54,"key":"REST"}],"circlet_count":0,"master_deck":["bronze:Strike","bronze:Strike","bronze:Defend","bronze:Defend","bronze:Defend+1","bronze:Defend","bronze:Replicate","bronze:Goto","bronze:ClassDefault+1","bronze:BronzeOrb","bronze:GetLatest+1","downfall:Icky","downfall:Icky","downfall:Icky","bronze:Shield","bronze:Terminator","bronze:Boost","bronze:Constructor","bronze:DelayedSlice","bronze:ItsAFeature+1","bronze:Separator","bronze:ItsAFeature","bronze:BuggyMess","bronze:WildBeam","bronze:Virus","bronze:Optimize","Writhe","bronze:Frontload+1","bronze:MaxOutput+1","bronze:BronzeOrb+1","bronze:Separator+1","bronze:WhirlingStrike","bronze:BuggyMess","bronze:GetLatest+1","bronze:BugBarrage","bronze:BitShift+1","bronze:Mutator","bronze:AlphaBuild+1","bronze:ItsAFeature+1","bronze:OilSpill+1","Mind Blast","bronze:ClassDefault","bronze:BitShift","bronze:Boost+1","bronze:CloningBeam+1","bronze:DigitalCarnage+1"],"relics":["bronze:PlatinumCore","ice","downfall:HeartBlessingBlue","Question Card","Meat on the Bone","Mercury Hourglass","Black Star","downfall:HeartBlessingGreen","Sundial","Torii","downfall:HeartBlessingRed","bronze:BottledCode","Mummified Hand","ClockworkSouvenir","Shuriken","bronze:ProtectiveGoggles","War Paint","Dream Catcher","Vajra","bronze:SilverBullet","bronze:CableSpool","Nunchaku"],"acts_visited":["Exordium","TheCity","TheBeyond","TheEnding"],"potions_floor_usage":[9,14,16,21,31,32,39,39,42,44,48,49,50],"damage_taken":[{"damage":5,"enemies":"Cultist","floor":2,"turns":4},{"damage":0,"enemies":"2 Louse","floor":3,"turns":2},{"damage":4,"enemies":"Small Slimes","floor":8,"turns":3},{"damage":14,"enemies":"Gremlin Gang","floor":9,"turns":5},{"damage":60,"enemies":"Gremlin Nob","floor":10,"turns":7},{"damage":3,"enemies":"Exordium Wildlife","floor":11,"turns":3},{"damage":11,"enemies":"Lots of Slimes","floor":12,"turns":6},{"damage":0,"enemies":"3 Louse","floor":13,"turns":1},{"damage":10,"enemies":"downfall:FleeingMerchant","floor":14,"turns":4},{"damage":0,"enemies":"2 Fungi Beasts","floor":15,"turns":2},{"damage":8,"enemies":"IC_STATUS_ARCHETYPE","floor":16,"turns":9},{"damage":22,"enemies":"Spheric Guardian","floor":19,"turns":4},{"damage":2,"enemies":"Cultist and Chosen","floor":21,"turns":3},{"damage":17,"enemies":"Centurion and Healer","floor":22,"turns":6},{"damage":15,"enemies":"Snecko","floor":23,"turns":4},{"damage":11,"enemies":"Shelled Parasite and Fungi","floor":25,"turns":4},{"damage":0,"enemies":"3 Cultists","floor":28,"turns":6},{"damage":2,"enemies":"downfall:FleeingMerchant","floor":29,"turns":4},{"damage":1,"enemies":"Snake Plant","floor":30,"turns":3},{"damage":2,"enemies":"Snecko","floor":31,"turns":5},{"damage":19,"enemies":"Centurion and Healer","floor":32,"turns":5},{"damage":44,"enemies":"SI_MIRROR_ARCHETYPE","floor":33,"turns":7},{"damage":0,"enemies":"3 Shapes","floor":36,"turns":4},{"damage":0,"enemies":"3 Darklings","floor":39,"turns":2},{"damage":0,"enemies":"downfall:FleeingMerchant","floor":42,"turns":3},{"damage":17,"enemies":"Maw","floor":43,"turns":6},{"damage":11,"enemies":"Reptomancer","floor":44,"turns":4},{"damage":45,"enemies":"Nemesis","floor":46,"turns":5},{"damage":10,"enemies":"Writhing Mass","floor":47,"turns":3},{"damage":20,"enemies":"4 Shapes","floor":48,"turns":3},{"damage":3,"enemies":"Sphere and 2 Shapes","floor":49,"turns":3},{"damage":102,"enemies":"WA_ARCHETYPE_DIVINITY","floor":50,"turns":11},{"damage":131,"enemies":"downfall:CharBossMerchant","floor":52,"turns":8},{"damage":123,"enemies":"downfall:NeowBoss","floor":55,"turns":20},{"damage":1,"enemies":"downfall:NeowBossFinal","floor":56,"turns":5}],"seed_played":"8373433971089626372","potions_obtained":[{"floor":2,"key":"Guardian:BlockOnCardUsePotion"},{"floor":8,"key":"Strength Potion"},{"floor":9,"key":"Dexterity Potion"},{"floor":15,"key":"FairyPotion"},{"floor":19,"key":"Explosive Potion"},{"floor":30,"key":"DistilledChaos"},{"floor":31,"key":"DistilledChaos"},{"floor":33,"key":"PowerPotion"},{"floor":36,"key":"DuplicationPotion"},{"floor":39,"key":"LiquidMemories"},{"floor":43,"key":"Weak Potion"},{"floor":46,"key":"bronze:CleanCodePotion"},{"floor":48,"key":"Explosive Potion"},{"floor":49,"key":"Regen Potion"}],"is_trial":false,"path_per_floor":["R","M","M","T","?","R","T","M","M","E","M","M","M","$","M","B",null,"R","M","?","M","M","M","T","M","?","R","M","$","M","M","M","B",null,"R","M","?","?","M","R","T","$","M","E","R","E","M","M","M","B",null,"E","$","R","B","B",null],"character_chosen":"THE_AUTOMATON","items_purchased":["Mercury Hourglass","bronze:ItsAFeature","bronze:BuggyMess","Slimebound:ThreeZeroPotion","Mind Blast","ClockworkSouvenir","Shuriken","Nunchaku"],"campfire_rested":3,"item_purchase_floors":[14,14,14,14,42,42,42,53],"current_hp_per_floor":[70,65,65,65,65,75,75,71,57,65,62,51,51,53,53,57,110,110,88,88,86,69,66,66,67,67,105,105,103,102,100,81,49,160,160,160,160,151,151,151,151,151,134,123,166,121,111,91,100,25,196,77,77,137,223,222],"gold":22,"neow_bonus":"THREE_CARDS","is_daily":false,"chose_seed":false,"campfire_upgraded":4,"win_rate":0.0,"timestamp":1611793592,"path_taken":["R","M","M","?","?","R","T","M","M","E","M","M","M","$","M","BOSS","R","M","?","M","M","M","T","M","?","R","M","$","M","?","M","BOSS","R","M","?","?","M","R","T","$","M","E","R","E","M","M","M","BOSS","E","$","R","BOSS","BOSS"],"items_purchased_type":["Relic","Card","Card","Potion","Card","Relic","Relic","Relic"],"build_version":"2020-12-22","purchased_purges":1,"victory":true,"max_hp_per_floor":[70,70,70,70,70,80,80,80,80,81,83,97,97,102,102,110,110,110,113,113,115,120,122,122,127,127,127,132,137,140,143,149,160,160,160,161,161,151,153,153,153,158,162,166,166,170,172,179,183,196,196,203,203,203,228,232],"card_choices":[{"not_picked":["bronze:Frontload","bronze:Turbo"],"picked":"bronze:ClassDefault","floor":0},{"not_picked":["bronze:Philosophize","bronze:FineTuning"],"picked":"bronze:BronzeOrb","floor":2},{"not_picked":["bronze:ClassDefault","bronze:Iterate"],"picked":"bronze:GetLatest","floor":3},{"not_picked":["bronze:Branch","bronze:BuggyMess","bronze:MaxOutput"],"picked":"bronze:Shield","floor":8},{"not_picked":["bronze:Shield","bronze:Branch","bronze:Boost"],"picked":"bronze:Terminator","floor":9},{"not_picked":["bronze:WhirlingStrike","bronze:Invalidate","bronze:Fortify"],"picked":"bronze:Boost","floor":10},{"not_picked":["bronze:BuggyMess","bronze:Safeguard","bronze:BugBarrage"],"picked":"bronze:Constructor","floor":11},{"not_picked":["bronze:Frontload","bronze:Deprecate","bronze:Invalidate"],"picked":"bronze:DelayedSlice","floor":12},{"not_picked":["bronze:Overload","bronze:Iterate","bronze:HyperBeam"],"picked":"bronze:ItsAFeature","floor":13},{"not_picked":["bronze:BronzeOrb","bronze:Repulsor","bronze:Format"],"picked":"bronze:Separator","floor":14},{"not_picked":["bronze:WhirlingStrike","bronze:Shield","bronze:Branch"],"picked":"bronze:WildBeam","floor":15},{"not_picked":["bronze:Break","bronze:ShipIt","bronze:RecursiveStrike"],"picked":"bronze:Virus","floor":16},{"not_picked":["bronze:Invalidate","bronze:Overheat","bronze:Constructor"],"picked":"bronze:Optimize","floor":19},{"not_picked":["bronze:Overheat","bronze:FineTuning","bronze:NullPointer"],"picked":"bronze:Frontload+1","floor":21},{"not_picked":["bronze:ClassDefault","bronze:OilSpill","bronze:Assembly"],"picked":"bronze:MaxOutput+1","floor":22},{"not_picked":["bronze:OilSpill","bronze:Frontload","bronze:FineTuning"],"picked":"bronze:BronzeOrb+1","floor":23},{"not_picked":["bronze:FineTuning","bronze:BugBarrage","bronze:WhirlingStrike"],"picked":"bronze:Separator+1","floor":25},{"not_picked":["bronze:Repair","bronze:Constructor","bronze:Invalidate+1"],"picked":"bronze:BuggyMess","floor":28},{"not_picked":["bronze:Turbo","bronze:Return","bronze:Philosophize"],"picked":"bronze:GetLatest+1","floor":29},{"not_picked":["bronze:Overheat+1","bronze:Philosophize","bronze:NullPointer+1"],"picked":"bronze:BugBarrage","floor":30},{"not_picked":["bronze:Iterate+1","bronze:Constructor","bronze:Fortify"],"picked":"bronze:BitShift","floor":31},{"not_picked":["bronze:Flail","bronze:Shield+1","bronze:WhirlingStrike"],"picked":"bronze:Mutator","floor":32},{"not_picked":["bronze:SpaghettiCode","bronze:ThunderWave","bronze:CleanCode"],"picked":"bronze:AlphaBuild","floor":33},{"not_picked":["bronze:CutThrough","bronze:BugBarrage","bronze:Separator","bronze:FineTuning+1"],"picked":"SKIP","floor":36},{"not_picked":["bronze:Repulsor+1","bronze:Frontload+1","bronze:BugBarrage"],"picked":"bronze:ItsAFeature+1","floor":39},{"not_picked":["bronze:Deprecate+1","bronze:Invalidate","bronze:BitShift"],"picked":"bronze:OilSpill+1","floor":42},{"not_picked":["bronze:ForLoop","bronze:Deprecate","bronze:Turbo","bronze:MaxOutput"],"picked":"SKIP","floor":43},{"not_picked":["bronze:HardenedForm","bronze:DelayedGuard+1","bronze:Flail","bronze:MaxOutput"],"picked":"SKIP","floor":44},{"not_picked":["bronze:Iterate","bronze:FollowUp+1","bronze:Separator+1"],"picked":"bronze:ClassDefault","floor":46},{"not_picked":["bronze:FineTuning+1","bronze:DelayedSlice","bronze:Break"],"picked":"bronze:BitShift","floor":47},{"not_picked":["bronze:Overheat+1","bronze:Invalidate+1","bronze:CutThrough+1"],"picked":"bronze:Boost+1","floor":48},{"not_picked":["bronze:ClassDefault+1","bronze:Turbo+1","bronze:GetLatest"],"picked":"bronze:CloningBeam+1","floor":49},{"not_picked":["bronze:Branch","bronze:BronzeOrb+1","bronze:BugBarrage"],"picked":"bronze:DigitalCarnage+1","floor":52}],"player_experience":148096,"relics_obtained":[{"floor":7,"key":"Question Card"},{"floor":10,"key":"Meat on the Bone"},{"floor":24,"key":"Torii"},{"floor":41,"key":"Mummified Hand"},{"floor":44,"key":"bronze:ProtectiveGoggles"},{"floor":44,"key":"War Paint"},{"floor":46,"key":"Dream Catcher"},{"floor":46,"key":"Vajra"},{"floor":52,"key":"bronze:SilverBullet"},{"floor":52,"key":"bronze:CableSpool"}],"event_choices":[],"is_beta":false,"boss_relics":[{"not_picked":["Astrolabe","SlaversCollar"],"picked":"Black Star"},{"not_picked":["Coffee Dripper","Busted Crown"],"picked":"bronze:PlatinumCore"}],"items_purged_floors":[14],"is_endless":false,"potions_floor_spawned":[2,8,9,15,19,23,30,31,33,36,39,43,46,48,49],"ascension_level":1}}