{"host":"ELF","time":1611829263,"event":{"mods":["BaseMod","Bestiary","Minty Spire (QoL Compilation)","Relic Stats","Slay the Relics Exporter"],"gold_per_floor":[114,114,61,76,50,81,81,107,107,107,123,180,206,226,226,226,226],"floor_reached":16,"language":"ENG","playtime":578,"items_purged":[],"score":279,"play_id":"b1dd6d8b-f3b7-4ebe-9b09-63af36e96cc5","local_time":"20210128042102","is_ascension_mode":true,"campfire_choices":[{"data":"Carnage","floor":7.0,"key":"SMITH"},{"floor":10.0,"key":"REST"},{"data":"Bash","floor":15.0,"key":"SMITH"}],"circlet_count":0,"master_deck":["AscendersBane","Strike_R","Strike_R","Strike_R","Strike_R","Strike_R","Defend_R","Defend_R","Defend_R","Defend_R","Bash+1","Combust+1","Shrug It Off","Shrug It Off","Carnage+1","Wild Strike","Shrug It Off","Corruption","Wild Strike"],"relics":["Burning Blood","NeowsBlessing","Darkstone Periapt","Dead Branch","Blue Candle"],"acts_visited":["Exordium"],"potions_floor_usage":[16],"damage_taken":[{"damage":0.0,"enemies":"Cultist","floor":1.0,"turns":1.0},{"damage":0.0,"enemies":"Jaw Worm","floor":4.0,"turns":1.0},{"damage":0.0,"enemies":"3 Sentries","floor":6.0,"turns":2.0},{"damage":34.0,"enemies":"Gremlin Nob","floor":8.0,"turns":4.0},{"damage":3.0,"enemies":"2 Louse","floor":11.0,"turns":2.0},{"damage":35.0,"enemies":"Lagavulin","floor":13.0,"turns":4.0},{"damage":6.0,"enemies":"Exordium Wildlife","floor":14.0,"turns":4.0},{"damage":48,"enemies":"Hexaghost","floor":16,"turns":7}],"seed_played":"-7373845936804776226","potions_obtained":[{"floor":1.0,"key":"Explosive Potion"},{"floor":13.0,"key":"AttackPotion"}],"is_trial":false,"path_per_floor":["M","?","$","M","$","E","R","E","T","R","M","?","E","M","R","B"],"character_chosen":"IRONCLAD","items_purchased":["Shrug It Off","Shrug It Off"],"campfire_rested":1,"item_purchase_floors":[3,5],"current_hp_per_floor":[74,74,74,75,75,75,75,47,47,69,72,72,43,43,43,0,0],"gold":226,"neow_bonus":"THREE_ENEMY_KILL","is_daily":false,"chose_seed":false,"campfire_upgraded":2,"win_rate":0.0,"timestamp":1611829262,"path_taken":["M","?","$","M","$","E","R","E","T","R","M","?","E","M","R","BOSS"],"items_purchased_type":["Card","Card"],"build_version":"2020-12-18","purchased_purges":0,"victory":false,"max_hp_per_floor":[75,75,75,75,75,75,75,75,75,75,75,75,75,75,75,75,75],"relic_stats":{"Darkstone Periapt":0,"counters":[8,25],"Dead Branch":[7],"Blue Candle":[0],"obtain_stats":[{"Darkstone Periapt":6,"NeowsBlessing":0,"Dead Branch":8,"Blue Candle":13,"Burning Blood":0},{"Darkstone Periapt":3,"NeowsBlessing":0,"Dead Branch":4,"Blue Candle":6,"Burning Blood":0},{"Darkstone Periapt":4,"NeowsBlessing":0,"Dead Branch":8,"Blue Candle":14,"Burning Blood":0}],"Burning Blood":31},"card_choices":[{"not_picked":["Anger","Spot Weakness"],"picked":"Combust","floor":1.0},{"not_picked":["Heavy Blade","Searing Blow","Body Slam"],"picked":"SKIP","floor":4.0},{"not_picked":["Sentinel","Battle Trance"],"picked":"Carnage","floor":6.0},{"not_picked":["Flex","Anger"],"picked":"Wild Strike","floor":8.0},{"not_picked":["Headbutt","Body Slam"],"picked":"Shrug It Off","floor":11.0},{"not_picked":["Wild Strike","Havoc"],"picked":"Corruption","floor":13.0},{"not_picked":["Pommel Strike","Heavy Blade"],"picked":"Wild Strike","floor":14.0}],"player_experience":3334941,"relics_obtained":[{"floor":6.0,"key":"Darkstone Periapt"},{"floor":8.0,"key":"Dead Branch"},{"floor":13.0,"key":"Blue Candle"}],"event_choices":[{"damage_healed":0.0,"max_hp_gain":0.0,"max_hp_loss":0.0,"gold_gain":0.0,"event_name":"Living Wall","player_choice":"Grow","floor":2.0,"gold_loss":0.0,"damage_taken":0.0,"cards_upgraded":["Combust"]},{"damage_healed":0.0,"max_hp_gain":0.0,"max_hp_loss":0.0,"gold_gain":57.0,"event_name":"Golden Wing","player_choice":"Gained Gold","floor":12.0,"gold_loss":0.0,"damage_taken":0.0}],"is_beta":true,"boss_relics":[],"items_purged_floors":[],"is_endless":false,"potions_floor_spawned":[1,13],"killed_by":"Hexaghost","ascension_level":19}}