{"host":"a4ifeplrx8vfq4u5","time":1611856746,"event":{"mods":["BaseMod","Beaked The Cultist","Better Third Choice","Colored Map","Conspire","Downfall","Marisa????????","Minty Spire (QoL Compilation)","Random Character Button","Rare Cards Sparkle","Replay The Spire","StSLib","The Servant 0.9.4"],"gold_per_floor":[114,214,139,155,167,167,180,180,180,214,214,233,246,266,266,361,361,373,373,273,292,292,292,391,391,464,495,508,608,608,608,608,712,712,728,741,791,791,791,791],"floor_reached":39,"language":"ENG","playtime":3397,"items_purged":["Defend_B","Strike_B"],"score":399,"play_id":"d295028e-1c2c-4f06-9c54-68c09d31dca2","local_time":"20210128175906","is_ascension_mode":false,"campfire_choices":[{"data":"Zap","floor":6,"key":"SMITH"},{"data":"Dualcast","floor":8,"key":"SMITH"},{"data":"ReplayGash","floor":11,"key":"SMITH"},{"data":"Static Discharge","floor":15,"key":"SMITH"},{"data":"Redo","floor":23,"key":"SMITH"},{"data":"Echo Form","floor":25,"key":"SMITH"},{"floor":30,"key":"REST"},{"data":"Redo","floor":32,"key":"SMITH"}],"circlet_count":0,"master_deck":["Strike_B","Strike_B","Defend_B+1","Defend_B+1","Defend_B+1","Zap+1","Dualcast+1","Conserve Battery","Gash","ReplayGash+1","Gash","Time Bomb","Redo+1","Static Discharge+1","Echo Form+1","Gash","Redo+1","Skim+1","Conserve Battery","Mirror Shield","Chaos+1","Self Repair+1","BootSequence"],"relics":["FrozenCore","Centennial Puzzle","Eternal Feather","Prayer Wheel","Solar Panel","Frozen Egg 2","Replay:Multitool","Replay:Bottled Eggs","SlaversCollar","CatCart"],"acts_visited":["Exordium","TheCity","TheBeyond"],"potions_floor_usage":[13,29,29,29,33,37],"damage_taken":[{"damage":1,"enemies":"Cultist","floor":1,"turns":3},{"damage":0,"enemies":"Small Slimes","floor":4,"turns":3},{"damage":0,"enemies":"2 Louse","floor":5,"turns":2},{"damage":2,"enemies":"Blue Slaver","floor":7,"turns":3},{"damage":14,"enemies":"Lagavulin","floor":10,"turns":5},{"damage":5,"enemies":"Large Slime","floor":12,"turns":5},{"damage":0,"enemies":"2 Fungi Beasts","floor":13,"turns":3},{"damage":7,"enemies":"Exordium Wildlife","floor":14,"turns":4},{"damage":40,"enemies":"The Guardian","floor":16,"turns":6},{"damage":18,"enemies":"conspire:FuzzyDice","floor":18,"turns":6},{"damage":3,"enemies":"Chosen","floor":21,"turns":6},{"damage":22,"enemies":"Gremlin Leader","floor":27,"turns":6},{"damage":1,"enemies":"3 Cultists","floor":28,"turns":5},{"damage":21,"enemies":"Colosseum Slavers","floor":29,"turns":4},{"damage":31,"enemies":"Colosseum Nobs","floor":29,"turns":4},{"damage":49,"enemies":"Collector","floor":33,"turns":9},{"damage":4,"enemies":"3 Shapes","floor":35,"turns":7},{"damage":6,"enemies":"Orb Walker","floor":36,"turns":2},{"damage":64,"enemies":"Orin","floor":37,"turns":12},{"damage":46,"enemies":"Jaw Worm Horde","floor":39,"turns":4}],"seed_played":"-1292192196873485666","potions_obtained":[{"floor":4,"key":"Strength Potion"},{"floor":5,"key":"AttackPotion"},{"floor":12,"key":"LifebloodPotion"},{"floor":14,"key":"Strength Potion"},{"floor":21,"key":"Energy Potion"},{"floor":29,"key":"Weak Potion"},{"floor":35,"key":"PotionOfCapacity"},{"floor":36,"key":"LifebloodPotion"},{"floor":37,"key":"Guardian:BlockOnCardUsePotion"}],"is_trial":false,"path_per_floor":["M","?","$","M","M","R","M","R","T","E","R","M","M","M","R","B",null,"M","?","$","M","?","R","?","R","T","E","M","?","R","?","R","B",null,"M","M","?","?","M"],"character_chosen":"DEFECT","items_purchased":[],"campfire_rested":1,"item_purchase_floors":[],"current_hp_per_floor":[74,74,74,74,74,74,72,72,72,58,64,59,59,52,61,21,75,57,57,57,54,54,63,63,72,72,54,57,13,44,44,56,9,75,75,71,29,29,0,0],"gold":791,"neow_bonus":"REMOVE_CARD","is_daily":false,"chose_seed":false,"campfire_upgraded":7,"win_rate":0.0,"timestamp":1611856746,"path_taken":["M","?","$","M","M","R","M","R","T","E","R","?","M","M","R","BOSS","M","?","$","M","?","R","?","R","T","E","M","?","R","?","R","BOSS","M","M","?","?","M"],"items_purchased_type":[],"build_version":"2020-12-22","purchased_purges":2,"victory":false,"max_hp_per_floor":[75,75,75,75,75,75,75,75,75,75,75,75,75,75,75,75,75,75,75,75,75,75,75,75,75,75,75,75,75,75,75,75,75,75,75,75,75,75,75,75],"card_choices":[{"not_picked":["BasicCrystalCard","Turbo"],"picked":"Conserve Battery","floor":1},{"not_picked":["Turbo","Fusion"],"picked":"Gash","floor":4},{"not_picked":["Beam Cell","ReplayTheSpireMod:System Scan"],"picked":"ReplayGash","floor":5},{"not_picked":["Barrage","Force Field"],"picked":"Gash","floor":7},{"not_picked":["Reinforced Body","Reprogram"],"picked":"Time Bomb","floor":10},{"not_picked":["Cold Snap","Turbo"],"picked":"Redo","floor":12},{"not_picked":["Chaos","Leap"],"picked":"ReplayTheSpireMod:Fabricate Wheel","floor":13},{"not_picked":["Compile Driver","Cold Snap"],"picked":"Static Discharge","floor":14},{"not_picked":["Panic Button","Go for the Eyes","ReplayTheSpireMod:Dual Polarity"],"picked":"SKIP","floor":14},{"not_picked":["Multi-Cast","Core Surge"],"picked":"Echo Form","floor":16},{"not_picked":["Beam Cell","ReplayTheSpireMod:GoodbyeWorld"],"picked":"Gash","floor":18},{"not_picked":["Barrage+1","Compile Driver"],"picked":"Redo","floor":18},{"not_picked":["ReplayTheSpireMod:Dual Polarity","Redo"],"picked":"Crystallizer","floor":21},{"not_picked":["Steam","ReplayGash","Hologram"],"picked":"SKIP","floor":21},{"not_picked":["Compile Driver+1","Barrage"],"picked":"Skim+1","floor":27},{"not_picked":["Beam Cell","Hologram","Go for the Eyes"],"picked":"SKIP","floor":28},{"not_picked":["Leap","Ball Lightning","Multi-Cast"],"picked":"SKIP","floor":28},{"not_picked":["Core Surge","ReplayTheSpireMod:Omega Cannon"],"picked":"Mirror Shield","floor":33},{"not_picked":["FTL","BasicCrystalCard"],"picked":"Chaos+1","floor":35},{"not_picked":["Ball Lightning+1","Doom and Gloom+1","Steam Power+1"],"picked":"SKIP","floor":35},{"not_picked":["Ball Lightning+1","FTL+1"],"picked":"Self Repair+1","floor":36},{"not_picked":["Rebound","White Noise","Reprogram"],"picked":"SKIP","floor":36},{"not_picked":["Ball Lightning+1","ReplayTheSpireMod:GoodbyeWorld+1"],"picked":"BootSequence","floor":37}],"player_experience":415367,"relics_obtained":[{"floor":9,"key":"Centennial Puzzle"},{"floor":10,"key":"Eternal Feather"},{"floor":26,"key":"Solar Panel"},{"floor":27,"key":"Frozen Egg 2"},{"floor":29,"key":"Replay:Multitool"},{"floor":29,"key":"Replay:Bottled Eggs"},{"floor":37,"key":"CatCart"}],"event_choices":[{"damage_healed":0,"gold_gain":100,"player_choice":"Pray","damage_taken":0,"max_hp_gain":0,"max_hp_loss":0,"event_name":"Golden Shrine","floor":2,"gold_loss":0},{"damage_healed":0,"gold_gain":0,"player_choice":"Ignored","damage_taken":0,"max_hp_gain":0,"max_hp_loss":0,"event_name":"Ghosts","floor":22,"gold_loss":0},{"damage_healed":0,"gold_gain":99,"player_choice":"Steal","damage_taken":0,"max_hp_gain":0,"max_hp_loss":0,"event_name":"betterThird:BetterNest","floor":24,"gold_loss":0},{"damage_healed":0,"gold_gain":0,"player_choice":"Fight","damage_taken":0,"max_hp_gain":0,"max_hp_loss":0,"event_name":"Colosseum","floor":29,"gold_loss":0},{"damage_healed":0,"gold_gain":0,"player_choice":"Fought Nobs","damage_taken":0,"max_hp_gain":0,"max_hp_loss":0,"event_name":"Colosseum","floor":29,"gold_loss":0},{"damage_healed":0,"gold_gain":0,"player_choice":"Read","damage_taken":0,"max_hp_gain":0,"max_hp_loss":0,"event_name":"The Library","floor":31,"gold_loss":0,"cards_obtained":["Conserve Battery"]},{"damage_healed":0,"gold_gain":0,"player_choice":"Fight","damage_taken":0,"max_hp_gain":0,"max_hp_loss":0,"event_name":"OrinTheCat","floor":37,"gold_loss":0},{"cards_removed":["Crystallizer"],"damage_healed":0,"gold_gain":0,"player_choice":"Removed Power","damage_taken":0,"max_hp_gain":0,"max_hp_loss":0,"event_name":"Falling","floor":38,"gold_loss":0}],"is_beta":false,"boss_relics":[{"not_picked":["ChewingGum","Pandora\u0027s Box"],"picked":"FrozenCore"},{"not_picked":["Ring of Chaos","Replay:Wanted Poster"],"picked":"SlaversCollar"}],"items_purged_floors":[3,20],"is_endless":false,"potions_floor_spawned":[4,5,12,14,21,29,29,35,36,37],"killed_by":"Jaw Worm Horde","ascension_level":0}}