{"host":"zw3x6hwkln2702ol","time":1611846237,"event":{"mods":["AchievementEnabler","BaseMod","Card Forge","Colored Map","Default Mod","Minty Spire (QoL Compilation)","StSLib","TestMod"],"gold_per_floor":[54,129,197,197,253,398,398,453,453,601,237,314,429,494,494,824,824,943,943,943,1027,1027,1027,385,576,599,801,258,281,431,623,623,1086,1086,1436,1436,1587,908,129,674,674,940,940,940,1995,2111,1153,1366,1366,2449,2449,2449,1702,2037,2859],"floor_reached":56,"language":"ZHS","playtime":2867,"items_purged":["Strike_B","Defend_B","Defend_B","Strike_B","Defend_B","Rainbow","Dualcast"],"score":2908,"play_id":"9e5fe6dd-a864-4724-8195-6fe35dc70979","local_time":"20210128230357","is_ascension_mode":true,"campfire_choices":[{"data":"Turbo","floor":7.0,"key":"SMITH"},{"data":"Double Energy","floor":15.0,"key":"SMITH"},{"floor":23.0,"key":"RECALL"},{"data":"testmod-Arrangement","floor":32.0,"key":"SMITH"},{"data":"Recycle","floor":49,"key":"SMITH"},{"data":"Seek","floor":52,"key":"SMITH"}],"circlet_count":0,"master_deck":["AscendersBane","Defend_B+1","Recycle+1","Turbo+1","Reboot","Seek+1","Coolheaded","Double Energy+1","Skim","Electrodynamics","testmod-WeaknessCounterattack","Creative AI","testmod-Arrangement+1","Heatsinks","Recycle+1","Streamline+1","Capacitor"],"relics":["Cracked Core","Hammer of Thor","Seething Fire","Anvil of the Gods","zzy:PlaceholderRelic","testmod-TestBox","testmod-RainbowHikingShoes","testmod-Fortitude","War Paint","DataDisk","Eternal Feather","PreservedInsect","Toolbox","testmod-IndustrialRevolution","Philosopher\u0027s Stone","testmod-Nyarlathotep","Art of War","Juzu Bracelet","WingedGreaves","Ornamental Fan","Nunchaku","testmod-CasingShield","Black Star","Pantograph","Molten Egg 2","Medical Kit","testmod-TurbochargingSystem","testmod-CyclicPeriapt","Happy Flower","Frozen Eye","Blood Vial","Dream Catcher","testmod-Acrobat","Pen Nib","White Beast Statue","testmod-Déjàvu","OrangePellets","Turnip","Oddly Smooth Stone","Lee\u0027s Waffle","Blue Candle","Orichalcum"],"acts_visited":["Exordium","TheCity","TheBeyond","TheEnding"],"potions_floor_usage":[46,53],"damage_taken":[{"damage":0.0,"enemies":"Small Slimes","floor":1.0,"turns":2.0},{"damage":0.0,"enemies":"Cultist","floor":3.0,"turns":2.0},{"damage":0.0,"enemies":"Jaw Worm","floor":5.0,"turns":2.0},{"damage":0.0,"enemies":"Gremlin Nob","floor":6.0,"turns":3.0},{"damage":0.0,"enemies":"3 Louse","floor":8.0,"turns":2.0},{"damage":0.0,"enemies":"Lagavulin","floor":10.0,"turns":4.0},{"damage":0.0,"enemies":"Exordium Wildlife","floor":12.0,"turns":2.0},{"damage":0.0,"enemies":"Gremlin Nob","floor":13.0,"turns":1.0},{"damage":0.0,"enemies":"2 Fungi Beasts","floor":14.0,"turns":1.0},{"damage":0.0,"enemies":"The Guardian","floor":16.0,"turns":5.0},{"damage":0.0,"enemies":"Chosen","floor":18.0,"turns":1.0},{"damage":0.0,"enemies":"Shell Parasite","floor":21.0,"turns":1.0},{"damage":0.0,"enemies":"Slavers","floor":25.0,"turns":1.0},{"damage":0.0,"enemies":"Book of Stabbing","floor":27.0,"turns":2.0},{"damage":0.0,"enemies":"Centurion and Healer","floor":30.0,"turns":2.0},{"damage":0.0,"enemies":"Slavers","floor":31.0,"turns":1.0},{"damage":0.0,"enemies":"Collector","floor":33.0,"turns":3.0},{"damage":0.0,"enemies":"3 Darklings","floor":35.0,"turns":1.0},{"damage":0.0,"enemies":"3 Shapes","floor":37.0,"turns":1.0},{"damage":0.0,"enemies":"Giant Head","floor":40.0,"turns":1.0},{"damage":0.0,"enemies":"Reptomancer","floor":42.0,"turns":1.0},{"damage":0.0,"enemies":"Transient","floor":45.0,"turns":1.0},{"damage":0,"enemies":"Sphere and 2 Shapes","floor":46,"turns":1},{"damage":0,"enemies":"Spire Growth","floor":48,"turns":1},{"damage":0,"enemies":"Awakened One","floor":50,"turns":2},{"damage":0,"enemies":"Shield and Spear","floor":54,"turns":1},{"damage":0,"enemies":"The Heart","floor":55,"turns":3}],"seed_played":"-1467233960088623429","potions_obtained":[{"floor":1.0,"key":"testmod-TestPotion"},{"floor":3.0,"key":"Weak Potion"},{"floor":10.0,"key":"Weak Potion"},{"floor":13.0,"key":"BlessingOfTheForge"},{"floor":33.0,"key":"Regen Potion"},{"floor":37.0,"key":"Explosive Potion"},{"floor":46,"key":"Fruit Juice"},{"floor":48,"key":"SpeedPotion"}],"is_trial":false,"path_per_floor":["M","?","M","?","M","E","R","M","T","E","$","M","E","M","R","B",null,"M","?","?","M","?","R","$","E","T","E","$","T","M","E","R","B",null,"M","?","M","$","$","E","?","E","T","?","M","M","$","M","R","B",null,"R","$","E","B",null],"character_chosen":"DEFECT","items_purchased":["PreservedInsect","Toolbox","testmod-Nyarlathotep","Art of War","testmod-WeaknessCounterattack","Ornamental Fan","testmod-Arrangement","Molten Egg 2","Medical Kit","testmod-TurbochargingSystem","testmod-CyclicPeriapt","Happy Flower","Frozen Eye","testmod-Déjàvu","OrangePellets","Turnip","Oddly Smooth Stone","Lee\u0027s Waffle","testmod-SpacePotion","DistilledChaos","GamblersBrew"],"campfire_rested":0,"item_purchase_floors":[11,11,24,24,24,28,28,38,38,38,39,39,39,47,47,47,53,53,53,53,53],"current_hp_per_floor":[64,59,59,59,59,59,59,59,59,59,59,59,59,59,68,68,71,71,71,71,71,71,72,72,72,72,72,72,72,72,72,72,72,72,72,72,72,72,72,72,72,72,72,72,72,77,77,77,77,77,77,77,84,84,84],"gold":2859,"neow_bonus":"ONE_RARE_RELIC","is_daily":false,"chose_seed":false,"campfire_upgraded":5,"win_rate":0.0,"timestamp":1611846237,"path_taken":["M","?","M","?","M","E","R","?","T","E","$","M","E","M","R","BOSS","M","?","?","?","?","R","$","E","T","E","$","?","M","E","R","BOSS","M","?","M","$","$","E","?","E","T","?","M","M","$","M","R","BOSS","R","$","E","BOSS"],"items_purchased_type":["Relic","Relic","Relic","Relic","Card","Relic","Card","Relic","Relic","Relic","Relic","Relic","Relic","Relic","Relic","Relic","Relic","Relic","Potion","Potion","Potion"],"build_version":"2020-12-22","purchased_purges":7,"victory":true,"max_hp_per_floor":[71,72,72,72,72,72,72,72,72,72,72,72,72,72,72,72,72,72,72,72,72,72,72,72,72,72,72,72,72,72,72,72,72,72,72,72,72,72,72,72,72,72,72,72,72,77,77,77,77,77,77,77,84,84,84],"card_choices":[{"not_picked":["Storm","Go for the Eyes"],"picked":"Recycle","floor":1.0},{"not_picked":["Barrage","Gash"],"picked":"Turbo","floor":3.0},{"not_picked":["Reinforced Body","Ball Lightning"],"picked":"Cold Snap","floor":5.0},{"not_picked":["Hello World","Rebound","Stack"],"picked":"SKIP","floor":6.0},{"not_picked":["Gash","Melter"],"picked":"Seek","floor":8.0},{"not_picked":["Auto Shields","Streamline"],"picked":"Coolheaded","floor":10.0},{"not_picked":["Gash","Capacitor"],"picked":"Double Energy","floor":12.0},{"not_picked":["Barrage","Scrape","Steam"],"picked":"SKIP","floor":13.0},{"not_picked":["Beam Cell","Hologram"],"picked":"Skim","floor":14.0},{"not_picked":["Amplify","Fission"],"picked":"Electrodynamics","floor":16.0},{"not_picked":["Compile Driver","Stack","Steam+1"],"picked":"SKIP","floor":18.0},{"not_picked":["Steam Power","Ball Lightning","Fusion"],"picked":"SKIP","floor":21.0},{"not_picked":["Gash+1","Scrape","Recycle"],"picked":"SKIP","floor":25.0},{"not_picked":["FTL","Steam Power"],"picked":"Creative AI","floor":27.0},{"not_picked":["Compile Driver+1","Coolheaded","Streamline"],"picked":"SKIP","floor":30.0},{"not_picked":["Aggregate","Leap","Coolheaded+1"],"picked":"SKIP","floor":31.0},{"not_picked":["Creative AI","Seek"],"picked":"Rainbow","floor":33.0},{"not_picked":["Hologram","Steam","Darkness+1"],"picked":"SKIP","floor":35.0},{"not_picked":["Ball Lightning+1","Barrage"],"picked":"Heatsinks","floor":37.0},{"not_picked":["Reprogram","Coolheaded","Steam"],"picked":"SKIP","floor":40.0},{"not_picked":["Rebound+1","Beam Cell+1","Buffer"],"picked":"SKIP","floor":42.0},{"not_picked":["Recycle","Rebound+1","FTL+1"],"picked":"SKIP","floor":45.0},{"not_picked":["Steam","Scrape+1","Compile Driver+1"],"picked":"SKIP","floor":46},{"not_picked":["Stack","Beam Cell+1"],"picked":"Streamline+1","floor":48},{"not_picked":["Streamline+1","Aggregate+1"],"picked":"Capacitor","floor":54}],"player_experience":356939,"relics_obtained":[{"floor":6.0,"key":"War Paint"},{"floor":9.0,"key":"DataDisk"},{"floor":10.0,"key":"Eternal Feather"},{"floor":13.0,"key":"testmod-IndustrialRevolution"},{"floor":25.0,"key":"Juzu Bracelet"},{"floor":27.0,"key":"WingedGreaves"},{"floor":29.0,"key":"Nunchaku"},{"floor":31.0,"key":"testmod-CasingShield"},{"floor":40.0,"key":"Blood Vial"},{"floor":40.0,"key":"Dream Catcher"},{"floor":42.0,"key":"testmod-Acrobat"},{"floor":42.0,"key":"Pen Nib"},{"floor":43.0,"key":"White Beast Statue"},{"floor":54,"key":"Blue Candle"},{"floor":54,"key":"Orichalcum"}],"event_choices":[{"damage_healed":0.0,"max_hp_gain":0.0,"max_hp_loss":0.0,"gold_gain":75.0,"event_name":"World of Goop","player_choice":"Gather Gold","floor":2.0,"gold_loss":0.0,"damage_taken":11.0},{"damage_healed":0.0,"max_hp_gain":0.0,"max_hp_loss":0.0,"gold_gain":0.0,"cards_transformed":["Strike_B"],"event_name":"Transmorgrifier","player_choice":"Transformed","floor":4.0,"gold_loss":0.0,"damage_taken":0.0,"cards_obtained":["Reboot"]},{"cards_removed":["Strike_B"],"damage_healed":0.0,"max_hp_gain":0.0,"max_hp_loss":0.0,"gold_gain":0.0,"event_name":"Back to Basics","player_choice":"Elegance","floor":19.0,"gold_loss":0.0,"damage_taken":0.0},{"damage_healed":0.0,"max_hp_gain":0.0,"max_hp_loss":0.0,"gold_gain":0.0,"event_name":"给自己的盒子","player_choice":"Ignored","floor":20.0,"gold_loss":0.0,"damage_taken":0.0},{"damage_healed":0.0,"max_hp_gain":0.0,"max_hp_loss":0.0,"gold_gain":0.0,"event_name":"Match and Keep!","player_choice":"0 cards matched","floor":22.0,"gold_loss":0.0,"damage_taken":0.0,"cards_obtained":[]},{"damage_healed":0.0,"max_hp_gain":0.0,"max_hp_loss":0.0,"gold_gain":0.0,"event_name":"WeMeetAgain","player_choice":"Gave Potion","floor":36.0,"gold_loss":0.0,"damage_taken":0.0,"relics_obtained":["Pantograph"]},{"cards_removed":["Cold Snap"],"damage_healed":0.0,"max_hp_gain":0.0,"max_hp_loss":0.0,"gold_gain":0.0,"event_name":"Falling","player_choice":"Removed Attack","floor":41.0,"gold_loss":0.0,"damage_taken":0.0},{"damage_healed":0.0,"max_hp_gain":0.0,"max_hp_loss":0.0,"gold_gain":0.0,"cards_transformed":["Zap"],"event_name":"Transmorgrifier","player_choice":"Transformed","floor":44.0,"gold_loss":0.0,"damage_taken":0.0,"cards_obtained":["Recycle"]}],"is_beta":false,"boss_relics":[{"not_picked":["Pandora\u0027s Box","testmod-TimeTraveler"],"picked":"Philosopher\u0027s Stone"},{"not_picked":["Runic Pyramid","Tiny House"],"picked":"Black Star"}],"items_purged_floors":[11,24,28,38,39,47,53],"is_endless":false,"potions_floor_spawned":[1,3,5,10,13,18,27,31,33,37,42,45,46,48,54],"ascension_level":15}}