{"host":"56d873i5r3uhle0q","time":1611814832,"event":{"mods":["100% Spire Juice","Act Like it!","Aspiration","BaseMod","Block Reminder","Conspire","Dota2Spire","Downfall","Gensokyo","Hermit","Hubris","Infinite Spire","Jedi Mod","Lobotomy","LobotomyExtend","Marisa????????","Marked Mod","Minty Spire (QoL Compilation)","Reliquary","Replay The Spire","StSLib","The Animator","The Bug Knight","The Cursed","The Marked","The Servant 0.9.4","everything is the same but u backflip on backflip","??????REMEMod"],"gold_per_floor":[109,109,109,25,25,25,40,40,40,55,55,55,77,77,97,97,97,107,107],"floor_reached":18,"language":"ENG","playtime":948,"items_purged":[],"score":100,"play_id":"77e615a8-a686-4568-bddf-fbc973e3cb60","local_time":"20210127232032","is_ascension_mode":false,"campfire_choices":[{"floor":6.0,"key":"REST"},{"floor":14.0,"key":"REST"}],"circlet_count":0,"master_deck":["Strike_G","Strike_G","Strike_G","Strike_G","Strike_G","Defend_G","Defend_G","Defend_G","Defend_G","Defend_G","Survivor","Neutralize+1","LongBird","hubris:SlightOfHand+1","hubris:SlightOfHand","Laetitia","Escape Plan"],"relics":["Ring of the Snake","REME_ComplimentaryCards","CogitoBucket","LetterFromLob","Moonlight_r","Replay:Bandana","conspire:GlowingRock"],"acts_visited":["Gensokyo:Gensokyo"],"potions_floor_usage":[18,18],"damage_taken":[{"damage":4.0,"enemies":"Gensokyo:Python","floor":1.0,"turns":5.0},{"damage":7.0,"enemies":"Gensokyo:Gryphon","floor":7.0,"turns":4.0},{"damage":0.0,"enemies":"Gensokyo:2_Kodama","floor":10.0,"turns":4.0},{"damage":0.0,"enemies":"Gensokyo:VengefulSpirit","floor":13.0,"turns":3.0},{"damage":8.0,"enemies":"Gensokyo:Kitsune","floor":15.0,"turns":5.0},{"damage":66,"enemies":"Gensokyo:Kokoro","floor":18,"turns":14}],"seed_played":"-7784583315737839281","potions_obtained":[{"floor":7.0,"key":"Dexterity Potion"},{"floor":13.0,"key":"EssenceOfSteel"}],"is_trial":false,"path_per_floor":["M","$","?","COS","?","R","M","PTL","PTL","M","T","$","M","R","M","?","R","B"],"character_chosen":"THE_SILENT","items_purchased":[],"campfire_rested":2,"item_purchase_floors":[],"current_hp_per_floor":[66,66,25,25,25,46,39,39,39,39,39,39,39,60,52,45,66,0,0],"gold":107,"neow_bonus":"","is_daily":false,"chose_seed":false,"campfire_upgraded":0,"win_rate":0.0,"timestamp":1611814832,"path_taken":["M","$","?","COS","?","R","M","PTL","PTL","M","T","?","M","R","M","?","R","BOSS"],"items_purchased_type":[],"build_version":"2020-12-22","purchased_purges":0,"victory":false,"max_hp_per_floor":[70,70,70,70,70,70,70,70,70,70,70,70,70,70,70,70,70,70,70],"card_choices":[{"not_picked":["CrumblingArmor","VoidDream"],"picked":"LongBird","floor":1.0},{"not_picked":["Outmaneuver","Underhanded Strike"],"picked":"hubris:SlightOfHand","floor":1.0},{"not_picked":["jedi:brewingpoison","Backflip","Blade Dance"],"picked":"SKIP","floor":7.0},{"not_picked":["jedi:brewingpoison","Backflip","Blade Dance"],"picked":"SKIP","floor":7.0},{"not_picked":["UniverseFragment","Scorched"],"picked":"Laetitia","floor":10.0},{"not_picked":["Bane","hubris:SlightOfHand"],"picked":"Escape Plan","floor":10.0},{"not_picked":["Acrobatics","Quick Slash","Heel Hook"],"picked":"SKIP","floor":13.0},{"not_picked":["Dodge and Roll","jedi:pocketpoison","Eviscerate"],"picked":"SKIP","floor":15.0}],"player_experience":680380,"relics_obtained":[{"floor":1.0,"key":"LetterFromLob"},{"floor":11.0,"key":"Replay:Bandana"}],"event_choices":[],"is_beta":false,"boss_relics":[],"items_purged_floors":[],"is_endless":false,"potions_floor_spawned":[7,13],"killed_by":"Gensokyo:Kokoro","ascension_level":0}}