{"host":"yx5rao87132cy5xq","time":1611854830,"event":{"mods":["2.2 Compatiblity","AchievementEnabler","BaseMod","Bestiary","Colored Map","Colored Powertips","Minty Spire (QoL Compilation)","Quick Restart","Relic Stats","Slay-I","SuperFastMode"],"gold_per_floor":[113,113,87,87,98,98,128,128,153,182,182,208,208,223,223,322,322,335,335,335,347,360,392,392,423,450,40,52,152,184,32,32,132,132,152,171,188,241,241,241,253,253,253,253,265,279,279,308,308,308,308],"floor_reached":50,"language":"ENG","playtime":3108,"items_purged":[],"score":923,"play_id":"ad37b566-26b5-429c-abbb-793ad91f3b73","local_time":"20210128182710","is_ascension_mode":true,"campfire_choices":[{"data":"Pommel Strike","floor":6.0,"key":"SMITH"},{"data":"Iron Wave","floor":8.0,"key":"SMITH"},{"data":"Cleave","floor":11.0,"key":"SMITH"},{"data":"Armaments","floor":15.0,"key":"SMITH"},{"floor":24.0,"key":"RECALL"},{"floor":32.0,"key":"REST"},{"floor":40,"key":"REST"},{"floor":42,"key":"REST"},{"floor":47,"key":"REST"},{"floor":49,"key":"REST"}],"circlet_count":0,"master_deck":["AscendersBane","Strike_R","Strike_R","Strike_R+1","Strike_R","Defend_R","Defend_R","Defend_R","Defend_R+1","Bash+1","Cleave+1","Pommel Strike+1","Clothesline","Iron Wave+1","Feed","Armaments+1","Impervious","Ghostly Armor","True Grit","Dropkick+1","Shrug It Off","Intimidate","Sword Boomerang+1","Immolate","Shockwave","Flame Barrier","Demon Form","Shockwave","Warcry+1","Warcry+1"],"relics":["Burning Blood","Vajra","Anchor","Nunchaku","Boot","Odd Mushroom","Fusion Hammer","Bottled Lightning","Lantern","Akabeko","Pantograph","Ice Cream","Paper Frog","Dream Catcher","ClockworkSouvenir","Magic Flower","Eternal Feather","Mummified Hand"],"acts_visited":["Exordium","TheCity","TheBeyond"],"potions_floor_usage":[38,50],"damage_taken":[{"damage":1.0,"enemies":"Cultist","floor":1.0,"turns":4.0},{"damage":0.0,"enemies":"Small Slimes","floor":5.0,"turns":2.0},{"damage":28.0,"enemies":"Gremlin Nob","floor":7.0,"turns":4.0},{"damage":15.0,"enemies":"3 Sentries","floor":10.0,"turns":7.0},{"damage":6.0,"enemies":"The Mushroom Lair","floor":12.0,"turns":4.0},{"damage":0.0,"enemies":"2 Louse","floor":14.0,"turns":2.0},{"damage":20.0,"enemies":"Hexaghost","floor":16.0,"turns":8.0},{"damage":1.0,"enemies":"3 Byrds","floor":18.0,"turns":5.0},{"damage":1.0,"enemies":"Chosen","floor":21.0,"turns":5.0},{"damage":12.0,"enemies":"Centurion and Healer","floor":22.0,"turns":8.0},{"damage":10.0,"enemies":"Slavers","floor":23.0,"turns":9.0},{"damage":0.0,"enemies":"Book of Stabbing","floor":25.0,"turns":7.0},{"damage":13.0,"enemies":"Snecko","floor":28.0,"turns":4.0},{"damage":5.0,"enemies":"Colosseum Slavers","floor":29.0,"turns":4.0},{"damage":18.0,"enemies":"Colosseum Nobs","floor":29.0,"turns":4.0},{"damage":5.0,"enemies":"Slavers","floor":30.0,"turns":3.0},{"damage":68.0,"enemies":"Collector","floor":33.0,"turns":9.0},{"damage":2.0,"enemies":"3 Darklings","floor":35.0,"turns":3.0},{"damage":5.0,"enemies":"Orb Walker","floor":36.0,"turns":3.0},{"damage":46.0,"enemies":"Maw","floor":37.0,"turns":6.0},{"damage":57,"enemies":"2 Orb Walkers","floor":38,"turns":7},{"damage":15,"enemies":"Spire Growth","floor":41,"turns":5},{"damage":9,"enemies":"Transient","floor":45,"turns":5},{"damage":6,"enemies":"Jaw Worm Horde","floor":46,"turns":4},{"damage":26,"enemies":"Nemesis","floor":48,"turns":7},{"damage":113,"enemies":"Donu and Deca","floor":50,"turns":7}],"seed_played":"-6978125997349048371","potions_obtained":[{"floor":7.0,"key":"LiquidBronze"},{"floor":14.0,"key":"DistilledChaos"},{"floor":21.0,"key":"Strength Potion"},{"floor":22.0,"key":"PowerPotion"},{"floor":28.0,"key":"GamblersBrew"},{"floor":29.0,"key":"BloodPotion"},{"floor":33.0,"key":"EssenceOfSteel"},{"floor":35.0,"key":"FearPotion"},{"floor":41,"key":"DuplicationPotion"}],"is_trial":false,"path_per_floor":["M","?","$","?","M","R","E","R","T","E","R","?","$","M","R","B",null,"M","?","?","M","M","E","R","E","T","$","M","?","E","$","R","B",null,"M","M","M","?","?","R","M","R","T","?","M","M","R","E","R","B"],"character_chosen":"IRONCLAD","items_purchased":["Pommel Strike","Pantograph","Immolate","ClockworkSouvenir"],"campfire_rested":5,"item_purchase_floors":[3,27,27,31],"current_hp_per_floor":[77,61,61,61,67,67,45,45,45,36,36,39,39,48,48,38,77,85,85,85,90,87,83,83,89,89,89,82,71,75,75,99,37,84,88,89,49,17,17,46,40,69,69,69,69,72,99,82,99,0,0],"gold":308,"neow_bonus":"RANDOM_COMMON_RELIC","is_daily":false,"chose_seed":false,"campfire_upgraded":4,"win_rate":0.0,"timestamp":1611854830,"path_taken":["M","?","$","?","M","R","E","R","T","E","R","?","?","M","R","BOSS","M","?","?","?","M","E","R","E","T","$","M","?","E","$","R","BOSS","M","M","M","?","?","R","M","R","T","?","M","?","R","E","R","BOSS"],"items_purchased_type":["Card","Relic","Card","Relic"],"build_version":"2020-12-22","purchased_purges":0,"victory":false,"max_hp_per_floor":[80,80,80,80,80,80,80,80,80,80,80,83,83,86,86,90,90,93,93,93,93,96,96,96,96,96,96,96,96,99,99,99,99,99,99,99,99,99,99,99,99,99,99,99,99,99,99,99,99,99,99],"relic_stats":{"Nunchaku":[24],"Dream Catcher":5,"counters":[26,136],"Mummified Hand":[4],"Pantograph":0,"Magic Flower":[12],"Eternal Feather":35,"Boot":[28],"obtain_stats":[{"Ice Cream":29,"Lantern":25,"Vajra":0,"Magic Flower":38,"Eternal Feather":43,"Odd Mushroom":12,"Boot":10,"Burning Blood":0,"Akabeko":26,"ClockworkSouvenir":31,"Anchor":7,"Nunchaku":9,"Dream Catcher":30,"Mummified Hand":48,"Pantograph":27,"Fusion Hammer":17,"Bottled Lightning":23,"Paper Frog":29},{"Ice Cream":15,"Lantern":12,"Vajra":0,"Magic Flower":21,"Eternal Feather":22,"Odd Mushroom":5,"Boot":4,"Burning Blood":0,"Akabeko":12,"ClockworkSouvenir":16,"Anchor":3,"Nunchaku":3,"Dream Catcher":16,"Mummified Hand":25,"Pantograph":12,"Fusion Hammer":7,"Bottled Lightning":11,"Paper Frog":15},{"Ice Cream":77,"Lantern":65,"Vajra":0,"Magic Flower":108,"Eternal Feather":113,"Odd Mushroom":21,"Boot":17,"Burning Blood":0,"Akabeko":65,"ClockworkSouvenir":80,"Anchor":10,"Nunchaku":10,"Dream Catcher":80,"Mummified Hand":129,"Pantograph":65,"Fusion Hammer":31,"Bottled Lightning":58,"Paper Frog":77}],"Burning Blood":162},"card_choices":[{"not_picked":["Havoc","Second Wind"],"picked":"Cleave","floor":1.0},{"not_picked":["True Grit","Warcry"],"picked":"Clothesline","floor":5.0},{"not_picked":["Perfected Strike","Dual Wield"],"picked":"Iron Wave","floor":7.0},{"not_picked":["Fire Breathing","Clothesline"],"picked":"Feed","floor":10.0},{"not_picked":["Flex","Havoc"],"picked":"Armaments","floor":14.0},{"not_picked":["Brutality","Offering"],"picked":"Impervious","floor":16.0},{"not_picked":["Body Slam","Clothesline"],"picked":"Ghostly Armor","floor":18.0},{"not_picked":["Wild Strike","Perfected Strike"],"picked":"Dropkick+1","floor":21.0},{"not_picked":["Twin Strike","Armaments"],"picked":"Shrug It Off","floor":22.0},{"not_picked":["Body Slam","Bludgeon"],"picked":"Intimidate","floor":23.0},{"not_picked":["Havoc","Wild Strike"],"picked":"Sword Boomerang+1","floor":25.0},{"not_picked":["True Grit+1","Thunderclap"],"picked":"Shockwave","floor":28.0},{"not_picked":["Sever Soul","Brutality"],"picked":"Flame Barrier","floor":30.0},{"not_picked":["Impervious","Limit Break"],"picked":"Demon Form","floor":33.0},{"not_picked":["Combust","Anger","Warcry"],"picked":"SKIP","floor":35.0},{"not_picked":["Headbutt","Dropkick+1","True Grit"],"picked":"SKIP","floor":36.0},{"not_picked":["Cleave","Headbutt+1","Twin Strike"],"picked":"SKIP","floor":37.0},{"not_picked":["Pommel Strike","Dark Embrace"],"picked":"Shockwave","floor":38},{"not_picked":["Ghostly Armor","Pummel","Cleave"],"picked":"SKIP","floor":41},{"not_picked":["Pommel Strike","Clash+1"],"picked":"Warcry+1","floor":42},{"not_picked":["Iron Wave","Fire Breathing","Body Slam"],"picked":"SKIP","floor":45},{"not_picked":["Combust","Evolve","Armaments"],"picked":"SKIP","floor":46},{"not_picked":["Body Slam","Uppercut","Pommel Strike"],"picked":"SKIP","floor":48}],"player_experience":871845,"relics_obtained":[{"floor":7.0,"key":"Anchor"},{"floor":9.0,"key":"Nunchaku"},{"floor":10.0,"key":"Boot"},{"floor":12.0,"key":"Odd Mushroom"},{"floor":23.0,"key":"Bottled Lightning"},{"floor":25.0,"key":"Lantern"},{"floor":26.0,"key":"Akabeko"},{"floor":29.0,"key":"Ice Cream"},{"floor":29.0,"key":"Paper Frog"},{"floor":30.0,"key":"Dream Catcher"},{"floor":38,"key":"Magic Flower"},{"floor":43,"key":"Eternal Feather"},{"floor":48,"key":"Mummified Hand"}],"event_choices":[{"damage_healed":0.0,"max_hp_gain":0.0,"max_hp_loss":0.0,"gold_gain":0.0,"event_name":"Shining Light","player_choice":"Entered Light","floor":2.0,"gold_loss":0.0,"damage_taken":16.0,"cards_upgraded":["Strike_R","Defend_R"]},{"damage_healed":0.0,"max_hp_gain":0.0,"max_hp_loss":0.0,"gold_gain":0.0,"event_name":"Living Wall","player_choice":"Grow","floor":4.0,"gold_loss":0.0,"damage_taken":0.0,"cards_upgraded":["Bash"]},{"damage_healed":0.0,"max_hp_gain":0.0,"max_hp_loss":0.0,"gold_gain":0.0,"event_name":"Mushrooms","player_choice":"Fought Mushrooms","floor":12.0,"gold_loss":0.0,"damage_taken":0.0},{"damage_healed":0.0,"max_hp_gain":0.0,"max_hp_loss":0.0,"gold_gain":0.0,"event_name":"Ghosts","player_choice":"Ignored","floor":19.0,"gold_loss":0.0,"damage_taken":0.0},{"damage_healed":0.0,"max_hp_gain":0.0,"max_hp_loss":0.0,"gold_gain":0.0,"cards_transformed":["Strike_R"],"event_name":"Transmorgrifier","player_choice":"Transformed","floor":20.0,"gold_loss":0.0,"damage_taken":0.0,"cards_obtained":["True Grit"]},{"damage_healed":0.0,"max_hp_gain":0.0,"max_hp_loss":0.0,"gold_gain":0.0,"event_name":"Colosseum","player_choice":"Fight","floor":29.0,"gold_loss":0.0,"damage_taken":0.0},{"damage_healed":0.0,"max_hp_gain":0.0,"max_hp_loss":0.0,"gold_gain":0.0,"event_name":"Colosseum","player_choice":"Fought Nobs","floor":29.0,"gold_loss":0.0,"damage_taken":0.0},{"damage_healed":0,"gold_gain":0,"player_choice":"Fight","damage_taken":0,"max_hp_gain":0,"max_hp_loss":0,"event_name":"Mysterious Sphere","floor":38,"gold_loss":0},{"damage_healed":0,"gold_gain":0,"player_choice":"Ignored","damage_taken":0,"max_hp_gain":0,"max_hp_loss":0,"event_name":"The Moai Head","floor":39,"gold_loss":0},{"damage_healed":0,"gold_gain":0,"player_choice":"Copied","damage_taken":0,"max_hp_gain":0,"max_hp_loss":0,"event_name":"Duplicator","floor":44,"gold_loss":0,"cards_obtained":["Warcry"]}],"is_beta":false,"boss_relics":[{"not_picked":["Black Star","Runic Cube"],"picked":"Fusion Hammer"},{"not_picked":["Runic Dome","Sozu","Runic Pyramid"]}],"items_purged_floors":[],"is_endless":false,"potions_floor_spawned":[7,14,21,22,23,28,29,33,35,37,41,45,48],"killed_by":"Donu and Deca","ascension_level":12}}