{"host":"q6gu1aul14zxqpxq","time":1611847663,"event":{"mods":["AchievementEnabler","BaseMod","Colored Map","Colored Powertips","Googly Eyes","Highlight Path","Minty Spire (QoL Compilation)","Rare Cards Sparkle","StSLib","everything is the same but u backflip on backflip"],"gold_per_floor":[117,117,137,153,176,210,231,231,281,321,17,17,58,83,83,204,204,227,247,247,159,184,223,423,464,511,545,572,572,596,627,627,767,767,786,819,819,843,398,398,434,457,481,481,515,560,590,608,608,608,608,608,45,45,45],"floor_reached":54,"language":"ENG","playtime":3463,"items_purged":["Strike_B"],"score":1129,"play_id":"13043d81-7273-4878-999d-0a1c6d4fa3aa","local_time":"20210128162743","is_ascension_mode":true,"campfire_choices":[{"data":"Go for the Eyes","floor":8.0,"key":"SMITH"},{"data":"FTL","floor":12.0,"key":"SMITH"},{"data":"Coolheaded","floor":15.0,"key":"SMITH"},{"data":"Beam Cell","floor":29.0,"key":"SMITH"},{"data":"Echo Form","floor":32.0,"key":"SMITH"},{"data":"Defend_B","floor":40.0,"key":"PURGE"},{"data":"Strike_B","floor":44.0,"key":"PURGE"},{"floor":49.0,"key":"RECALL"},{"data":"Seek","floor":52,"key":"SMITH"}],"circlet_count":0,"master_deck":["Strike_B","Defend_B","Defend_B","Zap","Dualcast","Go for the Eyes+1","Seek+1","Self Repair","Coolheaded+1","FTL+1","Sweeping Beam","Steam","Echo Form+1","Beam Cell+1","Flash of Steel","Conserve Battery","Conserve Battery+1","Machine Learning","Streamline+1","Skim+1","Loop+1","Redo+1","White Noise+1","Violence","Madness","Panacea"],"relics":["Cracked Core","Golden Idol","PreservedInsect","Centennial Puzzle","Bottled Tornado","Thread and Needle","Pen Nib","SlaversCollar","Incense Burner","Regal Pillow","CeramicFish","Potion Belt","Eternal Feather","Nuclear Battery","OrangePellets","Peace Pipe","Singing Bowl","Ornamental Fan","Vajra","Sundial"],"acts_visited":["Exordium","TheCity","TheBeyond","TheEnding"],"potions_floor_usage":[50,50],"damage_taken":[{"damage":7.0,"enemies":"Jaw Worm","floor":1.0,"turns":3.0},{"damage":0.0,"enemies":"Cultist","floor":3.0,"turns":3.0},{"damage":0.0,"enemies":"2 Louse","floor":4.0,"turns":1.0},{"damage":29.0,"enemies":"Lots of Slimes","floor":5.0,"turns":4.0},{"damage":17.0,"enemies":"3 Sentries","floor":6.0,"turns":6.0},{"damage":0.0,"enemies":"Large Slime","floor":7.0,"turns":5.0},{"damage":11.0,"enemies":"Gremlin Nob","floor":10.0,"turns":3.0},{"damage":9.0,"enemies":"Lagavulin","floor":13.0,"turns":5.0},{"damage":0.0,"enemies":"Looter","floor":14.0,"turns":3.0},{"damage":0.0,"enemies":"Hexaghost","floor":16.0,"turns":8.0},{"damage":6.0,"enemies":"Shell Parasite","floor":18.0,"turns":7.0},{"damage":3.0,"enemies":"3 Byrds","floor":19.0,"turns":6.0},{"damage":12.0,"enemies":"Cultist and Chosen","floor":22.0,"turns":6.0},{"damage":10.0,"enemies":"Book of Stabbing","floor":23.0,"turns":5.0},{"damage":17.0,"enemies":"Gremlin Leader","floor":25.0,"turns":4.0},{"damage":20.0,"enemies":"Slavers","floor":27.0,"turns":5.0},{"damage":18.0,"enemies":"3 Cultists","floor":28.0,"turns":6.0},{"damage":16.0,"enemies":"Centurion and Healer","floor":30.0,"turns":6.0},{"damage":2.0,"enemies":"Book of Stabbing","floor":31.0,"turns":4.0},{"damage":6.0,"enemies":"Automaton","floor":33.0,"turns":10.0},{"damage":0.0,"enemies":"Orb Walker","floor":35.0,"turns":5.0},{"damage":0.0,"enemies":"3 Shapes","floor":36.0,"turns":8.0},{"damage":45.0,"enemies":"Writhing Mass","floor":38.0,"turns":8.0},{"damage":19.0,"enemies":"Giant Head","floor":41.0,"turns":6.0},{"damage":2.0,"enemies":"Spire Growth","floor":42.0,"turns":4.0},{"damage":43.0,"enemies":"Jaw Worm Horde","floor":45.0,"turns":4.0},{"damage":0.0,"enemies":"Reptomancer","floor":46.0,"turns":6.0},{"damage":16.0,"enemies":"Sphere and 2 Shapes","floor":47.0,"turns":6.0},{"damage":34,"enemies":"Awakened One","floor":50,"turns":12},{"damage":74,"enemies":"Shield and Spear","floor":54,"turns":3}],"seed_played":"608721136810435634","potions_obtained":[{"floor":5.0,"key":"EntropicBrew"},{"floor":7.0,"key":"CultistPotion"},{"floor":10.0,"key":"ColorlessPotion"},{"floor":13.0,"key":"Block Potion"},{"floor":23.0,"key":"FearPotion"},{"floor":30.0,"key":"Fire Potion"},{"floor":31.0,"key":"Strength Potion"},{"floor":33.0,"key":"DuplicationPotion"},{"floor":41.0,"key":"EssenceOfSteel"},{"floor":42.0,"key":"SteroidPotion"},{"floor":46.0,"key":"Explosive Potion"}],"is_trial":false,"path_per_floor":["M","?","M","M","M","E","M","R","T","E","$","R","E","M","R","B",null,"M","M","?","$","M","E","?","E","T","E","M","R","M","E","R","B",null,"M","M","?","M","$","R","E","M","T","R","M","E","M","?","R","B",null,"R","$","E"],"character_chosen":"DEFECT","items_purchased":["Thread and Needle","Flash of Steel","OrangePellets","Peace Pipe","Vajra","Sundial","Panacea"],"campfire_rested":0,"item_purchase_floors":[11,21,39,39,53,53,53],"current_hp_per_floor":[61,44,44,44,15,20,27,27,27,23,23,23,21,28,28,35,60,68,65,65,65,67,64,64,54,54,41,37,37,35,33,45,53,64,68,68,68,37,37,49,32,39,39,51,22,36,27,22,37,10,57,72,72,0,0],"gold":45,"neow_bonus":"REMOVE_TWO","is_daily":false,"chose_seed":false,"campfire_upgraded":6,"win_rate":0.0,"timestamp":1611847663,"path_taken":["M","?","M","M","M","E","M","R","T","E","?","R","E","?","R","BOSS","M","M","?","$","M","E","?","E","T","E","?","R","M","E","R","BOSS","M","M","?","M","$","R","E","M","T","R","M","E","M","?","R","BOSS","R","$","E"],"items_purchased_type":["Relic","Card","Relic","Relic","Relic","Relic","Card"],"build_version":"2020-12-22","purchased_purges":1,"victory":false,"max_hp_per_floor":[68,68,68,68,68,68,68,68,68,68,68,68,68,68,68,68,68,68,68,68,68,68,68,68,68,68,68,68,68,68,68,68,68,68,68,68,68,68,68,68,70,72,72,72,72,72,72,72,72,72,72,72,72,72,72],"card_choices":[{"not_picked":["Leap","Rebound"],"picked":"Go for the Eyes","floor":1.0},{"not_picked":["Sunder","Turbo","Rebound"],"picked":"SKIP","floor":3.0},{"not_picked":["Hologram","Stack"],"picked":"Seek","floor":4.0},{"not_picked":["Chill","Darkness"],"picked":"Self Repair","floor":5.0},{"not_picked":["Storm","Go for the Eyes"],"picked":"Coolheaded","floor":6.0},{"not_picked":["Steam","Streamline"],"picked":"FTL","floor":7.0},{"not_picked":["Chill","Coolheaded"],"picked":"Sweeping Beam","floor":10.0},{"not_picked":["Leap","Hologram"],"picked":"Steam","floor":13.0},{"not_picked":["Static Discharge","Buffer","Leap"],"picked":"SKIP","floor":14.0},{"not_picked":["Meteor Strike","Buffer"],"picked":"Echo Form","floor":16.0},{"not_picked":["Coolheaded+1","Streamline","Cold Snap"],"picked":"SKIP","floor":18.0},{"not_picked":["Turbo","Hologram"],"picked":"Beam Cell","floor":19.0},{"not_picked":["Compile Driver","Static Discharge","Lockon"],"picked":"SKIP","floor":22.0},{"not_picked":["Stack","Melter+1","Genetic Algorithm"],"picked":"SKIP","floor":23.0},{"not_picked":["Rip and Tear","Amplify","Capacitor"],"picked":"SKIP","floor":25.0},{"not_picked":["Redo","Chaos","Go for the Eyes"],"picked":"SKIP","floor":27.0},{"not_picked":["Capacitor","Barrage"],"picked":"Conserve Battery","floor":28.0},{"not_picked":["Barrage","Auto Shields","Conserve Battery+1"],"picked":"SKIP","floor":30.0},{"not_picked":["Barrage","Auto Shields"],"picked":"Conserve Battery+1","floor":30.0},{"not_picked":["Tempest","Steam Power","Redo"],"picked":"SKIP","floor":31.0},{"not_picked":["Rainbow","Biased Cognition"],"picked":"Machine Learning","floor":33.0},{"not_picked":["Cold Snap+1","Reinforced Body","Beam Cell"],"picked":"SKIP","floor":35.0},{"not_picked":["Steam+1","Sweeping Beam"],"picked":"Streamline+1","floor":36.0},{"not_picked":["Turbo+1","Beam Cell+1"],"picked":"Skim+1","floor":38.0},{"not_picked":["Reinforced Body","Steam+1","Rebound+1"],"picked":"Singing Bowl","floor":41.0},{"not_picked":["Capacitor","Fusion","Conserve Battery"],"picked":"Singing Bowl","floor":42.0},{"not_picked":["Cold Snap+1","Self Repair+1"],"picked":"Loop+1","floor":45.0},{"not_picked":["Turbo","Skim+1"],"picked":"Redo+1","floor":46.0},{"not_picked":["FTL+1","Lockon"],"picked":"White Noise+1","floor":47.0},{"not_picked":["Finesse","Panacea"],"picked":"Violence","floor":48.0},{"not_picked":["Mind Blast","Transmutation"],"picked":"Madness","floor":48.0}],"player_experience":350236,"relics_obtained":[{"floor":6.0,"key":"PreservedInsect"},{"floor":9.0,"key":"Centennial Puzzle"},{"floor":10.0,"key":"Bottled Tornado"},{"floor":13.0,"key":"Pen Nib"},{"floor":23.0,"key":"Incense Burner"},{"floor":25.0,"key":"Regal Pillow"},{"floor":26.0,"key":"CeramicFish"},{"floor":27.0,"key":"Potion Belt"},{"floor":31.0,"key":"Eternal Feather"},{"floor":41.0,"key":"Singing Bowl"},{"floor":46.0,"key":"Ornamental Fan"}],"event_choices":[{"damage_healed":0.0,"max_hp_gain":0.0,"max_hp_loss":0.0,"gold_gain":0.0,"event_name":"Golden Idol","player_choice":"Take Damage","floor":2.0,"gold_loss":0.0,"damage_taken":17.0,"relics_obtained":["Golden Idol"]},{"damage_healed":0.0,"max_hp_gain":0.0,"max_hp_loss":0.0,"gold_gain":0.0,"event_name":"Ghosts","player_choice":"Ignored","floor":20.0,"gold_loss":0.0,"damage_taken":0.0},{"damage_healed":0.0,"max_hp_gain":0.0,"max_hp_loss":0.0,"gold_gain":250.0,"event_name":"The Joust","player_choice":"Bet on Owner","floor":24.0,"gold_loss":50.0,"damage_taken":0.0},{"damage_healed":0.0,"max_hp_gain":0.0,"max_hp_loss":0.0,"gold_gain":0.0,"event_name":"Tomb of Lord Red Mask","player_choice":"Ignored","floor":37.0,"gold_loss":0.0,"damage_taken":0.0},{"damage_healed":0.0,"max_hp_gain":0.0,"max_hp_loss":0.0,"gold_gain":0.0,"event_name":"SensoryStone","player_choice":"Memory 2","floor":48.0,"gold_loss":0.0,"damage_taken":5.0}],"is_beta":false,"boss_relics":[{"not_picked":["Astrolabe","Inserter"],"picked":"SlaversCollar"},{"not_picked":["Philosopher\u0027s Stone","Cursed Key"],"picked":"Nuclear Battery"}],"items_purged_floors":[53],"is_endless":false,"potions_floor_spawned":[5,7,10,13,23,30,31,33,41,42,46],"killed_by":"Shield and Spear","ascension_level":6}}