{"host":"cgwysqtmt736mr58","time":1611801222,"event":{"mods":["2.2 Compatiblity","Aspiration","BaseMod","Beaked The Cultist","BetterRewards","Colored Map","Colored Powertips","Downfall","Duelist Mod","GifTheSpireLib","Googly Eyes","Halation","Hermit","Hubris","Infinite Spire","Lobotomy","LobotomyExtend","Marisa????????","Minty Spire (QoL Compilation)","Relic Stats","Replay The Spire","Shade Mod","StSLib","The Bug Knight","The Construct","The Cursed","The Disciple","The Exalted","The Jungle","The Necromancer","The Runesmith","The Servant 0.9.4","The Wild Card","Waifu the Spire","Yuri Mod"],"gold_per_floor":[99,199,48,59,59,73,73,108,120,105,5,25,25,35,47,47,47,47],"floor_reached":16,"language":"ENG","playtime":519,"items_purged":[],"score":128,"play_id":"83509ff6-a9f0-4364-8491-c5c806d83fb9","local_time":"20210128133342","is_ascension_mode":true,"campfire_choices":[{"floor":1,"key":"RECALL"},{"floor":11,"key":"REST"},{"floor":13,"key":"REST"}],"circlet_count":0,"master_deck":["bronze:Strike","bronze:Strike","bronze:Strike","bronze:Strike","bronze:Defend","bronze:Defend","bronze:Defend","bronze:Defend","bronze:Replicate+1","bronze:Goto","bronze:Separator","bronze:BronzeOrb","bronze:ChosenStrike","bronze:Frontload","bronze:Library","bronze:Separator","bronze:WildBeam","bronze:Backtrace","bronze:Iterate","bronze:DelayedSlice"],"relics":["bronze:BronzeCore","LetterFromLob","downfall:ShatteredFragment","Pear","hubris:Zylophone","downfall:HeartBlessingRed"],"acts_visited":["Exordium"],"potions_floor_usage":[8,10,16],"damage_taken":[{"damage":5,"enemies":"downfall:FleeingMerchant","floor":3,"turns":4},{"damage":0,"enemies":"Small Slimes","floor":4,"turns":1},{"damage":7,"enemies":"2 Louse","floor":6,"turns":2},{"damage":5,"enemies":"Gremlin Nob","floor":8,"turns":3},{"damage":0,"enemies":"Jaw Worm","floor":9,"turns":2},{"damage":10,"enemies":"downfall:FleeingMerchant","floor":10,"turns":4},{"damage":3,"enemies":"2 Fungi Beasts","floor":12,"turns":2},{"damage":2,"enemies":"Blue Slaver","floor":14,"turns":2},{"damage":0,"enemies":"3 Louse","floor":15,"turns":2},{"damage":82,"enemies":"SI_SHIV_ARCHETYPE","floor":16,"turns":7}],"seed_played":"-578788957366311137","potions_obtained":[{"floor":4,"key":"PowerPotion"},{"floor":9,"key":"Reflective Coating"},{"floor":14,"key":"Guardian:BlockOnCardUsePotion"}],"is_trial":false,"path_per_floor":["R_BF","?","$","M","?","M","T","E","M","$","R","M","R","M","M","B"],"character_chosen":"THE_AUTOMATON","items_purchased":["bronze:BronzeOrb","bronze:ChosenStrike"],"campfire_rested":2,"item_purchase_floors":[3,3],"current_hp_per_floor":[70,70,65,65,44,37,47,42,42,32,56,53,77,75,75,0,0,0],"gold":47,"neow_bonus":"UPGRADE_CARD","is_daily":false,"chose_seed":false,"campfire_upgraded":0,"win_rate":0.0,"timestamp":1611801222,"path_taken":["R_BF","?","$","M","?","M","T","E","M","$","R","M","R","M","M","BOSS"],"items_purchased_type":["Card","Card"],"build_version":"2020-12-22","purchased_purges":0,"victory":false,"max_hp_per_floor":[70,70,70,70,70,70,80,80,80,80,80,80,80,80,80,80,80,80],"relic_stats":{"counters":[10,29],"obtain_stats":[{"hubris:Zylophone":8,"bronze:BronzeCore":0,"downfall:ShatteredFragment":5,"Pear":7,"downfall:HeartBlessingRed":11,"LetterFromLob":4},{"hubris:Zylophone":4,"bronze:BronzeCore":0,"downfall:ShatteredFragment":2,"Pear":3,"downfall:HeartBlessingRed":6,"LetterFromLob":2},{"hubris:Zylophone":10,"bronze:BronzeCore":0,"downfall:ShatteredFragment":5,"Pear":7,"downfall:HeartBlessingRed":16,"LetterFromLob":5}]},"card_choices":[{"not_picked":["bronze:Allocate","bronze:BugBarrage"],"picked":"bronze:Separator","floor":3},{"not_picked":["bronze:Return","bronze:Repulsor"],"picked":"bronze:Frontload","floor":4},{"not_picked":["bronze:Invalidate","bronze:Frontload","bronze:Overload"],"picked":"SKIP","floor":6},{"not_picked":["bronze:BitShift","bronze:BuggyMess"],"picked":"bronze:Library","floor":8},{"not_picked":["bronze:Fortify","bronze:Branch"],"picked":"bronze:Separator","floor":9},{"not_picked":["bronze:ClassDefault","bronze:CutThrough"],"picked":"bronze:WildBeam","floor":10},{"not_picked":["bronze:DelayedGuard","bronze:Branch"],"picked":"bronze:Backtrace","floor":12},{"not_picked":["bronze:BugBarrage","bronze:Philosophize"],"picked":"bronze:Iterate","floor":14},{"not_picked":["bronze:Return","bronze:Mutator"],"picked":"bronze:DelayedSlice","floor":15}],"player_experience":1071842,"relics_obtained":[{"floor":4,"key":"LetterFromLob"},{"floor":7,"key":"Pear"},{"floor":8,"key":"hubris:Zylophone"}],"event_choices":[],"is_beta":false,"boss_relics":[],"items_purged_floors":[],"is_endless":false,"potions_floor_spawned":[4,9,14],"killed_by":"SI_SHIV_ARCHETYPE","ascension_level":5}}