{"host":"57rytaa21d5yl0hy","time":1611800194,"event":{"mods":["Act Like it!","BaseMod","Challenge The Spire","Friendly Minions","Gensokyo","KinomotoSakuraMod(木之本樱)","Kiyohime（清姬）","Lobotomy","LobotomyExtend","Minty Spire (QoL Compilation)","Poem Panic","Replay The Spire","RumiaBox-露米娅的神秘盒子","StSLib","The Senshi","Yuri Mod"],"gold_per_floor":[115,115,125,143,143,143,143,143],"floor_reached":7,"language":"ZHS","playtime":232,"items_purged":[],"score":51,"play_id":"5e230855-3a02-419e-bc43-b15d1b08739f","local_time":"20210128101634","is_ascension_mode":true,"campfire_choices":[],"circlet_count":0,"master_deck":["SpecialBullet","SpecialBullet","SpecialBullet","SpecialBullet","SpecialBullet","SpecialBullet","SpecialBullet","SpecialBullet","InformationCode","RecordCode","TrainingCode","ShyLook","Beak","Wellcheers","Horn","GreedKing","Soda","Clumsy"],"relics":["CogitoBucket","RabbitCall","Anchor","Baka","LetterFromLob","Orichalcum","Gensokyo:NagashiBinaDoll"],"acts_visited":["Gensokyo:Gensokyo"],"potions_floor_usage":[7],"damage_taken":[{"damage":0,"enemies":"Gensokyo:Python","floor":1,"turns":2},{"damage":7,"enemies":"Gensokyo:3_Fairies","floor":3,"turns":6},{"damage":0,"enemies":"Gensokyo:Gryphon","floor":4,"turns":3},{"damage":26,"enemies":"Gensokyo:Mamizou","floor":7,"turns":12}],"seed_played":"-3928867819911096361","potions_obtained":[{"floor":3,"key":"Venom Potion"},{"floor":4,"key":"Languid Potion"}],"is_trial":false,"path_per_floor":["M","?","M","M","?","R","E"],"character_chosen":"Angela","items_purchased":[],"campfire_rested":0,"item_purchase_floors":[],"current_hp_per_floor":[70,56,49,52,52,52,26,26],"gold":143,"neow_bonus":"RANDOM_COMMON_RELIC","is_daily":false,"chose_seed":false,"campfire_upgraded":0,"win_rate":0.0,"timestamp":1611800194,"path_taken":["M","?","?","M","?","R","E"],"items_purchased_type":[],"build_version":"2020-12-22","purchased_purges":0,"victory":false,"max_hp_per_floor":[70,70,70,70,70,70,70,70],"card_choices":[{"not_picked":["PunishingBird","VoidDream"],"picked":"ShyLook","floor":1},{"not_picked":["Lantern"],"picked":"Beak","floor":1},{"not_picked":["PunishingBird","SpiderBud"],"picked":"Wellcheers","floor":3},{"not_picked":["Hypocrisy"],"picked":"Horn","floor":3},{"not_picked":["UniverseFragment","CrumblingArmor"],"picked":"GreedKing","floor":4},{"not_picked":["Adoration"],"picked":"Soda","floor":4}],"player_experience":314263,"relics_obtained":[{"floor":1,"key":"Baka"},{"floor":1,"key":"LetterFromLob"}],"event_choices":[],"is_beta":false,"boss_relics":[],"items_purged_floors":[],"is_endless":false,"potions_floor_spawned":[3,4],"killed_by":"Gensokyo:Mamizou","ascension_level":5}}