{"host":"vx9g5eyuglzorf3u","time":1611851634,"event":{"mods":["2.2 Compatiblity","BaseMod","DeckTracker","Keyboard Shortcuts","Minty Spire (QoL Compilation)","Relic Stats","StSLib","SuperFastMode","everything is the same but u backflip on backflip"],"gold_per_floor":[109,129,147,165,179,211,229,229,229,229,229,189,40,56,56,56,56],"floor_reached":16,"language":"KOR","playtime":330,"items_purged":["Strike_R"],"score":208,"play_id":"c7b310ef-046b-40d0-8421-263f25816547","local_time":"20210129013354","is_ascension_mode":true,"campfire_choices":[{"data":"Immolate","floor":8.0,"key":"SMITH"},{"floor":11.0,"key":"REST"},{"data":"Evolve","floor":15.0,"key":"SMITH"}],"circlet_count":0,"master_deck":["AscendersBane","Strike_R","Strike_R","Strike_R","Defend_R","Defend_R","Defend_R","Defend_R","Bash","Immolate+1","Wild Strike","Shrug It Off","Body Slam","Burning Pact","Power Through","Fire Breathing","Evolve+1"],"relics":["Burning Blood","Bottled Lightning","Matryoshka"],"acts_visited":["Exordium"],"potions_floor_usage":[16,16],"damage_taken":[{"damage":6.0,"enemies":"Cultist","floor":1.0,"turns":3.0},{"damage":7.0,"enemies":"Jaw Worm","floor":2.0,"turns":3.0},{"damage":8.0,"enemies":"2 Louse","floor":3.0,"turns":3.0},{"damage":0.0,"enemies":"Gremlin Gang","floor":4.0,"turns":2.0},{"damage":34.0,"enemies":"Large Slime","floor":5.0,"turns":8.0},{"damage":37.0,"enemies":"Lagavulin","floor":6.0,"turns":6.0},{"damage":11.0,"enemies":"Exordium Thugs","floor":7.0,"turns":4.0},{"damage":2.0,"enemies":"Looter","floor":14.0,"turns":3.0},{"damage":35,"enemies":"Hexaghost","floor":16,"turns":9}],"seed_played":"3238283145023095879","potions_obtained":[{"floor":2.0,"key":"Regen Potion"},{"floor":4.0,"key":"Ancient Potion"},{"floor":7.0,"key":"BlessingOfTheForge"},{"floor":12.0,"key":"DistilledChaos"}],"is_trial":false,"path_per_floor":["M","M","M","M","M","E","M","R","T","?","R","?","$","M","R","B"],"character_chosen":"IRONCLAD","items_purchased":["Fire Breathing"],"campfire_rested":1,"item_purchase_floors":[13],"current_hp_per_floor":[68,67,65,68,52,21,16,16,16,9,29,29,29,33,33,0,0],"gold":56,"neow_bonus":"THREE_RARE_CARDS","is_daily":false,"chose_seed":false,"campfire_upgraded":2,"win_rate":0.0,"timestamp":1611851634,"path_taken":["M","M","?","M","M","E","?","R","T","?","R","?","$","?","R","BOSS"],"items_purchased_type":["Card"],"build_version":"2020-12-22","purchased_purges":1,"victory":false,"max_hp_per_floor":[68,68,68,68,68,68,68,68,68,68,68,68,68,68,68,68,68],"relic_stats":{"counters":[9,41],"obtain_stats":[{"Matryoshka":9,"Bottled Lightning":6,"Burning Blood":0},{"Matryoshka":7,"Bottled Lightning":6,"Burning Blood":0},{"Matryoshka":29,"Bottled Lightning":25,"Burning Blood":0}],"Burning Blood":45},"card_choices":[{"not_picked":["Bludgeon","Demon Form"],"picked":"Immolate","floor":0.0},{"not_picked":["Heavy Blade","Perfected Strike","Wild Strike"],"picked":"SKIP","floor":1.0},{"not_picked":["Heavy Blade","Perfected Strike"],"picked":"Wild Strike","floor":1.0},{"not_picked":["Pommel Strike","Body Slam","Flex"],"picked":"SKIP","floor":2.0},{"not_picked":["Warcry","True Grit"],"picked":"Shrug It Off","floor":3.0},{"not_picked":["Clothesline","Havoc","Cleave"],"picked":"SKIP","floor":4.0},{"not_picked":["Twin Strike","Perfected Strike"],"picked":"Body Slam","floor":5.0},{"not_picked":["Rage","Iron Wave"],"picked":"Burning Pact","floor":6.0},{"not_picked":["Body Slam","Immolate","Power Through"],"picked":"SKIP","floor":7.0},{"not_picked":["Body Slam","Immolate"],"picked":"Power Through","floor":7.0},{"not_picked":["Iron Wave","Dark Embrace"],"picked":"Evolve","floor":14.0}],"player_experience":1494642,"relics_obtained":[{"floor":6.0,"key":"Bottled Lightning"},{"floor":9.0,"key":"Matryoshka"}],"event_choices":[{"cards_removed":["Strike_R"],"damage_healed":0.0,"max_hp_gain":0.0,"max_hp_loss":0.0,"gold_gain":0.0,"event_name":"Golden Wing","player_choice":"Card Removal","floor":10.0,"gold_loss":0.0,"damage_taken":7.0},{"damage_healed":0.0,"max_hp_gain":0.0,"max_hp_loss":0.0,"gold_gain":0.0,"event_name":"The Woman in Blue","player_choice":"Bought 3 Potions","floor":12.0,"gold_loss":0.0,"damage_taken":0.0}],"is_beta":false,"boss_relics":[],"items_purged_floors":[13],"is_endless":false,"potions_floor_spawned":[2,4,7,14],"killed_by":"Hexaghost","ascension_level":20}}