{"host":"4jpe1m3cviuzvkch","time":1611826269,"event":{"mods":["BaseMod","Marisa£®ÏF”Í°°ƒß¿Ì…≥£©","Minty Spire (QoL Compilation)","Remilia£®¿Ÿ√◊¿Ú—«£©","StSLib","The Servant 0.9.4","Youmu£®ªÍ∆«—˝√Œ£©"],"gold_per_floor":[118,118,118,135,147,174,186,65,65,82,116,116,116,142,142,266,266,302,317,330,429,460,460,81,81,81,81,109,148,173,27,27,27,27],"floor_reached":33,"language":"ZHS","playtime":6223,"items_purged":["Defend_RM","Wrath_TH"],"score":338,"play_id":"1de31a34-8f41-4aae-80c0-de33b0955ae6","local_time":"20210128173109","is_ascension_mode":true,"campfire_choices":[{"data":"MastersStateliness","floor":12,"key":"SMITH"},{"data":"Stigmanizer","floor":15,"key":"SMITH"},{"floor":23,"key":"REST"},{"data":"ScarletNetherworld","floor":25,"key":"SMITH"},{"data":"QueenOfMidnight","floor":32,"key":"SMITH"}],"circlet_count":0,"master_deck":["Strike_RM","Strike_RM","Strike_RM","Defend_RM","Defend_RM","RedMoon","ScarletShoot+1","RedRainbow","RedRainbow","ScarletImprint","EndlessAdversity+1","BloodHunter+1","MastersStateliness+1","FavorOfDestiny","Stigmanizer+1","EquivalentExchange","ScarletMeister","UltimateOffering","StarOfDavid","Stigmanizer","BlasphemousPunishment+1","ScarletNetherworld+1","EndlessPower","VampireFantasy","QueenOfMidnight+1","NightDance"],"relics":["ScarletHat","NeowsBlessing","PreservedInsect","Bottled Lightning","Gungnir","Philosopher\u0027s Stone","Juzu Bracelet","Whetstone","Mummified Hand","Vajra","Centennial Puzzle"],"acts_visited":["Exordium","TheCity"],"potions_floor_usage":[10,10,19,22,29,29,29,29,30,30,33],"damage_taken":[{"damage":0,"enemies":"2 Louse","floor":1,"turns":2},{"damage":0,"enemies":"Cultist","floor":4,"turns":1},{"damage":0,"enemies":"Jaw Worm","floor":5,"turns":1},{"damage":16,"enemies":"3 Sentries","floor":6,"turns":9},{"damage":0,"enemies":"3 Louse","floor":7,"turns":3},{"damage":7,"enemies":"Exordium Thugs","floor":10,"turns":3},{"damage":4,"enemies":"Blue Slaver","floor":11,"turns":3},{"damage":1,"enemies":"Gremlin Nob","floor":14,"turns":3},{"damage":58,"enemies":"The Guardian","floor":16,"turns":8},{"damage":17,"enemies":"Chosen","floor":18,"turns":5},{"damage":18,"enemies":"3 Byrds","floor":19,"turns":4},{"damage":12,"enemies":"Shelled Parasite and Fungi","floor":20,"turns":3},{"damage":38,"enemies":"3 Cultists","floor":22,"turns":6},{"damage":18,"enemies":"Gremlin Leader","floor":28,"turns":4},{"damage":0,"enemies":"Centurion and Healer","floor":29,"turns":7},{"damage":14,"enemies":"Book of Stabbing","floor":30,"turns":3},{"damage":54,"enemies":"Champ","floor":33,"turns":4}],"seed_played":"-1420453130082202907","potions_obtained":[{"floor":4,"key":"AttackPotion"},{"floor":7,"key":"AttackPotion"},{"floor":10,"key":"Strength Potion"},{"floor":18,"key":"Explosive Potion"},{"floor":18,"key":"Regen Potion"},{"floor":22,"key":"DestinyDice"},{"floor":22,"key":"EntropicBrew"},{"floor":29,"key":"DuplicationPotion"},{"floor":29,"key":"DuplicationPotion"}],"is_trial":false,"path_per_floor":["M","?","?","M","M","E","M","$","T","M","M","R","?","E","R","B",null,"M","M","M","?","M","R","$","R","T","?","E","M","E","$","R","B"],"character_chosen":"REMILIA","items_purchased":["FavorOfDestiny","ScarletNetherworld","Juzu Bracelet","Whetstone","NightDance"],"campfire_rested":1,"item_purchase_floors":[8,24,24,24,31],"current_hp_per_floor":[75,75,75,75,75,61,61,61,61,55,51,51,51,52,52,18,75,61,44,44,44,26,48,48,48,48,48,34,39,31,31,31,0,0],"gold":27,"neow_bonus":"THREE_ENEMY_KILL","is_daily":false,"chose_seed":false,"campfire_upgraded":4,"win_rate":0.0,"timestamp":1611826269,"path_taken":["M","?","?","?","M","E","M","?","T","M","M","R","?","E","R","BOSS","M","M","?","?","M","R","$","R","T","?","E","M","E","$","R","BOSS"],"items_purchased_type":["Card","Card","Relic","Relic","Card"],"build_version":"2020-12-22","purchased_purges":2,"victory":false,"max_hp_per_floor":[75,75,75,75,75,75,75,75,75,75,75,75,75,75,75,75,75,75,75,75,75,75,75,75,75,75,75,75,75,75,75,75,75,75],"card_choices":[{"not_picked":["UnstableMagic","ForbiddenFruit"],"picked":"RedRainbow","floor":1},{"not_picked":["RedRainbow","ScarletDevilSign"],"picked":"ScarletImprint","floor":4},{"not_picked":["ForbiddenFruit","ScarletImprint"],"picked":"EndlessAdversity","floor":5},{"not_picked":["EmergencyRegeneration","ScarletDevil"],"picked":"BloodHunter","floor":6},{"not_picked":["ScarletImprint","CharismaGuard"],"picked":"MastersStateliness","floor":7},{"not_picked":["ScarletImprint","UnderTheZenith","ScarletNetherworld"],"picked":"SKIP","floor":10},{"not_picked":["StarOfDavid","ScarletDream"],"picked":"Stigmanizer","floor":11},{"not_picked":["Stigmanizer","BloodHunter"],"picked":"EquivalentExchange","floor":14},{"not_picked":["BloodRain","ChaoticDestiny"],"picked":"ScarletMeister","floor":16},{"not_picked":["EndlessAdversity+1","MillenniumVampire"],"picked":"UltimateOffering","floor":18},{"not_picked":["CharismaGuard","MiserableFate"],"picked":"StarOfDavid","floor":19},{"not_picked":["EndlessAdversity","ScarletNetherworld"],"picked":"Stigmanizer","floor":20},{"not_picked":["RedNightlessCastle","UnderTheZenith"],"picked":"BlasphemousPunishment+1","floor":22},{"not_picked":["TwelveNightmare","ScarletSymphony"],"picked":"VampireFantasy","floor":28},{"not_picked":["FavorOfDestiny","ScarletDevil","Stigmanizer"],"picked":"SKIP","floor":29},{"not_picked":["RedRainbow+1","BloodyMagicSquare+1"],"picked":"QueenOfMidnight","floor":30}],"player_experience":301981,"relics_obtained":[{"floor":6,"key":"PreservedInsect"},{"floor":9,"key":"Bottled Lightning"},{"floor":14,"key":"Gungnir"},{"floor":26,"key":"Mummified Hand"},{"floor":28,"key":"Vajra"},{"floor":30,"key":"Centennial Puzzle"}],"event_choices":[{"damage_healed":0,"gold_gain":0,"cards_transformed":["Strike_RM"],"player_choice":"Change","damage_taken":0,"max_hp_gain":0,"max_hp_loss":0,"event_name":"Living Wall","floor":2,"gold_loss":0,"cards_obtained":["RedRainbow"]},{"cards_removed":["Defend_RM"],"damage_healed":0,"gold_gain":0,"player_choice":"Purged","damage_taken":0,"max_hp_gain":0,"max_hp_loss":0,"event_name":"Purifier","floor":3,"gold_loss":0},{"damage_healed":0,"gold_gain":0,"player_choice":"Upgraded","damage_taken":0,"max_hp_gain":0,"max_hp_loss":0,"event_name":"Upgrade Shrine","floor":13,"gold_loss":0,"cards_upgraded":["BloodHunter"]},{"damage_healed":0,"gold_gain":99,"player_choice":"Stole From Cult","damage_taken":0,"max_hp_gain":0,"max_hp_loss":0,"event_name":"Nest","floor":21,"gold_loss":0}],"is_beta":false,"boss_relics":[{"not_picked":["Snecko Eye","Runic Pyramid"],"picked":"Philosopher\u0027s Stone"}],"items_purged_floors":[8,31],"is_endless":false,"potions_floor_spawned":[4,7,10,18,22,28,29],"killed_by":"Champ","ascension_level":1}}