{"host":"f0gpob8hq9vgebej","time":1611825379,"event":{"mods":["AchievementEnabler","BaseMod","Minty Spire (QoL Compilation)","Quick Restart","SuperFastMode"],"gold_per_floor":[113,124,144,144,164,164,199,209,232,6,20,20,32,50,50,155,155,173,190,209,209,209],"floor_reached":21,"language":"KOR","playtime":522,"items_purged":["Strike_B"],"score":281,"play_id":"ce4e0a1e-460f-4aec-b1c6-363f4f29dc31","local_time":"20210128181619","is_ascension_mode":true,"campfire_choices":[{"data":"Fission","floor":6.0,"key":"SMITH"},{"floor":12.0,"key":"REST"},{"floor":15.0,"key":"REST"}],"circlet_count":0,"master_deck":["AscendersBane","Strike_B","Strike_B","Defend_B","Defend_B","Defend_B","Defend_B","Zap","Dualcast","Fission+1","White Noise","Ball Lightning","Loop","Defragment","Recycle","BootSequence","Heatsinks","Coolheaded","Capacitor","Creative AI","Amplify","White Noise+1","Auto Shields+1","Glacier+1"],"relics":["Cracked Core","Ornamental Fan","Art of War","Runic Pyramid"],"acts_visited":["Exordium","TheCity"],"potions_floor_usage":[16,16],"damage_taken":[{"damage":0.0,"enemies":"Small Slimes","floor":1.0,"turns":2.0},{"damage":0.0,"enemies":"Cultist","floor":2.0,"turns":4.0},{"damage":17.0,"enemies":"2 Louse","floor":3.0,"turns":3.0},{"damage":12.0,"enemies":"Looter","floor":5.0,"turns":3.0},{"damage":11.0,"enemies":"Lagavulin","floor":7.0,"turns":5.0},{"damage":8.0,"enemies":"Exordium Thugs","floor":8.0,"turns":5.0},{"damage":18.0,"enemies":"Large Slime","floor":11.0,"turns":7.0},{"damage":12.0,"enemies":"Gremlin Gang","floor":13.0,"turns":5.0},{"damage":1.0,"enemies":"Exordium Thugs","floor":14.0,"turns":4.0},{"damage":8,"enemies":"The Guardian","floor":16,"turns":11},{"damage":0,"enemies":"Chosen","floor":18,"turns":4},{"damage":26,"enemies":"Shell Parasite","floor":19,"turns":5},{"damage":17,"enemies":"Snecko","floor":20,"turns":7},{"damage":22,"enemies":"Snake Plant","floor":21,"turns":2}],"seed_played":"-3841585260151308850","potions_obtained":[{"floor":1.0,"key":"EntropicBrew"},{"floor":2.0,"key":"LiquidMemories"},{"floor":3.0,"key":"FairyPotion"},{"floor":13.0,"key":"BlessingOfTheForge"},{"floor":20,"key":"Fire Potion"}],"is_trial":false,"path_per_floor":["M","M","M","?","M","R","E","M","T","$","M","R","M","M","R","B",null,"M","M","M","M"],"character_chosen":"DEFECT","items_purchased":["BootSequence","Heatsinks"],"campfire_rested":2,"item_purchase_floors":[10,10],"current_hp_per_floor":[50,50,33,33,21,21,10,2,2,2,7,29,17,16,38,30,64,64,38,21,0,0],"gold":209,"neow_bonus":"THREE_RARE_CARDS","is_daily":false,"chose_seed":false,"campfire_upgraded":1,"win_rate":0.0,"timestamp":1611825379,"path_taken":["M","M","M","?","M","R","E","M","T","$","M","R","M","M","R","BOSS","M","M","M","M"],"items_purchased_type":["Card","Card"],"build_version":"2020-12-22","purchased_purges":1,"victory":false,"max_hp_per_floor":[75,75,75,75,75,75,75,75,75,75,75,75,75,75,75,75,75,75,75,75,75,75],"card_choices":[{"not_picked":["Meteor Strike","Thunder Strike"],"picked":"Fission","floor":0.0},{"not_picked":["Aggregate","Double Energy"],"picked":"White Noise","floor":1.0},{"not_picked":["Streamline","Stack"],"picked":"Ball Lightning","floor":2.0},{"not_picked":["Stack","Reprogram","Streamline"],"picked":"SKIP","floor":3.0},{"not_picked":["Skim","Go for the Eyes"],"picked":"Loop","floor":5.0},{"not_picked":["Steam","Lockon"],"picked":"Defragment","floor":7.0},{"not_picked":["Leap","Ball Lightning"],"picked":"Recycle","floor":8.0},{"not_picked":["Go for the Eyes","Melter"],"picked":"Coolheaded","floor":11.0},{"not_picked":["Ball Lightning","BootSequence"],"picked":"Capacitor","floor":13.0},{"not_picked":["Sweeping Beam","Gash"],"picked":"Creative AI","floor":14.0},{"not_picked":["All For One","Machine Learning"],"picked":"Amplify","floor":16},{"not_picked":["Cold Snap","Hologram+1"],"picked":"White Noise+1","floor":18},{"not_picked":["Turbo","Recycle"],"picked":"Auto Shields+1","floor":19},{"not_picked":["Rip and Tear","Amplify"],"picked":"Glacier+1","floor":20}],"player_experience":279378,"relics_obtained":[{"floor":7.0,"key":"Ornamental Fan"},{"floor":9.0,"key":"Art of War"}],"event_choices":[{"cards_removed":["Strike_B"],"damage_healed":0.0,"max_hp_gain":0.0,"max_hp_loss":0.0,"gold_gain":0.0,"event_name":"Purifier","player_choice":"Purged","floor":4.0,"gold_loss":0.0,"damage_taken":0.0}],"is_beta":false,"boss_relics":[{"not_picked":["Busted Crown","Tiny House"],"picked":"Runic Pyramid"}],"items_purged_floors":[10],"is_endless":false,"potions_floor_spawned":[1,2,3,13,20],"killed_by":"Snake Plant","ascension_level":10}}