{"host":"9j472d1lqxyi8fmj","time":1611856923,"event":{"mods":["AchievementEnabler","Aspiration","BaseMod","Better Note","BetterRewards","Block Reminder","Colored Powertips","Downfall","Hermit","Hubris","Minty Spire (QoL Compilation)","Potion Indicator Mod","Rare Cards Sparkle","Relic Filter","Spicy Shops","StSLib","The Runesmith","Virulent Crown"],"gold_per_floor":[99,115,115,145,12,27,73,2,28,28,28,46,66,2,14,14,14,14],"floor_reached":16,"language":"ENG","playtime":826,"items_purged":[],"score":100,"play_id":"86d2176a-4114-46a1-9dc2-1b12f3c82829","local_time":"20210128130203","is_ascension_mode":false,"campfire_choices":[{"data":"hexamod:Sear","floor":1,"key":"SMITH"},{"data":"hexamod:FastForward","floor":11,"key":"SMITH"}],"circlet_count":0,"master_deck":["hexamod:Strike","hexamod:Strike","hexamod:Strike","hexamod:Strike","hexamod:Defend","hexamod:Defend","hexamod:Defend","hexamod:Defend","hexamod:Sear+1","hexamod:Float+1","hexamod:ExtraCrispy","hexamod:AdvancingGuard","hexamod:GhostOfSpirePast","hexamod:HeatShield","hexamod:SoulSteal","hexamod:FastForward+1","hexamod:ChargedBarrage","hexamod:HeatMetal","hexamod:GhostOfSpirePresent","hexamod:HauntingEcho","hexamod:FastForward","hexamod:Again","hexamod:ApocalypticArmor"],"relics":["hexamod:SpiritBrand","Tiny Chest","Vajra","Centennial Puzzle"],"acts_visited":["Exordium"],"potions_floor_usage":[],"damage_taken":[{"damage":2,"enemies":"2 Louse","floor":2,"turns":3},{"damage":0,"enemies":"downfall:FleeingMerchant","floor":5,"turns":4},{"damage":6,"enemies":"Jaw Worm","floor":6,"turns":4},{"damage":2,"enemies":"downfall:FleeingMerchant","floor":8,"turns":4},{"damage":17,"enemies":"Gremlin Nob","floor":9,"turns":4},{"damage":0,"enemies":"Cultist","floor":10,"turns":1},{"damage":0,"enemies":"3 Louse","floor":12,"turns":3},{"damage":15,"enemies":"Exordium Wildlife","floor":13,"turns":4},{"damage":5,"enemies":"downfall:FleeingMerchant","floor":14,"turns":4},{"damage":21,"enemies":"3 Louse","floor":15,"turns":4},{"damage":3,"enemies":"SI_SHIV_ARCHETYPE","floor":16,"turns":3}],"seed_played":"-628919109044463480","potions_obtained":[{"floor":12,"key":"Block Potion"},{"floor":13,"key":"SteroidPotion"}],"is_trial":false,"path_per_floor":["R","M","?","?","$","M","T","$","E","M","R","M","M","$","M","B"],"character_chosen":"THE_SPIRIT","items_purchased":["hexamod:GhostOfSpirePast","hexamod:HeatShield","hexamod:ChargedBarrage","hexamod:HeatMetal","hexamod:SoulburnPotion"],"campfire_rested":0,"item_purchase_floors":[5,5,8,8,14],"current_hp_per_floor":[70,68,68,68,68,62,62,60,43,43,43,43,28,23,2,0,0,0],"gold":14,"neow_bonus":"UPGRADE_CARD","is_daily":false,"chose_seed":false,"campfire_upgraded":2,"win_rate":0.0,"timestamp":1611856923,"path_taken":["R","M","?","?","$","M","T","?","E","M","R","M","?","$","M","BOSS"],"items_purchased_type":["Card","Card","Card","Card","Potion"],"build_version":"2020-12-22","purchased_purges":0,"victory":false,"max_hp_per_floor":[70,70,70,70,70,70,70,70,70,70,70,70,70,70,70,70,70,70],"card_choices":[{"not_picked":["hexamod:Firestarter","hexamod:HeatMetal"],"picked":"hexamod:ExtraCrispy","floor":2},{"not_picked":["hexamod:GhostLash","hexamod:ShieldOfDarkness"],"picked":"hexamod:AdvancingGuard","floor":5},{"not_picked":["hexamod:SuperheatedStrike","hexamod:BurningTouch"],"picked":"hexamod:SoulSteal","floor":6},{"not_picked":["hexamod:InspiringFlames","hexamod:NecessarySacrifice"],"picked":"hexamod:FastForward","floor":8},{"not_picked":["hexamod:SwordOfDarkness","hexamod:TimeOfNeed"],"picked":"hexamod:GhostOfSpirePresent","floor":9},{"not_picked":["hexamod:Firestarter","hexamod:SpectralAdrenaline"],"picked":"hexamod:HauntingEcho","floor":10},{"not_picked":["hexamod:FlamesFromBeyond","hexamod:HeatMetal"],"picked":"hexamod:FastForward","floor":12},{"not_picked":["hexamod:ExtraCrispy","hexamod:SwordOfDarkness","hexamod:ShieldOfDarkness"],"picked":"SKIP","floor":13},{"not_picked":["hexamod:EmpoweredFlame","hexamod:SpectersWail"],"picked":"hexamod:Again","floor":14},{"not_picked":["hexamod:Firestarter","hexamod:Incineration"],"picked":"hexamod:ApocalypticArmor","floor":15}],"player_experience":349844,"relics_obtained":[{"floor":7,"key":"Vajra"},{"floor":9,"key":"Centennial Puzzle"}],"event_choices":[],"is_beta":false,"boss_relics":[],"items_purged_floors":[],"is_endless":false,"potions_floor_spawned":[12,13,15],"killed_by":"SI_SHIV_ARCHETYPE","ascension_level":0}}