{"host":"fjaupvxe7fzqrf4j","time":1611853088,"event":{"mods":["ATMod(°¢èªMod)","BaseMod","Minty Spire (QoL Compilation)","StSLib"],"gold_per_floor":[119,119,119,44,44,83,117,153,153,196,196,230,270,305,305,400,400,425,425,244,119,119,157,198,234,310,341,376,420,460,460,460,558,558,574,1,1,60,60,96,136,172,172,206,250,110,110,146,146,146,146,146,146,8,52,52],"floor_reached":57,"language":"ZHS","playtime":1292,"items_purged":["Dagger Throw","AT_WindFlip","Endless Agony","Acrobatics","Wraith Form v2"],"score":4887,"play_id":"b0c20b82-afb5-4c2d-97a4-458b8abd06dc","local_time":"20210129005808","daily_mods":["SealedDeck","Heirloom","Time Dilation","Flight","Elite Swarm"],"is_ascension_mode":true,"campfire_choices":[{"data":"Tactician","floor":11.0,"key":"SMITH"},{"data":"Backflip","floor":15.0,"key":"SMITH"},{"floor":32.0,"key":"DIG"},{"floor":49.0,"key":"RECALL"},{"floor":53.0,"key":"DIG"}],"circlet_count":0,"master_deck":["AscendersBane","Backstab","PiercingWail","Acrobatics+1","Backflip+1","Tactician+1","Reflex+1","Grand Finale+1","Adrenaline","Well Laid Plans+1","After Image","Deep Breath+1","Prepared","Wraith Form v2+1","Tools of the Trade+1","Malaise"],"relics":["Ring of the Snake","AT_ATBox","StoneCalendar","Golden Idol","AT_RabadonDeathcap","Shovel","AT_SpeedBoots","AT_SilvercatRing","Gambling Chip","Darkstone Periapt","Nunchaku","AT_TrinityForce","Enchiridion","Juzu Bracelet","Prayer Wheel","Bottled Lightning","Matryoshka","StrikeDummy","AT_GoldPhoenixTree","MutagenicStrength","Boot","Runic Pyramid","AT_BellowingDragoncrestRing","OrangePellets","Mango","Ancient Tea Set","Blue Candle","Frozen Egg 2","White Beast Statue","AT_Manta","The Courier","Mercury Hourglass","Torii","Bottled Tornado","Membership Card","Orichalcum"],"acts_visited":["Exordium","TheCity","TheBeyond","TheEnding"],"potions_floor_usage":[56],"damage_taken":[{"damage":0.0,"enemies":"Small Slimes","floor":1.0,"turns":1.0},{"damage":0.0,"enemies":"3 Sentries","floor":6.0,"turns":1.0},{"damage":0.0,"enemies":"Lagavulin","floor":7.0,"turns":1.0},{"damage":0.0,"enemies":"3 Sentries","floor":8.0,"turns":1.0},{"damage":0.0,"enemies":"Lagavulin","floor":10.0,"turns":1.0},{"damage":0.0,"enemies":"3 Sentries","floor":12.0,"turns":1.0},{"damage":0.0,"enemies":"Lagavulin","floor":13.0,"turns":1.0},{"damage":0.0,"enemies":"Gremlin Nob","floor":14.0,"turns":1.0},{"damage":0.0,"enemies":"Hexaghost","floor":16.0,"turns":1.0},{"damage":0.0,"enemies":"3 Byrds","floor":18.0,"turns":1.0},{"damage":0.0,"enemies":"Gremlin Leader","floor":23.0,"turns":1.0},{"damage":0.0,"enemies":"Slavers","floor":24.0,"turns":1.0},{"damage":0.0,"enemies":"Gremlin Leader","floor":25.0,"turns":1.0},{"damage":0.0,"enemies":"Slavers","floor":27.0,"turns":1.0},{"damage":0.0,"enemies":"Gremlin Leader","floor":28.0,"turns":1.0},{"damage":0.0,"enemies":"Slavers","floor":29.0,"turns":1.0},{"damage":0.0,"enemies":"Gremlin Leader","floor":30.0,"turns":1.0},{"damage":0.0,"enemies":"Automaton","floor":33.0,"turns":1.0},{"damage":0.0,"enemies":"3 Darklings","floor":35.0,"turns":1.0},{"damage":0.0,"enemies":"2 Orb Walkers","floor":38.0,"turns":1.0},{"damage":0.0,"enemies":"Giant Head","floor":40.0,"turns":1.0},{"damage":0.0,"enemies":"Nemesis","floor":41.0,"turns":1.0},{"damage":3.0,"enemies":"Giant Head","floor":42.0,"turns":1.0},{"damage":0.0,"enemies":"Reptomancer","floor":44.0,"turns":1.0},{"damage":0.0,"enemies":"Giant Head","floor":45.0,"turns":1.0},{"damage":0.0,"enemies":"Reptomancer","floor":48.0,"turns":1.0},{"damage":0.0,"enemies":"Time Eater","floor":50.0,"turns":2.0},{"damage":0.0,"enemies":"Donu and Deca","floor":51.0,"turns":1.0},{"damage":0.0,"enemies":"Shield and Spear","floor":55.0,"turns":1.0},{"damage":0,"enemies":"The Heart","floor":56,"turns":4}],"seed_played":"6505976906579958495","potions_obtained":[{"floor":8.0,"key":"LiquidMemories"},{"floor":14.0,"key":"AttackPotion"},{"floor":24.0,"key":"GhostInAJar"},{"floor":44.0,"key":"Swift Potion"}],"is_trial":true,"path_per_floor":["M","?","?","$","?","E","E","E","T","E","R","E","E","E","R","B",null,"M","?","$","$","?","E","E","E","T","E","E","E","E","?","R","B",null,"M","$","?","?","?","E","E","E","T","E","E","$","?","E","R","B","B",null,"R","$","E","B",null],"character_chosen":"THE_SILENT","items_purchased":["Well Laid Plans","AT_BellowingDragoncrestRing","OrangePellets","Membership Card"],"campfire_rested":0,"item_purchase_floors":[20,36,36,54],"current_hp_per_floor":[59,64,40,40,40,40,40,40,40,40,40,40,40,40,40,40,63,63,42,42,42,32,32,32,32,32,32,32,32,32,32,32,32,61,61,61,49,63,63,63,63,60,60,60,60,60,60,60,60,60,60,76,76,76,76,76],"gold":52,"neow_bonus":"","is_daily":false,"chose_seed":false,"campfire_upgraded":2,"win_rate":0.0,"timestamp":1611853088,"path_taken":["M","?","?","?","?","E","E","E","T","E","R","E","E","E","R","BOSS","M","?","$","$","?","E","E","E","T","E","E","E","E","?","R","BOSS","M","$","?","?","?","E","E","E","T","E","E","$","?","E","R","BOSS","BOSS","R","$","E","BOSS"],"items_purchased_type":["Card","Relic","Relic","Relic"],"build_version":"2020-12-22","purchased_purges":5,"victory":true,"max_hp_per_floor":[66,71,71,71,71,71,71,71,71,71,71,71,71,71,71,71,71,71,71,71,71,71,71,71,71,71,71,71,71,71,71,71,71,71,71,71,71,85,81,81,81,81,81,81,81,81,81,81,81,81,81,81,81,81,81,81],"card_choices":[{"not_picked":["Underhanded Strike","AT_WindRun","Noxious Fumes"],"picked":"SKIP","floor":1.0},{"not_picked":["Venomology","AT_MyraUnstableElement","Bullet Time"],"picked":"SKIP","floor":6.0},{"not_picked":["AT_EssenceShift","A Thousand Cuts","Phantasmal Killer"],"picked":"SKIP","floor":7.0},{"not_picked":["Adrenaline","AT_EssenceShift"],"picked":"Grand Finale","floor":8.0},{"not_picked":["Night Terror","Doppelganger","Grand Finale"],"picked":"SKIP","floor":10.0},{"not_picked":["Doppelganger","After Image"],"picked":"Adrenaline","floor":12.0},{"not_picked":["Bullet Time","Envenom","AT_EssenceShift"],"picked":"SKIP","floor":13.0},{"not_picked":["Burst","Night Terror","Unload"],"picked":"SKIP","floor":14.0},{"not_picked":["PiercingWail","Acrobatics","Quick Slash"],"picked":"SKIP","floor":18.0},{"not_picked":["Doppelganger","Burst"],"picked":"After Image","floor":23.0},{"not_picked":["Glass Knife","Bullet Time","A Thousand Cuts"],"picked":"SKIP","floor":24.0},{"not_picked":["Adrenaline","AT_KingSlayer","Venomology"],"picked":"SKIP","floor":25.0},{"not_picked":["Envenom","AT_KingSlayer","Venomology"],"picked":"SKIP","floor":27.0},{"not_picked":["Bullet Time","Venomology","A Thousand Cuts"],"picked":"SKIP","floor":28.0},{"not_picked":["Tools of the Trade","Venomology","Night Terror"],"picked":"SKIP","floor":29.0},{"not_picked":["After Image","Adrenaline","Malaise"],"picked":"SKIP","floor":30.0},{"not_picked":["Crippling Poison","Tactician","Deadly Poison"],"picked":"SKIP","floor":35.0},{"not_picked":["Underhanded Strike","Well Laid Plans","Masterful Stab+1"],"picked":"SKIP","floor":35.0},{"not_picked":["Chrysalis","Magnetism"],"picked":"Deep Breath","floor":37.0},{"not_picked":["Blade Dance","Underhanded Strike"],"picked":"Prepared","floor":38.0},{"not_picked":["Die Die Die","Adrenaline"],"picked":"Wraith Form v2","floor":40.0},{"not_picked":["Adrenaline","Phantasmal Killer","Wraith Form v2"],"picked":"SKIP","floor":41.0},{"not_picked":["Die Die Die","Burst"],"picked":"Wraith Form v2+1","floor":42.0},{"not_picked":["Glass Knife","Wraith Form v2+1","AT_EssenceShift+1"],"picked":"SKIP","floor":44.0},{"not_picked":["Tools of the Trade+1","Adrenaline","Die Die Die"],"picked":"SKIP","floor":45.0},{"not_picked":["Adrenaline","Die Die Die"],"picked":"Tools of the Trade+1","floor":45.0},{"not_picked":["Die Die Die","Tools of the Trade+1","Corpse Explosion"],"picked":"SKIP","floor":48.0},{"not_picked":["Malaise","Burst","Tools of the Trade+1"],"picked":"SKIP","floor":55.0},{"not_picked":["Burst","Tools of the Trade+1"],"picked":"Malaise","floor":55.0}],"player_experience":559730,"relics_obtained":[{"floor":6.0,"key":"AT_RabadonDeathcap"},{"floor":7.0,"key":"Shovel"},{"floor":8.0,"key":"AT_SpeedBoots"},{"floor":10.0,"key":"AT_SilvercatRing"},{"floor":12.0,"key":"Gambling Chip"},{"floor":13.0,"key":"Darkstone Periapt"},{"floor":14.0,"key":"Nunchaku"},{"floor":19.0,"key":"Enchiridion"},{"floor":23.0,"key":"Juzu Bracelet"},{"floor":25.0,"key":"Prayer Wheel"},{"floor":26.0,"key":"Bottled Lightning"},{"floor":27.0,"key":"Matryoshka"},{"floor":28.0,"key":"StrikeDummy"},{"floor":30.0,"key":"AT_GoldPhoenixTree"},{"floor":32.0,"key":"Boot"},{"floor":38.0,"key":"Mango"},{"floor":40.0,"key":"Ancient Tea Set"},{"floor":41.0,"key":"Blue Candle"},{"floor":42.0,"key":"Frozen Egg 2"},{"floor":43.0,"key":"White Beast Statue"},{"floor":43.0,"key":"AT_Manta"},{"floor":44.0,"key":"The Courier"},{"floor":45.0,"key":"Mercury Hourglass"},{"floor":48.0,"key":"Torii"},{"floor":53.0,"key":"Bottled Tornado"},{"floor":55.0,"key":"Orichalcum"}],"event_choices":[{"damage_healed":0.0,"max_hp_gain":5.0,"max_hp_loss":0.0,"gold_gain":0.0,"event_name":"Big Fish","player_choice":"Donut","floor":2.0,"gold_loss":0.0,"damage_taken":0.0},{"damage_healed":0.0,"max_hp_gain":0.0,"max_hp_loss":0.0,"gold_gain":0.0,"event_name":"Golden Idol","player_choice":"Take Damage","floor":3.0,"gold_loss":0.0,"damage_taken":24.0,"relics_obtained":["Golden Idol"]},{"damage_healed":0.0,"max_hp_gain":0.0,"max_hp_loss":0.0,"gold_gain":0.0,"event_name":"Living Wall","player_choice":"Grow","floor":5.0,"gold_loss":0.0,"damage_taken":0.0,"cards_upgraded":["Reflex"]},{"damage_healed":0.0,"max_hp_gain":0.0,"max_hp_loss":0.0,"gold_gain":0.0,"event_name":"Cursed Tome","player_choice":"Obtained Book","floor":19.0,"gold_loss":0.0,"damage_taken":21.0},{"damage_healed":0.0,"max_hp_gain":0.0,"max_hp_loss":0.0,"gold_gain":0.0,"event_name":"Wheel of Change","player_choice":"Damaged","floor":22.0,"gold_loss":0.0,"damage_taken":10.0},{"damage_healed":0.0,"max_hp_gain":0.0,"max_hp_loss":0.0,"gold_gain":0.0,"event_name":"Drug Dealer","player_choice":"Inject Mutagens","floor":31.0,"gold_loss":0.0,"damage_taken":0.0,"relics_obtained":["MutagenicStrength"]},{"damage_healed":0.0,"max_hp_gain":0.0,"max_hp_loss":0.0,"gold_gain":0.0,"event_name":"SensoryStone","player_choice":"Memory 3","floor":37.0,"gold_loss":0.0,"damage_taken":10.0},{"damage_healed":0.0,"max_hp_gain":0.0,"max_hp_loss":0.0,"gold_gain":0.0,"event_name":"Mysterious Sphere","player_choice":"Fight","floor":38.0,"gold_loss":0.0,"damage_taken":0.0},{"damage_healed":0.0,"max_hp_gain":0.0,"max_hp_loss":4.0,"gold_gain":0.0,"event_name":"Winding Halls","player_choice":"Max HP","floor":39.0,"gold_loss":0.0,"damage_taken":0.0},{"damage_healed":0.0,"max_hp_gain":0.0,"max_hp_loss":0.0,"gold_gain":0.0,"event_name":"Tomb of Lord Red Mask","player_choice":"Ignored","floor":47.0,"gold_loss":0.0,"damage_taken":0.0}],"is_beta":false,"boss_relics":[{"not_picked":["Ectoplasm","SlaversCollar"],"picked":"AT_TrinityForce"},{"not_picked":["Sozu","Velvet Choker"],"picked":"Runic Pyramid"}],"items_purged_floors":[4,20,21,36,46],"is_endless":false,"potions_floor_spawned":[6,8,13,14,16,24,27,28,38,41,44,45,48,55],"ascension_level":20}}