{"host":"045thl4ktq791vfm","time":1611855568,"event":{"mods":["AchievementEnabler","BaseMod","Better Note","Colored Map","Colored Powertips","Downfall","Googly Eyes","Minty Spire (QoL Compilation)","Quick Restart","Rare Cards Sparkle","StSLib"],"gold_per_floor":[99,112,122,122,136,149,175,175,205,140,160,60,87,102,118,222,222,222,235,25,25,36,21,21,56,41,67,67,95,95,111,131,227,227,227,247,263,281,301,301,301,316,335,335,348,348,358,100,114,114],"floor_reached":51,"language":"ENG","playtime":2875,"items_purged":["Guardian:Strike_Guardian","Guardian:Strike_Guardian","Guardian:Strike_Guardian+1"],"score":775,"play_id":"e3344ee2-0fcd-41ba-97b8-28300c4409a4","local_time":"20210128203928","is_ascension_mode":false,"campfire_choices":[{"floor":1,"key":"RECALL"},{"data":"Guardian:RollAttack","floor":12,"key":"SMITH"},{"data":"Guardian:FloatingOrbs","floor":18,"key":"SMITH"},{"data":"1","floor":30,"key":"LIFT"},{"data":"2","floor":35,"key":"LIFT"},{"data":"3","floor":40,"key":"LIFT"}],"circlet_count":0,"master_deck":["Guardian:Strike_Guardian","Guardian:Defend_Guardian","Guardian:Defend_Guardian+1","Guardian:Defend_Guardian","Guardian:Defend_Guardian","Guardian:CurlUp","Guardian:TwinSlam+1","Guardian:RollAttack+1","Guardian:ChargeCore","Guardian:PiercingHide+1","Guardian:TemporalStrike","Guardian:Reroute","Guardian:ShieldCharger","Guardian:FloatingOrbs+1","Guardian:FloatingOrbs","Guardian:ExploitGems","Guardian:BronzeOrb","Guardian:TemporalShield","Guardian:ShieldCharger+1","Guardian:ExploitGems","Guardian:ChargeCore","Guardian:SentryBeam+1","Parasite","Guardian:PolyBeam","Violence","expansioncontent:AwakenDeath+1"],"relics":["Guardian:ModeShifter","downfall:ShatteredFragment","Vajra","Smiling Mask","downfall:HeartBlessingRed","War Paint","Sozu","Anchor","Eternal Feather","Darkstone Periapt","Membership Card","Girya","Whetstone","Frozen Egg 2","Fusion Hammer","Guardian:PickAxe","Bag of Preparation"],"acts_visited":["Exordium","TheCity","TheBeyond"],"potions_floor_usage":[16,29,39],"damage_taken":[{"damage":2,"enemies":"Small Slimes","floor":2,"turns":4},{"damage":3,"enemies":"Jaw Worm","floor":3,"turns":5},{"damage":0,"enemies":"Cultist","floor":5,"turns":2},{"damage":5,"enemies":"Lots of Slimes","floor":6,"turns":4},{"damage":6,"enemies":"Gremlin Nob","floor":9,"turns":3},{"damage":0,"enemies":"downfall:FleeingMerchant","floor":10,"turns":4},{"damage":0,"enemies":"Large Slime","floor":11,"turns":4},{"damage":3,"enemies":"Lagavulin","floor":13,"turns":4},{"damage":18,"enemies":"Gremlin Gang","floor":14,"turns":2},{"damage":0,"enemies":"3 Louse","floor":15,"turns":2},{"damage":8,"enemies":"DF_ARCHETYPE_STREAMLINE","floor":16,"turns":8},{"damage":5,"enemies":"Chosen","floor":19,"turns":3},{"damage":0,"enemies":"downfall:FleeingMerchant","floor":20,"turns":4},{"damage":5,"enemies":"Shell Parasite","floor":22,"turns":3},{"damage":0,"enemies":"downfall:FleeingMerchant","floor":23,"turns":4},{"damage":22,"enemies":"Gremlin Leader","floor":25,"turns":5},{"damage":6,"enemies":"downfall:FleeingMerchant","floor":26,"turns":3},{"damage":10,"enemies":"Book of Stabbing","floor":27,"turns":4},{"damage":13,"enemies":"Slavers","floor":29,"turns":5},{"damage":0,"enemies":"Snake Plant","floor":31,"turns":3},{"damage":0,"enemies":"Snecko","floor":32,"turns":3},{"damage":0,"enemies":"WA_ARCHETYPE_CALM","floor":33,"turns":7},{"damage":0,"enemies":"Orb Walker","floor":36,"turns":2},{"damage":5,"enemies":"3 Darklings","floor":37,"turns":4},{"damage":8,"enemies":"Spire Growth","floor":38,"turns":3},{"damage":0,"enemies":"Writhing Mass","floor":39,"turns":5},{"damage":0,"enemies":"3 Darklings","floor":42,"turns":4},{"damage":4,"enemies":"Jaw Worm Horde","floor":43,"turns":3},{"damage":10,"enemies":"Maw","floor":45,"turns":5},{"damage":0,"enemies":"Sphere and 2 Shapes","floor":47,"turns":3},{"damage":0,"enemies":"Transient","floor":49,"turns":5},{"damage":75,"enemies":"IC_BLOCK_ARCHETYPE","floor":50,"turns":9}],"seed_played":"5068974520083542941","potions_obtained":[{"floor":6,"key":"Fire Potion"},{"floor":8,"key":"Fire Potion"},{"floor":8,"key":"Block Potion"}],"is_trial":false,"path_per_floor":["R","M","M","?","M","M","T","?","E","$","M","R","E","M","M","B",null,"R","M","$","?","M","$","T","E","$","E","?","E","R","M","M","B",null,"R","M","M","M","M","R","T","M","M","?","M","?","M","$","M","B",null],"character_chosen":"GUARDIAN","items_purchased":["Anchor","Membership Card","Girya","Guardian:Gem_Yellow","Guardian:TemporalShield","Bag of Preparation","Violence","expansioncontent:AwakenDeath"],"campfire_rested":0,"item_purchase_floors":[20,26,26,26,26,48,48,48],"current_hp_per_floor":[88,86,83,59,59,54,54,54,48,48,48,48,45,27,27,19,88,88,83,83,83,78,78,78,56,50,40,40,27,42,42,42,42,88,88,88,83,75,81,93,93,93,89,89,79,79,79,79,79,4],"gold":114,"neow_bonus":"TEN_PERCENT_HP_BONUS","is_daily":false,"chose_seed":false,"campfire_upgraded":2,"win_rate":0.0,"timestamp":1611855568,"path_taken":["R","M","M","?","M","M","T","?","E","$","M","R","E","?","M","BOSS","R","M","?","?","M","$","T","E","$","E","?","E","R","M","M","BOSS","R","M","M","M","M","R","T","?","M","?","?","?","M","$","M","BOSS"],"items_purchased_type":["Relic","Relic","Relic","Card","Card","Relic","Card","Card"],"build_version":"2020-12-22","purchased_purges":3,"victory":true,"max_hp_per_floor":[88,88,88,88,88,88,88,88,88,88,88,88,88,88,88,88,88,88,88,88,88,88,88,88,88,88,88,88,88,88,88,88,88,88,88,88,88,88,94,94,94,94,94,94,94,94,94,94,94,94],"card_choices":[{"not_picked":["Guardian:Gem_Green","Guardian:TimeBomb"],"picked":"Guardian:RollAttack","floor":2},{"not_picked":["Guardian:VentSteam","Guardian:WalkerClaw"],"picked":"Guardian:ChargeCore","floor":3},{"not_picked":["Guardian:ChargeCore","Guardian:FloatingOrbs"],"picked":"Guardian:PiercingHide","floor":5},{"not_picked":["Guardian:TemporalShield","Guardian:GuardianWhirl"],"picked":"Guardian:Gem_Yellow","floor":6},{"not_picked":["Guardian:GuardianWhirl","Guardian:AncientConstruct"],"picked":"Guardian:TemporalStrike","floor":9},{"not_picked":["Guardian:Incinerate","Guardian:PrimingBeam"],"picked":"Guardian:Reroute","floor":10},{"not_picked":["Guardian:WalkerClaw","Guardian:Gem_Green"],"picked":"Guardian:ShieldCharger","floor":11},{"not_picked":["Guardian:FastForward","Guardian:RollAttack"],"picked":"Guardian:FloatingOrbs","floor":13},{"not_picked":["Guardian:BodySlam","Guardian:Suspension"],"picked":"Guardian:Gem_Lightblue","floor":14},{"not_picked":["Guardian:EvasiveProtocol","Guardian:Reroute"],"picked":"Guardian:FloatingOrbs","floor":15},{"not_picked":["Guardian:BaubleBeam","Guardian:FastForward"],"picked":"Guardian:ExploitGems","floor":16},{"not_picked":["Guardian:Suspension+1","Guardian:PrimingBeam"],"picked":"Guardian:Gem_Red","floor":19},{"not_picked":["Guardian:MultiBeam","Guardian:Incinerate"],"picked":"Guardian:BronzeOrb","floor":20},{"not_picked":["Guardian:Recover+1","Guardian:TemporalStrike"],"picked":"Guardian:Gem_Lightblue","floor":22},{"not_picked":["Guardian:Recover","Guardian:TemporalShield"],"picked":"Guardian:Gem_Red","floor":23},{"not_picked":["Guardian:VentSteam","Guardian:TemporalStrike"],"picked":"Guardian:Gem_Blue","floor":25},{"not_picked":["Guardian:TimeSifter","Guardian:BodySlam"],"picked":"Guardian:Gem_Purple","floor":26},{"not_picked":["Guardian:Reroute","Guardian:TimeBomb"],"picked":"Guardian:ShieldCharger+1","floor":27},{"not_picked":["Guardian:Gem_Blue","Guardian:Clone","Guardian:Gem_Yellow"],"picked":"SKIP","floor":29},{"not_picked":["Guardian:WalkerClaw","Guardian:VentSteam"],"picked":"Guardian:Gem_Red","floor":31},{"not_picked":["Guardian:Repulse+1","Guardian:VentSteam+1"],"picked":"Guardian:ChargeCore","floor":32},{"not_picked":["Guardian:StasisStrike","Guardian:FastForward"],"picked":"Guardian:Gem_Synthetic","floor":33},{"not_picked":["Guardian:Planning+1","Guardian:Reroute"],"picked":"Guardian:SentryBeam+1","floor":36},{"not_picked":["Guardian:ArmoredProtocol+1","Guardian:ShieldSpikes","Guardian:Recover"],"picked":"SKIP","floor":37},{"not_picked":["Guardian:EvasiveProtocol+1","Guardian:Gem_Purple","Guardian:PrismaticBarrier"],"picked":"SKIP","floor":38},{"not_picked":["Guardian:WalkerClaw","Guardian:Reroute+1","Guardian:VentSteam+1"],"picked":"SKIP","floor":39},{"not_picked":["Guardian:Planning","Guardian:VentSteam","Guardian:Reroute"],"picked":"SKIP","floor":42},{"not_picked":["Guardian:BronzeOrb","Guardian:Recover","Guardian:Reroute+1"],"picked":"SKIP","floor":43},{"not_picked":["Guardian:Gem_Yellow","Guardian:RevengeProtocol+1"],"picked":"Guardian:PolyBeam","floor":45},{"not_picked":["Guardian:Gem_Red","Guardian:RefractedBeam","Guardian:PrismaticBeam"],"picked":"SKIP","floor":47},{"not_picked":["Guardian:Reroute+1","Guardian:Planning","Guardian:Incinerate"],"picked":"SKIP","floor":49}],"player_experience":155256,"relics_obtained":[{"floor":7,"key":"Vajra"},{"floor":9,"key":"Smiling Mask"},{"floor":13,"key":"War Paint"},{"floor":24,"key":"Eternal Feather"},{"floor":25,"key":"Darkstone Periapt"},{"floor":27,"key":"Whetstone"},{"floor":29,"key":"Frozen Egg 2"},{"floor":41,"key":"Guardian:PickAxe"}],"event_choices":[{"damage_healed":0,"gold_gain":0,"player_choice":"Got Potions","damage_taken":0,"max_hp_gain":0,"max_hp_loss":0,"event_name":"Lab","floor":8,"gold_loss":0},{"damage_healed":0,"gold_gain":0,"player_choice":"Ignored","damage_taken":0,"max_hp_gain":0,"max_hp_loss":0,"event_name":"betterNote:BetterNote","floor":21,"gold_loss":0,"cards_obtained":["Slimebound:SplitLeeching"]}],"is_beta":false,"boss_relics":[{"not_picked":["Velvet Choker","Astrolabe"],"picked":"Sozu"},{"not_picked":["Philosopher\u0027s Stone","Coffee Dripper"],"picked":"Fusion Hammer"}],"items_purged_floors":[10,20,48],"is_endless":false,"potions_floor_spawned":[6,11,14,15,22,25,27,29,33,37,42,43,47,49],"ascension_level":0}}