{"host":"v3oldak69fx1zt0p","time":1611795944,"event":{"mods":["BaseMod","Downfall","Hermit","Minty Spire (QoL Compilation)","Quick Restart","StSLib","Waifu the Spire","noobMod"],"gold_per_floor":[113,128,139,159,28,28,41,41,68,82,92,125,137,10,10,108,108,119,34,34,48,60,60,79,90,113,113,213,138,138,156,156,251,251,261,281,47,66,166,201,221,221,221,221,239,259,259,285,285,285],"floor_reached":51,"language":"ENG","playtime":2292,"items_purged":[],"score":914,"play_id":"d98a08b0-8834-49ac-9e0d-00a56762c3d8","local_time":"20210127190544","is_ascension_mode":false,"campfire_choices":[{"data":"Loop","floor":6,"key":"SMITH"},{"floor":8,"key":"REST"},{"data":"Zap","floor":15,"key":"SMITH"},{"floor":23,"key":"REST"},{"floor":27,"key":"REST"},{"data":"Genetic Algorithm","floor":30,"key":"SMITH"},{"data":"Hello World","floor":32,"key":"SMITH"},{"floor":42,"key":"REST"},{"floor":47,"key":"REST"},{"data":"Echo Form","floor":49,"key":"SMITH"}],"circlet_count":0,"master_deck":["Strike_B","Strike_B","Defend_B","Defend_B","Defend_B","Defend_B","Zap+1","Streamline","Static Discharge","Sweeping Beam","Barrage","Loop+1","Redo","Rip and Tear","Go for the Eyes","Glacier+1","FTL","Loop","Rebound","Buffer","Static Discharge","Double Energy+1","Redo+1","Reboot","Genetic Algorithm+1","Conserve Battery+1","Hello World+1","Echo Form+1","Ball Lightning+1","Undo+1","Static Discharge","Defragment","downfall:Haunted","downfall:Haunted","Clumsy","Buffer","Clumsy","Regret","Redo+1","Conserve Battery","Parasite","Writhe","Streamline+1","All For One","Hello World"],"relics":["Cracked Core","ice","StoneCalendar","Boot","Bag of Marbles","Empty Cage","Oddly Smooth Stone","Spirit Poop","Toy Ornithopter","Turnip","Eternal Feather","Cursed Key","Dream Catcher","Du-Vu Doll","War Paint","Blue Candle","Ginger"],"acts_visited":["Exordium","TheCity","TheBeyond"],"potions_floor_usage":[12,12,12,22,25,28,45,50,50,50],"damage_taken":[{"damage":5,"enemies":"Small Slimes","floor":1,"turns":4},{"damage":6,"enemies":"2 Louse","floor":2,"turns":3},{"damage":6,"enemies":"Cultist","floor":3,"turns":3},{"damage":31,"enemies":"2 Fungi Beasts","floor":4,"turns":3},{"damage":12,"enemies":"3 Louse","floor":7,"turns":2},{"damage":12,"enemies":"Blue Slaver","floor":10,"turns":2},{"damage":21,"enemies":"Exordium Wildlife","floor":11,"turns":3},{"damage":11,"enemies":"3 Sentries","floor":12,"turns":4},{"damage":9,"enemies":"2 Fungi Beasts","floor":13,"turns":3},{"damage":20,"enemies":"Hexaghost","floor":16,"turns":6},{"damage":23,"enemies":"2 Thieves","floor":18,"turns":4},{"damage":0,"enemies":"Chosen","floor":21,"turns":6},{"damage":22,"enemies":"Snake Plant","floor":22,"turns":4},{"damage":11,"enemies":"Centurion and Healer","floor":24,"turns":6},{"damage":27,"enemies":"3 Cultists","floor":25,"turns":4},{"damage":44,"enemies":"Colosseum Slavers","floor":28,"turns":4},{"damage":26,"enemies":"Colosseum Nobs","floor":28,"turns":4},{"damage":21,"enemies":"Snake Plant","floor":31,"turns":1},{"damage":9,"enemies":"Champ","floor":33,"turns":7},{"damage":13,"enemies":"3 Shapes","floor":35,"turns":3},{"damage":0,"enemies":"Orb Walker","floor":36,"turns":3},{"damage":9,"enemies":"Sphere and 2 Shapes","floor":38,"turns":3},{"damage":16,"enemies":"Nemesis","floor":40,"turns":3},{"damage":0,"enemies":"Spire Growth","floor":41,"turns":4},{"damage":14,"enemies":"Jaw Worm Horde","floor":45,"turns":4},{"damage":29,"enemies":"4 Shapes","floor":46,"turns":3},{"damage":1,"enemies":"Giant Head","floor":48,"turns":6},{"damage":30,"enemies":"Awakened One","floor":50,"turns":8}],"seed_played":"2144780575148111529","potions_obtained":[{"floor":4,"key":"CultistPotion"},{"floor":7,"key":"EssenceOfSteel"},{"floor":12,"key":"Swift Potion"},{"floor":16,"key":"BlessingOfTheForge"},{"floor":21,"key":"PowerPotion"},{"floor":25,"key":"PotionOfCapacity"},{"floor":33,"key":"FearPotion"},{"floor":35,"key":"BlessingOfTheForge"},{"floor":46,"key":"hexamod:SoulburnPotion"}],"is_trial":false,"path_per_floor":["M","M","M","M","$","R","M","R","T","M","M","E","M","$","R","B",null,"M","?","?","M","M","R","M","M","T","R","?","?","R","M","R","B",null,"M","M","$","M","?","E","M","R","T","?","M","M","R","E","R","B",null],"character_chosen":"DEFECT","items_purchased":["Loop","Explosive Potion","Loop","Rebound","Dream Catcher","Static Discharge"],"campfire_rested":5,"item_purchase_floors":[5,5,14,14,37,37],"current_hp_per_floor":[70,64,58,27,27,27,15,37,37,25,75,64,55,55,55,35,91,68,68,68,68,46,77,66,39,39,72,122,122,122,101,116,107,130,117,117,117,108,113,97,97,155,155,155,146,117,167,166,169,154],"gold":285,"neow_bonus":"ONE_RARE_RELIC","is_daily":false,"chose_seed":false,"campfire_upgraded":5,"win_rate":0.0,"timestamp":1611795944,"path_taken":["M","M","M","M","$","R","M","R","T","M","M","E","M","$","R","BOSS","M","?","?","M","?","R","M","M","T","R","?","?","R","M","R","BOSS","M","M","$","M","?","E","M","R","T","?","M","M","R","E","R","BOSS"],"items_purchased_type":["Card","Potion","Card","Card","Relic","Card"],"build_version":"2020-12-22","purchased_purges":0,"victory":true,"max_hp_per_floor":[75,75,75,75,75,75,75,75,75,75,75,77,81,81,81,91,91,95,95,95,99,105,105,108,113,113,113,122,122,122,125,125,130,130,134,136,136,139,144,151,155,155,155,155,161,167,167,169,169,182],"card_choices":[{"not_picked":["Coolheaded","Tempest"],"picked":"Streamline","floor":1},{"not_picked":["Hologram","Ball Lightning"],"picked":"Static Discharge","floor":2},{"not_picked":["Beam Cell","Coolheaded"],"picked":"Sweeping Beam","floor":3},{"not_picked":["Lockon","Sweeping Beam"],"picked":"Barrage","floor":4},{"not_picked":["Glacier","Beam Cell"],"picked":"Redo","floor":7},{"not_picked":["Lockon","Hologram"],"picked":"Rip and Tear","floor":10},{"not_picked":["Beam Cell","Tempest"],"picked":"Go for the Eyes","floor":11},{"not_picked":["Rebound","Barrage"],"picked":"Glacier","floor":12},{"not_picked":["Barrage","Cold Snap"],"picked":"FTL","floor":13},{"not_picked":["Fission","Core Surge"],"picked":"Buffer","floor":16},{"not_picked":["Gash","Turbo+1"],"picked":"Static Discharge","floor":18},{"not_picked":["Coolheaded","Compile Driver"],"picked":"Double Energy+1","floor":21},{"not_picked":["Compile Driver","Barrage"],"picked":"Redo","floor":22},{"not_picked":["Doom and Gloom","Hologram"],"picked":"Reboot","floor":24},{"not_picked":["Turbo","Go for the Eyes"],"picked":"Genetic Algorithm","floor":25},{"not_picked":["Sweeping Beam","Rebound+1"],"picked":"Conserve Battery+1","floor":28},{"not_picked":["Ball Lightning+1","Rebound+1"],"picked":"Hello World","floor":31},{"not_picked":["Multi-Cast","Machine Learning"],"picked":"Echo Form","floor":33},{"not_picked":["Streamline","Leap+1"],"picked":"Ball Lightning+1","floor":35},{"not_picked":["Rebound+1","Genetic Algorithm"],"picked":"Undo+1","floor":36},{"not_picked":["Sunder","Self Repair"],"picked":"Defragment","floor":38},{"not_picked":["Leap","Turbo+1"],"picked":"Redo+1","floor":40},{"not_picked":["Reprogram","Compile Driver+1"],"picked":"Conserve Battery","floor":41},{"not_picked":["Doom and Gloom+1","Cold Snap+1"],"picked":"Streamline+1","floor":45},{"not_picked":["Steam Power","Blizzard+1"],"picked":"All For One","floor":46},{"not_picked":["Heatsinks+1","Rainbow"],"picked":"Hello World","floor":48}],"player_experience":155025,"relics_obtained":[{"floor":9,"key":"Boot"},{"floor":12,"key":"Bag of Marbles"},{"floor":26,"key":"Toy Ornithopter"},{"floor":28,"key":"Turnip"},{"floor":28,"key":"Eternal Feather"},{"floor":40,"key":"War Paint"},{"floor":43,"key":"Blue Candle"},{"floor":48,"key":"Ginger"}],"event_choices":[{"damage_healed":0,"gold_gain":0,"player_choice":"Obtained Relic","damage_taken":0,"relics_obtained":["Oddly Smooth Stone"],"max_hp_gain":0,"max_hp_loss":0,"event_name":"Addict","floor":19,"gold_loss":85},{"cards_removed":["Clumsy"],"damage_healed":0,"gold_gain":0,"player_choice":"Offered Curse","damage_taken":0,"relics_obtained":["Spirit Poop"],"max_hp_gain":0,"max_hp_loss":0,"event_name":"Bonfire Elementals","floor":20,"gold_loss":0},{"damage_healed":0,"gold_gain":0,"player_choice":"Fight","damage_taken":0,"max_hp_gain":0,"max_hp_loss":0,"event_name":"Colosseum","floor":28,"gold_loss":0},{"damage_healed":0,"gold_gain":0,"player_choice":"Fought Nobs","damage_taken":0,"max_hp_gain":0,"max_hp_loss":0,"event_name":"Colosseum","floor":28,"gold_loss":0},{"cards_removed":["Dualcast"],"damage_healed":0,"gold_gain":0,"player_choice":"Gave Gold","damage_taken":0,"max_hp_gain":0,"max_hp_loss":0,"event_name":"Beggar","floor":29,"gold_loss":75},{"damage_healed":39,"gold_gain":0,"player_choice":"Writhe","damage_taken":0,"max_hp_gain":0,"max_hp_loss":0,"event_name":"Winding Halls","floor":44,"gold_loss":0,"cards_obtained":["Writhe"]}],"is_beta":false,"boss_relics":[{"not_picked":["Coffee Dripper","Ectoplasm"],"picked":"Empty Cage"},{"not_picked":["bronze:MakeshiftBattery","Tiny House"],"picked":"Cursed Key"}],"items_purged_floors":[],"is_endless":false,"potions_floor_spawned":[4,7,12,16,21,25,28,33,35,38,40,46],"ascension_level":0}}