{"host":"65a95dzim48ko8ke","time":1611874127,"event":{"mods":["BaseMod","Block Reminder","Colored Powertips","Curses Come First","KinomotoSakuraMod(–Ø”V–{?)","Minty Spire (QoL Compilation)","Permanent Neow","Quick Restart","Rare Cards Sparkle","Spicy Shops","StSLib","Synergy Search"],"gold_per_floor":[17,27,45,120,45,72,72,97,97,272,306,306,324,341,341,438,438,453,453,453,464,478,512,527,76,102,102,102,114,141,161,161,263,263,282,1281,1300,1318,1318,1345,1345,1345,1345,1359,1371,571,588,601,601,601],"floor_reached":51,"language":"JPN","playtime":7285,"items_purged":["ClowCardTheSword","Doubt","Parasite"],"score":771,"play_id":"5ddb1fee-7d4f-4947-be9d-02aba7d60a54","local_time":"20210129074847","is_ascension_mode":false,"campfire_choices":[{"data":"ClowCardTheLittle","floor":7.0,"key":"SMITH"},{"floor":15.0,"key":"REST"},{"data":"ClowCardTheShadow","floor":28.0,"key":"SMITH"},{"data":"ClowCardTheTwin","floor":32.0,"key":"SMITH"},{"data":"ClowCardTheLittle","floor":41.0,"key":"SMITH"},{"data":"ClowCardTheThunder","floor":49,"key":"SMITH"}],"circlet_count":0,"master_deck":["SakuraCardTheFight+","SakuraCardTheShield+","ClowCardTheSword+1","ClowCardTheSword","ClowCardTheSword","ClowCardTheShield","ClowCardTheShield","ClowCardTheShield","SpellCardSeal","SpellCardRelease","ClowCardTheThrough+1","ClowCardTheErase+1","ClowCardTheLittle+1","ClowCardTheBubbles+1","ClowCardTheMist","ClowCardTheSilent","ClowCardTheLittle+1","ClowCardTheVoice","ClowCardTheMirror","ClowCardTheFirey","ClowCardTheTwin+1","ClowCardTheSand","ClowCardTheSleep+1","ClowCardTheEarthy","ClowCardTheJump+1","ClowCardTheShadow+1","ClowCardTheLoop+1","ClowCardTheJump","ClowCardTheTwin","ClowCardTheIllusion+1","ClowCardTheMist+1","ClowCardTheBubbles","ClowCardTheShot+1","Panacea","ClowCardTheThunder+1","ClowCardTheJump","ClowCardTheLoop","ClowCardTheLock+1"],"relics":["KSMOD_SealedBook","KSMOD_SealedWand","Bag of Preparation","White Beast Statue","Dream Catcher","Omamori","Velvet Choker","StrikeDummy","Bird Faced Urn","Orichalcum","KSMOD_RollerSkates","Mummified Hand","KSMOD_Yue","Medical Kit","Whetstone","Bronze Scales","Coffee Dripper","War Paint","Sundial"],"acts_visited":["Exordium","TheCity","TheBeyond"],"potions_floor_usage":[50,50],"damage_taken":[{"damage":0.0,"enemies":"Small Slimes","floor":1.0,"turns":1.0},{"damage":0.0,"enemies":"2 Louse","floor":2.0,"turns":3.0},{"damage":0.0,"enemies":"Cultist","floor":3.0,"turns":2.0},{"damage":0.0,"enemies":"3 Sentries","floor":6.0,"turns":8.0},{"damage":2.0,"enemies":"Gremlin Nob","floor":8.0,"turns":3.0},{"damage":16.0,"enemies":"3 Sentries","floor":11.0,"turns":8.0},{"damage":0.0,"enemies":"3 Louse","floor":13.0,"turns":2.0},{"damage":12.0,"enemies":"Blue Slaver","floor":14.0,"turns":6.0},{"damage":20.0,"enemies":"Hexaghost","floor":16.0,"turns":9.0},{"damage":4.0,"enemies":"Shell Parasite","floor":18.0,"turns":5.0},{"damage":4.0,"enemies":"2 Thieves","floor":21.0,"turns":3.0},{"damage":0.0,"enemies":"Snake Plant","floor":22.0,"turns":4.0},{"damage":0.0,"enemies":"Book of Stabbing","floor":23.0,"turns":7.0},{"damage":3.0,"enemies":"3 Cultists","floor":24.0,"turns":12.0},{"damage":0.0,"enemies":"Cultist and Chosen","floor":29.0,"turns":7.0},{"damage":1.0,"enemies":"Snake Plant","floor":31.0,"turns":2.0},{"damage":11.0,"enemies":"Champ","floor":33.0,"turns":8.0},{"damage":0.0,"enemies":"3 Shapes","floor":35.0,"turns":4.0},{"damage":1.0,"enemies":"Orb Walker","floor":37.0,"turns":4.0},{"damage":10.0,"enemies":"Spire Growth","floor":38.0,"turns":6.0},{"damage":5.0,"enemies":"Reptomancer","floor":40.0,"turns":5.0},{"damage":0.0,"enemies":"Jaw Worm Horde","floor":44.0,"turns":5.0},{"damage":0.0,"enemies":"Writhing Mass","floor":45.0,"turns":5.0},{"damage":12,"enemies":"4 Shapes","floor":47,"turns":7},{"damage":0,"enemies":"3 Darklings","floor":48,"turns":3},{"damage":21,"enemies":"Time Eater","floor":50,"turns":7}],"seed_played":"-4595556319766813229","potions_obtained":[{"floor":1.0,"key":"EssenceOfSteel"},{"floor":6.0,"key":"PowerPotion"},{"floor":8.0,"key":"BlessingOfTheForge"},{"floor":11.0,"key":"LiquidBronze"},{"floor":13.0,"key":"BlessingOfTheForge"},{"floor":14.0,"key":"Explosive Potion"},{"floor":16.0,"key":"BlessingOfTheForge"},{"floor":18.0,"key":"SkillPotion"},{"floor":21.0,"key":"BlessingOfTheForge"},{"floor":22.0,"key":"LiquidMemories"},{"floor":23.0,"key":"GamblersBrew"},{"floor":24.0,"key":"BlessingOfTheForge"},{"floor":31.0,"key":"FearPotion"},{"floor":44.0,"key":"DistilledChaos"},{"floor":45.0,"key":"Swift Potion"}],"is_trial":false,"path_per_floor":["M","M","M","?","$","E","R","E","T","?","E","?","M","M","R","B",null,"M","?","?","M","M","E","M","$","T","?","R","M","T","M","R","B",null,"M","?","M","M","?","E","R","?","T","M","M","$","M","M","R","B",null],"character_chosen":"KINOMOTOSAKURA","items_purchased":["Mummified Hand","KSMOD_Yue","Medical Kit","Panacea","ClowCardTheThunder","ClowCardTheFight","ClowCardTheJump","Ancient Potion","ClowCardTheLoop"],"campfire_rested":1,"item_purchase_floors":[25,25,25,46,46,46,46,46,46],"current_hp_per_floor":[70,70,70,59,59,59,59,57,57,57,41,27,27,15,36,16,70,66,66,66,62,62,62,67,67,67,54,54,62,62,65,65,66,75,75,75,75,75,75,70,70,70,70,75,75,72,72,72,72,61],"gold":601,"neow_bonus":"THREE_RARE_CARDS","is_daily":false,"chose_seed":false,"campfire_upgraded":5,"win_rate":0.0,"timestamp":1611874127,"path_taken":["M","M","M","?","$","E","R","E","T","?","E","?","M","M","R","BOSS","M","?","?","M","?","E","M","$","T","?","R","M","?","M","R","BOSS","M","?","M","M","?","E","R","?","T","M","M","$","?","M","R","BOSS"],"items_purchased_type":["Relic","Relic","Relic","Card","Card","Card","Card","Potion","Card"],"build_version":"2020-12-22","purchased_purges":3,"victory":true,"max_hp_per_floor":[70,70,70,70,70,70,70,70,70,70,70,70,70,70,70,70,70,70,70,70,70,70,70,70,70,70,75,75,75,75,75,75,75,75,75,75,75,75,75,75,75,75,75,75,75,72,72,72,72,72],"card_choices":[{"not_picked":["ClowCardTheFight","ClowCardTheDash"],"picked":"ClowCardTheThrough","floor":0.0},{"not_picked":["ClowCardTheMirror","ClowCardTheMove"],"picked":"ClowCardTheErase","floor":1.0},{"not_picked":["ClowCardTheRain","ClowCardTheShot"],"picked":"ClowCardTheLittle","floor":2.0},{"not_picked":["ClowCardTheMaze","ClowCardTheLock"],"picked":"ClowCardTheBubbles","floor":3.0},{"not_picked":["ClowCardTheCloud","ClowCardTheMirror"],"picked":"ClowCardTheMist","floor":6.0},{"not_picked":["ClowCardTheDream","ClowCardTheFly"],"picked":"ClowCardTheSilent","floor":8.0},{"not_picked":["ClowCardTheShot","ClowCardTheFreeze"],"picked":"ClowCardTheLittle","floor":11.0},{"not_picked":["ClowCardTheChange","ClowCardTheCloud"],"picked":"ClowCardTheVoice","floor":13.0},{"not_picked":["ClowCardTheWindy","ClowCardTheLoop"],"picked":"ClowCardTheMirror","floor":14.0},{"not_picked":["ClowCardTheLock","ClowCardTheVoice"],"picked":"ClowCardTheFirey","floor":15.0},{"not_picked":["ClowCardTheTime","ClowCardTheDark"],"picked":"ClowCardTheTwin","floor":16.0},{"not_picked":["ClowCardTheLock","ClowCardThePower"],"picked":"ClowCardTheSand","floor":18.0},{"not_picked":["ClowCardTheFly","ClowCardTheLoop+1"],"picked":"ClowCardTheEarthy","floor":21.0},{"not_picked":["ClowCardTheFly","ClowCardTheWatery"],"picked":"ClowCardTheJump","floor":22.0},{"not_picked":["ClowCardTheFirey","ClowCardTheDream"],"picked":"ClowCardTheCreate","floor":23.0},{"not_picked":["ClowCardTheFlower","ClowCardTheShot"],"picked":"ClowCardTheShadow","floor":24.0},{"not_picked":["ClowCardTheMaze","ClowCardTheSilent"],"picked":"ClowCardTheLoop+1","floor":29.0},{"not_picked":["ClowCardTheErase","ClowCardTheMaze+1"],"picked":"ClowCardTheJump","floor":31.0},{"not_picked":["ClowCardTheLight","ClowCardTheThunder"],"picked":"ClowCardTheTwin","floor":33.0},{"not_picked":["ClowCardTheCloud","ClowCardTheSleep+1"],"picked":"ClowCardTheIllusion+1","floor":35.0},{"not_picked":["ClowCardTheGlow","ClowCardTheJump+1"],"picked":"ClowCardTheMist+1","floor":37.0},{"not_picked":["ClowCardTheLittle","ClowCardTheChange+1","ClowCardTheMirror"],"picked":"SKIP","floor":38.0},{"not_picked":["ClowCardTheEarthy+1","ClowCardTheCloud"],"picked":"ClowCardTheBubbles","floor":40.0},{"not_picked":["ClowCardTheMirror","ClowCardTheSilent"],"picked":"ClowCardTheShot+1","floor":44.0},{"not_picked":["ClowCardTheBubbles","ClowCardTheChange+1","ClowCardTheLibra"],"picked":"SKIP","floor":45.0},{"not_picked":["ClowCardTheMirror","ClowCardTheDream"],"picked":"ClowCardTheLock+1","floor":47},{"not_picked":["ClowCardTheLock+1","ClowCardTheLibra","ClowCardTheTwin"],"picked":"SKIP","floor":48}],"player_experience":323238,"relics_obtained":[{"floor":6.0,"key":"Bag of Preparation"},{"floor":8.0,"key":"White Beast Statue"},{"floor":9.0,"key":"Dream Catcher"},{"floor":11.0,"key":"Omamori"},{"floor":23.0,"key":"Bird Faced Urn"},{"floor":24.0,"key":"Orichalcum"},{"floor":24.0,"key":"KSMOD_RollerSkates"},{"floor":26.0,"key":"Whetstone"},{"floor":30.0,"key":"Bronze Scales"},{"floor":40.0,"key":"War Paint"},{"floor":43.0,"key":"Sundial"}],"event_choices":[{"damage_healed":0.0,"max_hp_gain":0.0,"max_hp_loss":0.0,"gold_gain":75.0,"event_name":"World of Goop","player_choice":"Gather Gold","floor":4.0,"gold_loss":0.0,"damage_taken":11.0},{"damage_healed":0.0,"max_hp_gain":0.0,"max_hp_loss":0.0,"gold_gain":175.0,"event_name":"Liars Game","player_choice":"AGREE","floor":10.0,"gold_loss":0.0,"damage_taken":0.0,"cards_obtained":["Doubt"]},{"damage_healed":0.0,"max_hp_gain":0.0,"max_hp_loss":0.0,"gold_gain":0.0,"event_name":"Shining Light","player_choice":"Entered Light","floor":12.0,"gold_loss":0.0,"damage_taken":14.0,"cards_upgraded":["ClowCardTheSword","ClowCardTheErase"]},{"damage_healed":0.0,"max_hp_gain":0.0,"max_hp_loss":0.0,"gold_gain":0.0,"event_name":"The Mausoleum","player_choice":"Opened","floor":19.0,"gold_loss":0.0,"damage_taken":0.0,"relics_obtained":["StrikeDummy"],"cards_obtained":["Writhe"]},{"damage_healed":0.0,"max_hp_gain":0.0,"max_hp_loss":0.0,"gold_gain":0.0,"event_name":"Match and Keep!","player_choice":"1 cards matched","floor":20.0,"gold_loss":0.0,"damage_taken":0.0,"cards_obtained":["ClowCardTheSleep"]},{"damage_healed":0.0,"max_hp_gain":5.0,"max_hp_loss":0.0,"gold_gain":0.0,"event_name":"Forgotten Altar","player_choice":"Shed Blood","floor":27.0,"gold_loss":0.0,"damage_taken":18.0},{"damage_healed":0.0,"max_hp_gain":0.0,"max_hp_loss":0.0,"gold_gain":999.0,"event_name":"MindBloom","player_choice":"Gold","floor":36.0,"gold_loss":0.0,"damage_taken":0.0,"cards_obtained":["Normality","Normality"]},{"damage_healed":0.0,"max_hp_gain":0.0,"max_hp_loss":0.0,"gold_gain":0.0,"event_name":"Tomb of Lord Red Mask","player_choice":"Ignored","floor":39.0,"gold_loss":0.0,"damage_taken":0.0},{"cards_removed":["Normality"],"damage_healed":0.0,"max_hp_gain":0.0,"max_hp_loss":0.0,"gold_gain":0.0,"event_name":"Purifier","player_choice":"Purged","floor":42.0,"gold_loss":0.0,"damage_taken":0.0}],"is_beta":false,"boss_relics":[{"not_picked":["Pandora\u0027s Box","Empty Cage"],"picked":"Velvet Choker"},{"not_picked":["Astrolabe","Tiny House"],"picked":"Coffee Dripper"}],"items_purged_floors":[5,25,46],"is_endless":false,"potions_floor_spawned":[1,6,8,11,13,14,16,18,21,22,23,24,29,31,33,35,37,38,40,44,45,47,48],"ascension_level":0}}