{"host":"ifcf0cy5l3qbxi8r","time":1611799170,"event":{"mods":["Act Like it!","Arknights The Spire","BaseMod","Gensokyo","Minty Spire (QoL Compilation)","StSLib"],"gold_per_floor":[113,113,131,146,146,146,181,181,207,235,235,250,262,262,262,363,363,380,396,646,664,681,681,711,711,711,146,157,170,70,102,102,202,202,220,220,220,231,246,273,72,72,72,72,72,72,82,82,82,82],"floor_reached":51,"language":"ZHS","playtime":2503,"items_purged":["ats:Strike V","ats:Defend","ats:Defend"],"score":754,"play_id":"3a77d584-030f-4ebe-9e32-5b22d11de31c","local_time":"20210128095930","is_ascension_mode":true,"campfire_choices":[{"data":"ats:Neurotoxin","floor":6,"key":"SMITH"},{"data":"ats:Poison Spread","floor":8,"key":"SMITH"},{"floor":11,"key":"REST"},{"data":"ats:Guard Mode","floor":15,"key":"SMITH"},{"data":"ats:Overload","floor":23,"key":"SMITH"},{"floor":25,"key":"REST"},{"data":"ats:Dogmatic Field","floor":32,"key":"SMITH"},{"data":"ats:Composite Medical Shells","floor":42,"key":"SMITH"},{"data":"ats:Soul Absorption","floor":45,"key":"SMITH"},{"data":"ats:Echo Reverb","floor":49,"key":"SMITH"}],"circlet_count":0,"master_deck":["ats:Strike S","ats:Armor Crushing Shot+1","ats:Defend","ats:Defend","ats:Poison Spread+1","ats:Curse Doll","ats:Curse Doll","ats:Neurotoxin+1","ats:Powerful Strike","ats:Sashimi Platter+1","ats:Guard Mode+1","ats:Powerful Strike","ats:Consecutive Shot Auto","ats:Echo Reverb+1","ats:Overload+1","ats:Guard Mode","ats:Shell Defense+1","ats:Flexible Camouflage+1","ats:Sashimi Platter","ats:Overload","ats:Dogmatic Field+1","ats:Nebulous Foxfire","ats:Poison Spread","ats:Fractured Body","CurseOfTheBell","ats:Composite Medical Shells+1","ats:Guard Mode+1","ats:Soul Absorption+1"],"relics":["ats:Sanity","Strawberry","ats:Originium","Lantern","Dream Catcher","Eternal Feather","Black Star","ats:Industrial Water Cannon","Whetstone","White Beast Statue","Shuriken","Bottled Flame","TungstenRod","Calling Bell","Ancient Tea Set","ats:Bonebreaker","CaptainsWheel","Gensokyo:EmptyGrave","ats:Rhine Circuitry","Mango","FossilizedHelix","Gensokyo:TheCrow"],"acts_visited":["Exordium","Gensokyo:Gensokyo","Gensokyo:Gensokyoer"],"potions_floor_usage":[3,10,16,16,16,19,21,28,29,33,33,39,40,40,50,50],"damage_taken":[{"damage":6,"enemies":"Gensokyo:Python","floor":1,"turns":3},{"damage":10,"enemies":"Gensokyo:2_Kodama","floor":3,"turns":3},{"damage":0,"enemies":"Gensokyo:3_Fairies","floor":4,"turns":5},{"damage":14,"enemies":"Gensokyo:Aya","floor":7,"turns":4},{"damage":10,"enemies":"Gensokyo:Mamizou","floor":10,"turns":6},{"damage":8,"enemies":"Gensokyo:Gryphon_and_Rabbit","floor":12,"turns":3},{"damage":0,"enemies":"Gensokyo:LivingMonolith","floor":13,"turns":2},{"damage":2,"enemies":"Gensokyo:Reimu","floor":16,"turns":5},{"damage":15,"enemies":"Gensokyo:CosmicMonolith","floor":18,"turns":5},{"damage":6,"enemies":"Gensokyo:2_Gloops","floor":19,"turns":4},{"damage":9,"enemies":"Gensokyo:Wraith","floor":21,"turns":4},{"damage":30,"enemies":"Gensokyo:Mirror_and_Dog","floor":22,"turns":6},{"damage":37,"enemies":"Gensokyo:Reisen","floor":24,"turns":6},{"damage":17,"enemies":"Gensokyo:Swordslinger","floor":28,"turns":4},{"damage":21,"enemies":"Gensokyo:Chomper_and_Gloop","floor":29,"turns":4},{"damage":58,"enemies":"Gensokyo:Tenshi","floor":31,"turns":4},{"damage":161,"enemies":"Gensokyo:Eiki","floor":33,"turns":10},{"damage":0,"enemies":"Gensokyo:3_Bats","floor":35,"turns":4},{"damage":4,"enemies":"Gensokyo:3_Boulders","floor":38,"turns":4},{"damage":21,"enemies":"Gensokyo:SeedOfUnknown","floor":39,"turns":6},{"damage":114,"enemies":"Gensokyo:Kasen","floor":40,"turns":9},{"damage":23,"enemies":"Gensokyo:Dusk_and_Dawn","floor":47,"turns":5},{"damage":75,"enemies":"Gensokyo:Dusk_and_Dawn","floor":48,"turns":7},{"damage":30,"enemies":"Gensokyo:Scarlet_Devils","floor":50,"turns":6}],"seed_played":"3759840535138761932","potions_obtained":[{"floor":3,"key":"EntropicBrew"},{"floor":7,"key":"EntropicBrew"},{"floor":13,"key":"EssenceOfSteel"},{"floor":22,"key":"BlessingOfTheForge"},{"floor":24,"key":"FearPotion"},{"floor":28,"key":"Swift Potion"},{"floor":29,"key":"Swift Potion"},{"floor":31,"key":"FearPotion"},{"floor":33,"key":"EssenceOfSteel"},{"floor":35,"key":"ats:Top Emergency Sanity Potion"},{"floor":38,"key":"Explosive Potion"},{"floor":39,"key":"BlessingOfTheForge"},{"floor":40,"key":"ColorlessPotion"}],"is_trial":false,"path_per_floor":["M","?","M","M","?","R","E","R","T","E","R","M","M","?","R","B",null,"M","M","?","M","M","R","E","R","T","$","M","M","$","E","R","B",null,"M","?","?","M","M","E","$","R","T","$","R","?","M","?","R","B",null],"character_chosen":"DOCTOR_CLASS","items_purchased":["ats:Overload","ats:Dogmatic Field","Shuriken","DuplicationPotion"],"campfire_rested":2,"item_purchase_floors":[27,27,27,41],"current_hp_per_floor":[66,63,53,53,53,53,39,39,39,29,61,59,59,44,53,51,79,64,64,64,60,45,57,26,60,60,60,52,44,44,51,63,47,75,75,75,69,68,60,65,65,80,80,80,83,83,76,76,83,83],"gold":82,"neow_bonus":"REMOVE_CARD","is_daily":false,"chose_seed":false,"campfire_upgraded":8,"win_rate":0.0,"timestamp":1611799170,"path_taken":["M","?","M","M","?","R","E","R","T","E","R","M","?","?","R","BOSS","M","M","?","M","M","R","E","R","T","$","M","M","?","E","R","BOSS","M","?","?","M","M","E","?","R","T","$","R","?","M","?","R","BOSS"],"items_purchased_type":["Card","Card","Relic","Potion"],"build_version":"2020-12-22","purchased_purges":3,"victory":true,"max_hp_per_floor":[72,79,79,79,79,79,79,79,79,79,79,79,79,79,79,79,79,79,79,75,75,75,75,75,75,75,75,75,75,75,75,75,75,75,75,75,69,69,69,83,83,83,83,83,83,83,83,83,83,83],"card_choices":[{"not_picked":["ats:Cat Scratch","ats:Directed Diagnosis"],"picked":"ats:Poison Spread","floor":1},{"not_picked":["ats:Absolute Focus","ats:Automatic Cover"],"picked":"ats:Curse Doll","floor":3},{"not_picked":["ats:Beaten Up","ats:Closed Bolt Burst Fire"],"picked":"ats:Curse Doll","floor":4},{"not_picked":["ats:Song Of Battle","ats:Leaping Hammer"],"picked":"ats:Neurotoxin","floor":5},{"not_picked":["ats:Very Hot Blade","ats:Apocalypse"],"picked":"ats:Powerful Strike","floor":5},{"not_picked":["ats:Closed Bolt Burst Fire","ats:Defend Order","ats:Assault Order"],"picked":"SKIP","floor":7},{"not_picked":["ats:Thermite Blade","ats:Shell Defense"],"picked":"ats:Sashimi Platter","floor":10},{"not_picked":["ats:Ignite","ats:Curse Doll"],"picked":"ats:Guard Mode","floor":11},{"not_picked":["ats:Shadow Assault","ats:Shadow Raid"],"picked":"ats:Powerful Strike","floor":12},{"not_picked":["ats:Absolute Focus","ats:Sashimi Platter"],"picked":"ats:Consecutive Shot Auto","floor":13},{"not_picked":["ats:True Silver Slash","ats:Soul Rend"],"picked":"ats:Echo Reverb","floor":16},{"not_picked":["ats:Shell Defense","ats:Blood Oath+1"],"picked":"ats:Overload","floor":18},{"not_picked":["ats:Ignite+1","ats:Soul Absorption","ats:Curse Doll"],"picked":"SKIP","floor":19},{"not_picked":["ats:Chain Hook+1","ats:Sunburst"],"picked":"ats:Guard Mode","floor":21},{"not_picked":["ats:Directed Diagnosis","ats:Revitalization"],"picked":"ats:Shell Defense+1","floor":22},{"not_picked":["ats:Chain Hook","ats:Shell Defense"],"picked":"ats:Flexible Camouflage+1","floor":24},{"not_picked":["ats:Assault Order","ats:Guard Mode+1"],"picked":"ats:Sashimi Platter","floor":25},{"not_picked":["ats:Assault Order+1","ats:Blood Oath","ats:Support Order"],"picked":"SKIP","floor":28},{"not_picked":["ats:Counter Healing Mode","ats:Automatic Cover"],"picked":"ats:Nebulous Foxfire","floor":29},{"not_picked":["ats:Flexible Camouflage+1","ats:Cat Scratch"],"picked":"ats:Poison Spread","floor":31},{"not_picked":["ats:Dogmatic Field","ats:Disruption Kick"],"picked":"ats:Fractured Body","floor":33},{"not_picked":["ats:Counter Healing Mode+1","ats:Sashimi Platter+1"],"picked":"ats:Composite Medical Shells","floor":35},{"not_picked":["ats:Absolute Focus","ats:Blood Oath","ats:Support Order+1"],"picked":"SKIP","floor":38},{"not_picked":["ats:Revitalization","ats:Burning Ground"],"picked":"ats:Guard Mode+1","floor":39},{"not_picked":["ats:Leaping Hammer","ats:Steam Pump+1"],"picked":"ats:Soul Absorption","floor":40},{"not_picked":["ats:Closed Bolt Burst Fire+1","ats:Flexible Camouflage","ats:Cat Scratch"],"picked":"SKIP","floor":47},{"not_picked":["ats:Closed Bolt Burst Fire+1","ats:Flexible Camouflage","ats:Cat Scratch"],"picked":"SKIP","floor":47}],"player_experience":93620,"relics_obtained":[{"floor":7,"key":"ats:Originium"},{"floor":7,"key":"Lantern"},{"floor":9,"key":"Dream Catcher"},{"floor":10,"key":"ats:Originium"},{"floor":10,"key":"Eternal Feather"},{"floor":24,"key":"ats:Originium"},{"floor":24,"key":"ats:Industrial Water Cannon"},{"floor":24,"key":"Whetstone"},{"floor":26,"key":"White Beast Statue"},{"floor":31,"key":"ats:Originium"},{"floor":31,"key":"Bottled Flame"},{"floor":31,"key":"TungstenRod"},{"floor":34,"key":"Ancient Tea Set"},{"floor":34,"key":"ats:Bonebreaker"},{"floor":34,"key":"CaptainsWheel"},{"floor":40,"key":"ats:Rhine Circuitry"},{"floor":40,"key":"Mango"},{"floor":43,"key":"FossilizedHelix"}],"event_choices":[],"is_beta":false,"boss_relics":[{"not_picked":["Astrolabe","Sozu"],"picked":"Black Star"},{"not_picked":["Runic Dome","Busted Crown"],"picked":"Calling Bell"}],"items_purged_floors":[27,30,41],"is_endless":false,"potions_floor_spawned":[3,7,13,22,24,28,29,31,33,35,38,39,40,47],"ascension_level":1}}