{"host":"v4tuy5ykrbdcm9o9","time":1611808165,"event":{"mods":["BaseMod","Duelist Mod","Minty Spire (QoL Compilation)","Replay The Spire","StSLib"],"gold_per_floor":[110,110,35,58,58,58,89,113,185,228,249,287,305,339,339,468,468,486,401,420,439,482,518,518,557,637,671,671,686,95,95,95],"floor_reached":31,"language":"ENG","playtime":2462,"items_purged":["Injury"],"score":510,"play_id":"98d49628-adb6-448c-8a02-d391faba59cd","local_time":"20210127232925","is_ascension_mode":true,"campfire_choices":[{"data":"Mind Blast","floor":6,"key":"SMITH"},{"floor":15,"key":"REST"},{"floor":24,"key":"REST"},{"floor":28,"key":"RECALL"}],"circlet_count":0,"master_deck":["Strike_P+1","Strike_P","Strike_P","Strike_P+1","Defend_P","Defend_P","Defend_P","Defend_P","Eruption","Vigilance","Swivel","Vengeance","Mind Blast+1","BattleHymn","Replay:Cycle","Alpha","Indignation","SignatureMove","Replay:ManipulateFuture","FollowUp","MasterReality","Protect","LessonLearned","BattleHymn"],"relics":["PureWater","Golden Idol","Whetstone","Bottled Flame","Snack Pack","Singing Bowl","Anchor","Replay:Grab Bag","ReplayTheSpireMod:Onyx Gauntlets","Busted Crown","VioletLotus","Replay:Wax Seal","Red Mask","Peace Pipe","HornCleat","Iron Hammer","Turnip","Blood Vial","Darkstone Periapt"],"acts_visited":["Exordium","TheCity"],"potions_floor_usage":[10,12,12,14,21,22,22,23,27,31],"damage_taken":[{"damage":6,"enemies":"2 Louse","floor":1,"turns":3},{"damage":4,"enemies":"Jaw Worm","floor":4,"turns":3},{"damage":29,"enemies":"Lagavulin","floor":7,"turns":7},{"damage":0,"enemies":"Cultist","floor":8,"turns":2},{"damage":0,"enemies":"Gremlin Nob","floor":10,"turns":2},{"damage":3,"enemies":"Looter","floor":11,"turns":3},{"damage":0,"enemies":"Lagavulin","floor":12,"turns":4},{"damage":0,"enemies":"2 Fungi Beasts","floor":13,"turns":2},{"damage":20,"enemies":"3 Sentries","floor":14,"turns":3},{"damage":52,"enemies":"Fading Forest","floor":16,"turns":11},{"damage":44,"enemies":"Spheric Guardian","floor":18,"turns":4},{"damage":2,"enemies":"Chosen","floor":20,"turns":2},{"damage":17,"enemies":"Snake Plant","floor":21,"turns":2},{"damage":0,"enemies":"Masked Bandits","floor":22,"turns":3},{"damage":8,"enemies":"Slavers","floor":23,"turns":4},{"damage":15,"enemies":"theDuelist:KaibaA2","floor":25,"turns":3},{"damage":2,"enemies":"Replay:Snechameleon","floor":27,"turns":3},{"damage":0,"enemies":"Shelled Parasite and Fungi","floor":29,"turns":4},{"damage":23,"enemies":"3 Cultists","floor":31,"turns":4}],"seed_played":"5176513834611645630","potions_obtained":[{"floor":1,"key":"FairyPotion"},{"floor":7,"key":"FearPotion"},{"floor":10,"key":"ColorlessPotion"},{"floor":11,"key":"CultistPotion"},{"floor":12,"key":"GamblersBrew"},{"floor":16,"key":"LiquidBronze"},{"floor":20,"key":"Swift Potion"},{"floor":21,"key":"BlessingOfTheForge"},{"floor":22,"key":"PowerPotion"},{"floor":25,"key":"AttackPotion"}],"is_trial":false,"path_per_floor":["M","?","$","M","?","R","E","M","T","E","M","E","M","E","R","B",null,"M","?","M","M","?","E","R","E","T","E","R","M","$","M"],"character_chosen":"WATCHER","items_purchased":["LessonLearned","Blood Vial","BlessingOfTheForge","BattleHymn","Darkstone Periapt"],"campfire_rested":2,"item_purchase_floors":[30,30,30,30,30],"current_hp_per_floor":[66,66,66,62,62,62,33,33,33,33,30,32,34,14,37,17,64,24,24,26,9,13,11,37,28,28,32,32,36,36,17,17],"gold":95,"neow_bonus":"TEN_PERCENT_HP_BONUS","is_daily":false,"chose_seed":false,"campfire_upgraded":1,"win_rate":0.0,"timestamp":1611808165,"path_taken":["M","?","$","M","?","R","E","?","T","E","M","E","M","E","R","BOSS","M","?","M","M","?","E","R","E","T","E","R","M","$","M"],"items_purchased_type":["Card","Relic","Potion","Card","Relic"],"build_version":"2020-12-22","purchased_purges":1,"victory":false,"max_hp_per_floor":[79,79,79,79,79,79,79,79,79,79,79,79,79,79,79,79,79,81,81,83,83,85,87,87,89,89,91,91,93,93,93,93],"card_choices":[{"not_picked":["FearNoEvil","ThirdEye"],"picked":"Swivel","floor":1},{"not_picked":["Crescendo","BowlingBash"],"picked":"Vengeance","floor":4},{"not_picked":["BowlingBash","Vengeance"],"picked":"BattleHymn","floor":7},{"not_picked":["BowlingBash","Nirvana"],"picked":"Replay:Cycle","floor":8},{"not_picked":["Fasting2","LikeWater"],"picked":"Alpha","floor":10},{"not_picked":["Prostrate","Replay:Cycle"],"picked":"Indignation","floor":11},{"not_picked":["Wish","Prostrate"],"picked":"SignatureMove","floor":12},{"not_picked":["Study","PathToVictory"],"picked":"Replay:ManipulateFuture","floor":13},{"not_picked":["Wireheading","SignatureMove"],"picked":"FollowUp","floor":14},{"not_picked":["DeusExMachina","Ragnarok"],"picked":"MasterReality","floor":16},{"not_picked":["Replay:Battleflow+1"],"picked":"Singing Bowl","floor":18},{"not_picked":["Wireheading"],"picked":"Singing Bowl","floor":20},{"not_picked":[],"picked":"Protect","floor":21},{"not_picked":["ClearTheMind"],"picked":"Singing Bowl","floor":22},{"not_picked":["SignatureMove"],"picked":"Singing Bowl","floor":23},{"not_picked":["Protect+1"],"picked":"Singing Bowl","floor":25},{"not_picked":["SpiritShield"],"picked":"Singing Bowl","floor":27},{"not_picked":["PathToVictory"],"picked":"Singing Bowl","floor":29}],"player_experience":684076,"relics_obtained":[{"floor":7,"key":"Whetstone"},{"floor":9,"key":"Bottled Flame"},{"floor":10,"key":"Snack Pack"},{"floor":12,"key":"Singing Bowl"},{"floor":14,"key":"Anchor"},{"floor":22,"key":"Red Mask"},{"floor":23,"key":"Peace Pipe"},{"floor":25,"key":"HornCleat"},{"floor":26,"key":"Iron Hammer"},{"floor":27,"key":"Turnip"}],"event_choices":[{"damage_healed":0,"gold_gain":0,"player_choice":"Take Wound","damage_taken":0,"relics_obtained":["Golden Idol"],"max_hp_gain":0,"max_hp_loss":0,"event_name":"Golden Idol","floor":2,"gold_loss":0,"cards_obtained":["Injury"]},{"damage_healed":0,"gold_gain":0,"player_choice":"1 cards matched","damage_taken":0,"max_hp_gain":0,"max_hp_loss":0,"event_name":"Match and Keep!","floor":5,"gold_loss":0,"cards_obtained":["Mind Blast"]},{"damage_healed":0,"gold_gain":0,"player_choice":"Obtained Relic","damage_taken":0,"relics_obtained":["Replay:Wax Seal"],"max_hp_gain":0,"max_hp_loss":0,"event_name":"Addict","floor":19,"gold_loss":85},{"damage_healed":0,"gold_gain":0,"player_choice":"Fought Bandits","damage_taken":0,"max_hp_gain":0,"max_hp_loss":0,"event_name":"Masked Bandits","floor":22,"gold_loss":0}],"is_beta":false,"boss_relics":[{"not_picked":["ReplayTheSpireMod:DimensionalGlitch","SacredBark"],"picked":"Replay:Grab Bag"},{"not_picked":["Philosopher\u0027s Stone","Runic Dome"],"picked":"ReplayTheSpireMod:Onyx Gauntlets"},{"not_picked":["Painkiller Herb","Fusion Hammer"],"picked":"Busted Crown"},{"not_picked":["Runic Pyramid","Empty Cage"],"picked":"VioletLotus"}],"items_purged_floors":[3],"is_endless":false,"potions_floor_spawned":[1,7,10,11,12,16,20,21,22,25],"killed_by":"3 Cultists","ascension_level":6}}