{"host":"yx5rao87132cy5xq","time":1611799981,"event":{"mods":["2.2 Compatiblity","AchievementEnabler","BaseMod","Bestiary","Colored Map","Colored Powertips","Minty Spire (QoL Compilation)","Quick Restart","Relic Stats","Slay-I","SuperFastMode"],"gold_per_floor":[110,133,97,109,128,154,171,171,242,242,242,267,285,317,317,415,415,434,349,339,264,31,31,31],"floor_reached":23,"language":"ENG","playtime":1572,"items_purged":[],"score":334,"play_id":"6f1ad9ed-5424-46f9-be1c-6127e38cac19","local_time":"20210128031301","is_ascension_mode":true,"campfire_choices":[{"data":"Bash","floor":8.0,"key":"SMITH"},{"floor":10.0,"key":"REST"},{"floor":15.0,"key":"REST"}],"circlet_count":0,"master_deck":["AscendersBane","Strike_R","Strike_R","Strike_R","Strike_R","Defend_R","Defend_R","Defend_R","Defend_R","Bash+1","Clothesline+1","Battle Trance","Feel No Pain","Clash","Second Wind","Armaments","Shrug It Off","Shockwave","Impervious","Body Slam+1","True Grit","Wild Strike","Flame Barrier"],"relics":["Black Blood","NeowsBlessing","Ancient Tea Set","Gremlin Horn","Ornamental Fan","Pantograph","Blue Candle","Du-Vu Doll","Medical Kit"],"acts_visited":["Exordium","TheCity"],"potions_floor_usage":[23],"damage_taken":[{"damage":0.0,"enemies":"Cultist","floor":1.0,"turns":1.0},{"damage":0.0,"enemies":"Jaw Worm","floor":4.0,"turns":1.0},{"damage":0.0,"enemies":"Small Slimes","floor":5.0,"turns":1.0},{"damage":47.0,"enemies":"Gremlin Nob","floor":6.0,"turns":5.0},{"damage":6.0,"enemies":"Looter","floor":7.0,"turns":3.0},{"damage":39.0,"enemies":"Lagavulin","floor":12.0,"turns":9.0},{"damage":21.0,"enemies":"Lots of Slimes","floor":13.0,"turns":6.0},{"damage":2.0,"enemies":"Gremlin Nob","floor":14.0,"turns":3.0},{"damage":56,"enemies":"The Guardian","floor":16,"turns":17},{"damage":15,"enemies":"Chosen","floor":18,"turns":11},{"damage":3,"enemies":"2 Thieves","floor":20,"turns":4},{"damage":99,"enemies":"Gremlin Leader","floor":23,"turns":8}],"seed_played":"-2583942738822801183","potions_obtained":[{"floor":4.0,"key":"SkillPotion"},{"floor":6.0,"key":"Energy Potion"},{"floor":7.0,"key":"Fire Potion"},{"floor":12.0,"key":"DuplicationPotion"},{"floor":16,"key":"BloodPotion"}],"is_trial":false,"path_per_floor":["M","T","$","M","M","E","M","R","T","R","?","E","M","E","R","B",null,"M","?","M","?","$","E"],"character_chosen":"IRONCLAD","items_purchased":["Battle Trance","Medical Kit","Wild Strike","Flame Barrier"],"campfire_rested":2,"item_purchase_floors":[3,22,22,22],"current_hp_per_floor":[78,78,78,80,80,39,39,39,39,63,63,30,15,19,43,18,65,62,62,71,71,71,0,0],"gold":31,"neow_bonus":"THREE_ENEMY_KILL","is_daily":false,"chose_seed":false,"campfire_upgraded":1,"win_rate":0.0,"timestamp":1611799981,"path_taken":["M","?","?","M","M","E","M","R","T","R","?","E","M","E","R","BOSS","M","?","M","?","$","E"],"items_purchased_type":["Card","Relic","Card","Card"],"build_version":"2020-12-22","purchased_purges":0,"victory":false,"max_hp_per_floor":[80,80,80,80,80,80,80,80,80,80,80,80,80,80,80,80,80,80,80,80,80,80,80,80],"relic_stats":{"Gremlin Horn":[3,9],"counters":[12,69],"Ornamental Fan":[8],"Pantograph":25,"Blue Candle":[0],"Black Blood":68,"Medical Kit":[1],"obtain_stats":[{"Du-Vu Doll":19,"NeowsBlessing":0,"Gremlin Horn":6,"Ornamental Fan":9,"Pantograph":12,"Blue Candle":14,"Black Blood":17,"Ancient Tea Set":2,"Medical Kit":22,"Burning Blood":0},{"Du-Vu Doll":10,"NeowsBlessing":0,"Gremlin Horn":4,"Ornamental Fan":5,"Pantograph":6,"Blue Candle":8,"Black Blood":9,"Ancient Tea Set":1,"Medical Kit":11,"Burning Blood":0},{"Du-Vu Doll":57,"NeowsBlessing":0,"Gremlin Horn":8,"Ornamental Fan":11,"Pantograph":20,"Blue Candle":29,"Black Blood":46,"Ancient Tea Set":1,"Medical Kit":61,"Burning Blood":0}]},"card_choices":[{"not_picked":["Headbutt","Sentinel"],"picked":"Clothesline","floor":1.0},{"not_picked":["Entrench","Heavy Blade"],"picked":"Feel No Pain","floor":4.0},{"not_picked":["Rupture","Sword Boomerang"],"picked":"Clash","floor":5.0},{"not_picked":["Clash","Dark Embrace","Dual Wield"],"picked":"SKIP","floor":6.0},{"not_picked":["Twin Strike","Evolve"],"picked":"Second Wind","floor":7.0},{"not_picked":["Exhume","Barricade"],"picked":"Armaments","floor":12.0},{"not_picked":["Whirlwind","Rampage"],"picked":"Shrug It Off","floor":13.0},{"not_picked":["Cleave","Entrench"],"picked":"Shockwave","floor":14.0},{"not_picked":["Demon Form","Double Tap"],"picked":"Impervious","floor":16},{"not_picked":["Carnage","Dropkick"],"picked":"Body Slam+1","floor":18},{"not_picked":["Clash","Perfected Strike+1"],"picked":"True Grit","floor":20}],"player_experience":862813,"relics_obtained":[{"floor":2.0,"key":"Ancient Tea Set"},{"floor":6.0,"key":"Gremlin Horn"},{"floor":9.0,"key":"Ornamental Fan"},{"floor":12.0,"key":"Pantograph"},{"floor":14.0,"key":"Blue Candle"}],"event_choices":[{"damage_healed":0.0,"max_hp_gain":0.0,"max_hp_loss":0.0,"gold_gain":0.0,"event_name":"Upgrade Shrine","player_choice":"Upgraded","floor":11.0,"gold_loss":0.0,"damage_taken":0.0,"cards_upgraded":["Clothesline"]},{"damage_healed":0,"gold_gain":0,"player_choice":"Obtained Relic","damage_taken":0,"relics_obtained":["Du-Vu Doll"],"max_hp_gain":0,"max_hp_loss":0,"event_name":"Addict","floor":19,"gold_loss":85},{"cards_removed":["Strike_R"],"damage_healed":0,"gold_gain":0,"player_choice":"Gave Gold","damage_taken":0,"max_hp_gain":0,"max_hp_loss":0,"event_name":"Beggar","floor":21,"gold_loss":75}],"is_beta":false,"boss_relics":[{"not_picked":["Tiny House","Sozu"],"picked":"Black Blood"}],"items_purged_floors":[],"is_endless":false,"potions_floor_spawned":[4,6,7,12,16,20],"killed_by":"Gremlin Leader","ascension_level":12}}