{"host":"i0avyit1s6jb1siw","time":1611828296,"event":{"mods":["BaseMod","DeckTracker","Dota2Spire","Highlight Path","Minty Spire (QoL Compilation)","Quick Restart","StSLib","SuperFastMode"],"gold_per_floor":[167,180,180,196,196,196,212,244,244,308,338,361,391,451,473,485,497,497],"floor_reached":17,"language":"ENG","playtime":359,"items_purged":[],"score":222,"play_id":"d1c82c1a-c1c5-4e34-9515-06adf4f48015","local_time":"20210128110456","is_ascension_mode":true,"campfire_choices":[{"data":"Neutralize","floor":6,"key":"SMITH"},{"floor":16,"key":"REST"}],"circlet_count":0,"master_deck":["AscendersBane","Strike_G","Strike_G","Strike_G+1","Defend_G","Defend_G","Defend_G","Defend_G","Defend_G","Survivor","Neutralize+1","Riddle With Holes","Flying Knee","Cloak And Dagger","Endless Agony","Predator","Outmaneuver","Deadly Poison"],"relics":["Tiny House","Omamori","MawBank","Anchor","Bag of Preparation"],"acts_visited":["Exordium"],"potions_floor_usage":[8,11,17],"damage_taken":[{"damage":7,"enemies":"Jaw Worm","floor":1,"turns":4},{"damage":6,"enemies":"Cultist","floor":2,"turns":4},{"damage":4,"enemies":"2 Louse","floor":4,"turns":4},{"damage":3,"enemies":"Exordium Wildlife","floor":7,"turns":6},{"damage":18,"enemies":"Gremlin Nob","floor":8,"turns":4},{"damage":0,"enemies":"Exordium Thugs","floor":11,"turns":5},{"damage":6,"enemies":"2 Fungi Beasts","floor":12,"turns":4},{"damage":0,"enemies":"3 Louse","floor":13,"turns":4},{"damage":0,"enemies":"Blue Slaver","floor":15,"turns":4},{"damage":40,"enemies":"Slime Boss","floor":17,"turns":6}],"seed_played":"2445194608539555803","potions_obtained":[{"floor":0,"key":"Block Potion"},{"floor":1,"key":"Block Potion"},{"floor":8,"key":"Ancient Potion"},{"floor":11,"key":"SkillPotion"}],"is_trial":false,"path_per_floor":["M","M","?","M","?","R","M","E","T","T","M","M","M","T","M","R","B"],"character_chosen":"THE_SILENT","items_purchased":[],"campfire_rested":1,"item_purchase_floors":[],"current_hp_per_floor":[57,51,51,47,40,40,37,19,19,19,19,13,13,13,13,34,0,0],"gold":497,"neow_bonus":"BOSS_RELIC","is_daily":false,"chose_seed":false,"campfire_upgraded":1,"win_rate":0.0,"timestamp":1611828296,"path_taken":["M","M","?","?","?","R","M","E","T","T","M","M","M","?","M","R","BOSS"],"items_purchased_type":[],"build_version":"2020-12-22","purchased_purges":0,"victory":false,"max_hp_per_floor":[71,71,71,71,71,71,71,71,71,71,71,71,71,71,71,71,71,71],"card_choices":[{"not_picked":["Concentrate","Prepared"],"picked":"Riddle With Holes","floor":0},{"not_picked":["Slice","Quick Slash"],"picked":"Flying Knee","floor":1},{"not_picked":["Underhanded Strike","Slice"],"picked":"Cloak And Dagger","floor":2},{"not_picked":["Bane","Bullet Time"],"picked":"Endless Agony","floor":4},{"not_picked":["Dodge and Roll","Escape Plan"],"picked":"Predator","floor":7},{"not_picked":["Sucker Punch","Distraction"],"picked":"Outmaneuver","floor":8},{"not_picked":["Burst","Endless Agony","Riddle With Holes"],"picked":"SKIP","floor":11},{"not_picked":["Dodge and Roll","Bane","Acrobatics"],"picked":"SKIP","floor":12},{"not_picked":["Flying Knee","Acrobatics","Outmaneuver"],"picked":"SKIP","floor":13},{"not_picked":["PiercingWail","Prepared"],"picked":"Deadly Poison","floor":15}],"player_experience":2359452,"relics_obtained":[{"floor":8,"key":"Omamori"},{"floor":9,"key":"MawBank"},{"floor":10,"key":"Anchor"},{"floor":14,"key":"Bag of Preparation"}],"event_choices":[{"cards_removed":["Strike_G"],"damage_healed":0,"gold_gain":0,"player_choice":"Purged","damage_taken":0,"max_hp_gain":0,"max_hp_loss":0,"event_name":"Purifier","floor":3,"gold_loss":0},{"cards_removed":["Strike_G"],"damage_healed":0,"gold_gain":0,"player_choice":"Card Removal","damage_taken":7,"max_hp_gain":0,"max_hp_loss":0,"event_name":"Golden Wing","floor":5,"gold_loss":0}],"is_beta":false,"boss_relics":[],"items_purged_floors":[],"is_endless":false,"potions_floor_spawned":[1,4,8,11,13],"killed_by":"Slime Boss","ascension_level":20}}