{"host":"f5n4tidiz2n5sooh","time":1611805591,"event":{"mods":["BaseMod","Colored Map","Minty Spire (QoL Compilation)","Relic Stats","StSLib"],"gold_per_floor":[368,387,401,108,108,152,152,152,179,179,203,168,168,11,11,104,104,119,119,44,67,88,88,101,101,101],"floor_reached":25,"language":"ENG","playtime":1030,"items_purged":["Strike_B"],"score":402,"play_id":"f4e2b29f-6295-4664-858b-6dfb08b58d72","local_time":"20210127214631","is_ascension_mode":true,"campfire_choices":[{"floor":7.0,"key":"REST"},{"floor":10.0,"key":"REST"},{"data":"Seek","floor":13.0,"key":"SMITH"},{"data":"Glacier","floor":15.0,"key":"SMITH"},{"data":"Buffer","floor":23,"key":"SMITH"}],"circlet_count":0,"master_deck":["AscendersBane","Defend_B","Defend_B","Defend_B","Defend_B","Zap","Dualcast","Ball Lightning","Ball Lightning","Cold Snap","Glacier+1","Seek+1","Buffer+1","Ball Lightning","Coolheaded","Hyperbeam"],"relics":["Cracked Core","OrangePellets","Golden Idol","Happy Flower","Art of War","Bag of Preparation","Empty Cage"],"acts_visited":["Exordium","TheCity"],"potions_floor_usage":[16,24,24],"damage_taken":[{"damage":14.0,"enemies":"Small Slimes","floor":1.0,"turns":3.0},{"damage":4.0,"enemies":"2 Louse","floor":2.0,"turns":2.0},{"damage":7.0,"enemies":"Jaw Worm","floor":3.0,"turns":2.0},{"damage":27.0,"enemies":"Gremlin Nob","floor":6.0,"turns":4.0},{"damage":19.0,"enemies":"Exordium Wildlife","floor":11.0,"turns":4.0},{"damage":15,"enemies":"Hexaghost","floor":16,"turns":11},{"damage":6,"enemies":"Spheric Guardian","floor":18,"turns":6},{"damage":0,"enemies":"Chosen","floor":21,"turns":4},{"damage":1,"enemies":"Snecko","floor":22,"turns":5},{"damage":27,"enemies":"3 Cultists","floor":24,"turns":6},{"damage":15,"enemies":"Shelled Parasite and Fungi","floor":25,"turns":8}],"seed_played":"-2787050792967406432","potions_obtained":[{"floor":2.0,"key":"GamblersBrew"},{"floor":11.0,"key":"BlessingOfTheForge"},{"floor":16,"key":"Energy Potion"},{"floor":18,"key":"Strength Potion"}],"is_trial":false,"path_per_floor":["M","M","M","$","?","E","R","?","T","R","M","?","R","$","R","B",null,"M","?","?","M","M","R","M","M"],"character_chosen":"DEFECT","items_purchased":["OrangePellets","PowerPotion","Bag of Preparation"],"campfire_rested":2,"item_purchase_floors":[4,4,14],"current_hp_per_floor":[50,46,39,39,39,12,29,11,11,28,9,23,23,23,23,8,46,40,40,40,40,39,39,12,0,0],"gold":101,"neow_bonus":"TWO_FIFTY_GOLD","is_daily":false,"chose_seed":false,"campfire_upgraded":3,"win_rate":0.0,"timestamp":1611805591,"path_taken":["M","M","M","$","?","E","R","?","T","R","M","?","R","$","R","BOSS","M","?","?","M","M","R","M","M"],"items_purchased_type":["Relic","Potion","Relic"],"build_version":"2020-12-22","purchased_purges":1,"victory":false,"max_hp_per_floor":[64,64,64,64,58,58,58,58,58,58,58,58,58,58,58,58,58,58,58,58,58,58,58,58,58,58],"relic_stats":{"OrangePellets":[1],"Happy Flower":[14],"counters":[11,55],"Golden Idol":48,"Art of War":[4],"Bag of Preparation":[12],"obtain_stats":[{"OrangePellets":4,"Happy Flower":6,"Golden Idol":5,"Art of War":9,"Bag of Preparation":14,"Cracked Core":0,"Empty Cage":17},{"OrangePellets":3,"Happy Flower":4,"Golden Idol":3,"Art of War":4,"Bag of Preparation":5,"Cracked Core":0,"Empty Cage":6},{"OrangePellets":7,"Happy Flower":11,"Golden Idol":7,"Art of War":11,"Bag of Preparation":15,"Cracked Core":0,"Empty Cage":26}]},"card_choices":[{"not_picked":["Compile Driver","Capacitor"],"picked":"Ball Lightning","floor":1.0},{"not_picked":["Aggregate","Rebound"],"picked":"Ball Lightning","floor":2.0},{"not_picked":["Leap","Hologram"],"picked":"Cold Snap","floor":3.0},{"not_picked":["Aggregate","Reinforced Body"],"picked":"Glacier","floor":6.0},{"not_picked":["Rebound","Stack"],"picked":"Seek","floor":11.0},{"not_picked":["Seek","Hyperbeam"],"picked":"Buffer","floor":16},{"not_picked":["Sunder","Undo+1","Beam Cell"],"picked":"SKIP","floor":18},{"not_picked":["Redo","Leap","White Noise"],"picked":"SKIP","floor":21},{"not_picked":["Redo","Leap","White Noise"],"picked":"SKIP","floor":21},{"not_picked":["BootSequence","Steam"],"picked":"Coolheaded","floor":22},{"not_picked":["FTL","Steam"],"picked":"Hyperbeam","floor":24}],"player_experience":2038520,"relics_obtained":[{"floor":6.0,"key":"Happy Flower"},{"floor":9.0,"key":"Art of War"}],"event_choices":[{"damage_healed":0.0,"max_hp_gain":0.0,"max_hp_loss":6.0,"gold_gain":0.0,"event_name":"Golden Idol","player_choice":"Lose Max HP","floor":5.0,"gold_loss":0.0,"damage_taken":0.0,"relics_obtained":["Golden Idol"]},{"damage_healed":0.0,"max_hp_gain":0.0,"max_hp_loss":0.0,"gold_gain":0.0,"event_name":"Scrap Ooze","player_choice":"Fled","floor":8.0,"gold_loss":0.0,"damage_taken":18.0},{"damage_healed":14.0,"max_hp_gain":0.0,"max_hp_loss":0.0,"gold_gain":0.0,"event_name":"The Cleric","player_choice":"Healed","floor":12.0,"gold_loss":35.0,"damage_taken":0.0},{"damage_healed":0,"gold_gain":0,"player_choice":"Read","damage_taken":0,"max_hp_gain":0,"max_hp_loss":0,"event_name":"The Library","floor":19,"gold_loss":0,"cards_obtained":["Ball Lightning"]},{"cards_removed":["Strike_B"],"damage_healed":0,"gold_gain":0,"player_choice":"Gave Gold","damage_taken":0,"max_hp_gain":0,"max_hp_loss":0,"event_name":"Beggar","floor":20,"gold_loss":75}],"is_beta":false,"boss_relics":[{"not_picked":["FrozenCore","Ectoplasm"],"picked":"Empty Cage"}],"items_purged_floors":[4],"is_endless":false,"potions_floor_spawned":[2,11,16,18,21,22],"killed_by":"Shelled Parasite and Fungi","ascension_level":20}}