{"host":"474oh00kq6ni8dn3","time":1611841093,"event":{"mods":["AchievementEnabler","Aspiration","BaseMod","Better Note","Better Third Choice","Colored Map","Colored Powertips","Conspire","Custom Start","Defuse TimeMaze Blight","Duelist Mod","GifTheSpireLib","Googly Eyes","GungeonMod","Halation","Hubris","Infinite Spire","Jedi Mod","Minty Spire (QoL Compilation)","Permanent Neow","Quick Restart","Random Character Button","Rare Cards Sparkle","Reliquary","Replay The Spire","Shop Mod","Spicy Shops","StSLib","Stuff the Spire","The IronCluck","The Jungle","TheBandit","Trackpad","Unceasing Turn Reminder","slay the spire mod where everything is the same but ironclad has a cowboy hat"],"gold_per_floor":[110,6,23,42,42,75,75,105,105,140,158,158,171,184,184,281,281,292,292,292,292],"floor_reached":20,"language":"ENG","playtime":920,"items_purged":[],"score":223,"play_id":"b808ccef-ed0b-4215-8ac8-233ae3c66ba3","local_time":"20210128133813","is_ascension_mode":true,"campfire_choices":[{"data":"Twin Strike","floor":7.0,"key":"SMITH"},{"data":"Pommel Strike","floor":12.0,"key":"SMITH"},{"data":"Perfected Strike","floor":15.0,"key":"SMITH"}],"circlet_count":0,"master_deck":["Strike_R","Strike_R","Strike_R","Strike_R","Strike_R","Defend_R","Defend_R","Defend_R","Defend_R","Bash","Twin Strike+1","Dual Wield","Perfected Strike+1","Battle Trance","Pommel Strike+1","Twin Strike","Perfected Strike+1","Firewall","Armaments"],"relics":["Burning Blood","aspiration:Nostalgia","Iron Core","Blood Vial","halation:Trompette","trackpad:SappingStone","StuffTheSpire:SapphireSignet","Bird Faced Urn","aspiration:RandomNobGenerator"],"acts_visited":["Exordium","TheCity"],"potions_floor_usage":[],"damage_taken":[{"damage":9.0,"enemies":"Jaw Worm","floor":1.0,"turns":5.0},{"damage":0.0,"enemies":"Cultist","floor":3.0,"turns":2.0},{"damage":7.0,"enemies":"2 Louse","floor":4.0,"turns":2.0},{"damage":13.0,"enemies":"Replay:BlueRogue","floor":6.0,"turns":4.0},{"damage":25.0,"enemies":"Lagavulin","floor":8.0,"turns":6.0},{"damage":20.0,"enemies":"3 Sentries","floor":10.0,"turns":6.0},{"damage":6.0,"enemies":"Gremlin Gang","floor":11.0,"turns":5.0},{"damage":3.0,"enemies":"Red Slaver","floor":13.0,"turns":3.0},{"damage":0.0,"enemies":"2 Fungi Beasts","floor":14.0,"turns":3.0},{"damage":22.0,"enemies":"Fading Forest","floor":16.0,"turns":11.0},{"damage":39,"enemies":"Shell Parasite","floor":18,"turns":6},{"damage":8,"enemies":"conspire:FuzzyDice","floor":20,"turns":2}],"seed_played":"4143500279405660535","potions_obtained":[{"floor":4.0,"key":"Energy Potion"},{"floor":6.0,"key":"Block Potion"},{"floor":8.0,"key":"BloodPotion"},{"floor":11.0,"key":"DemoMod:LeadSkinPotion"},{"floor":13.0,"key":"DemoMod:LeadSkinPotion"}],"is_trial":false,"path_per_floor":["M","?","M","M","?","E","R","E","T","E","M","R","M","M","R","B",null,"M","?","M"],"character_chosen":"IRONCLAD","items_purchased":[],"campfire_rested":0,"item_purchase_floors":[],"current_hp_per_floor":[77,77,80,79,79,73,73,56,56,44,46,46,67,75,75,63,80,51,51,45,45],"gold":292,"neow_bonus":"NOSTALGIA","is_daily":false,"chose_seed":false,"campfire_upgraded":3,"win_rate":0.0,"timestamp":1611841093,"path_taken":["M","?","?","M","?","E","R","E","T","E","?","R","M","M","R","BOSS","M","?","M"],"items_purchased_type":[],"build_version":"2020-12-22","purchased_purges":0,"victory":false,"max_hp_per_floor":[80,80,80,80,80,80,80,80,80,80,80,80,80,80,80,80,80,80,80,80,80],"card_choices":[{"not_picked":["FTL","Heavy Blade"],"picked":"Twin Strike","floor":1.0},{"not_picked":["Power Through","Iron Wave"],"picked":"Dual Wield","floor":3.0},{"not_picked":["Second Wind","Gash"],"picked":"Perfected Strike","floor":4.0},{"not_picked":["hubris:CleavingFinish","Havoc"],"picked":"Battle Trance","floor":6.0},{"not_picked":["Iron Wave","ReplayTheSpireMod:GoodbyeWorld","Berserk"],"picked":"SKIP","floor":8.0},{"not_picked":["Brutality","Feel No Pain","Heavy Blade"],"picked":"SKIP","floor":10.0},{"not_picked":["Flex","Anger"],"picked":"Pommel Strike","floor":11.0},{"not_picked":["StuffTheSpire:Slingshot","Feel No Pain"],"picked":"Twin Strike","floor":13.0},{"not_picked":["Fire Breathing","StuffTheSpire:RockThrow"],"picked":"Perfected Strike","floor":14.0},{"not_picked":["Reaper","jedi:strikingstrike"],"picked":"Firewall","floor":16.0},{"not_picked":["Rage","ReplayTheSpireMod:System Scan"],"picked":"Armaments","floor":18}],"player_experience":114009,"relics_obtained":[{"floor":6.0,"key":"halation:Trompette"},{"floor":8.0,"key":"trackpad:SappingStone"},{"floor":9.0,"key":"StuffTheSpire:SapphireSignet"},{"floor":10.0,"key":"Bird Faced Urn"}],"event_choices":[{"damage_healed":0.0,"max_hp_gain":0.0,"max_hp_loss":0.0,"gold_gain":0.0,"event_name":"WeMeetAgain","player_choice":"Paid Gold","floor":2.0,"gold_loss":104.0,"damage_taken":0.0,"relics_obtained":["Blood Vial"]},{"damage_healed":0.0,"max_hp_gain":0.0,"max_hp_loss":0.0,"gold_gain":0.0,"event_name":"Accursed Blacksmith","player_choice":"Forge","floor":5.0,"gold_loss":0.0,"damage_taken":0.0,"cards_upgraded":["Perfected Strike"]},{"damage_healed":0,"gold_gain":0,"player_choice":"Bought 0 Potions","damage_taken":0,"max_hp_gain":0,"max_hp_loss":0,"event_name":"The Woman in Blue","floor":19,"gold_loss":0}],"is_beta":false,"boss_relics":[{"not_picked":["hubris:ScarierMask","StuffTheSpire:Kangaroo"],"picked":"aspiration:RandomNobGenerator"}],"items_purged_floors":[],"is_endless":false,"potions_floor_spawned":[4,6,8,11,13],"killed_by":"conspire:FuzzyDice","ascension_level":3}}