{"host":"1qhzi8r9ejho5yph","time":1611828113,"event":{"mods":["AchievementEnabler","BaseMod","Colored Map","Colored Powertips","Highlight Path","Minty Spire (QoL Compilation)","Permanent Neow","Quick Restart","Random Character Button","StSLib","SuperFastMode"],"gold_per_floor":[119,119,69,83,83,83,103,103,103,116,132,53,53,72,72,72,72],"floor_reached":16,"language":"ENG","playtime":316,"items_purged":[],"score":92,"play_id":"428febec-2cb4-4889-8460-f8ea4bfd3207","local_time":"20210128180153","is_ascension_mode":false,"campfire_choices":[{"data":"Vigilance","floor":6,"key":"SMITH"},{"data":"Adaptation","floor":8,"key":"SMITH"},{"data":"BattleHymn","floor":15,"key":"SMITH"}],"circlet_count":0,"master_deck":["Strike_P","Strike_P","Strike_P","Strike_P","Defend_P","Defend_P","Defend_P","Eruption+1","Vigilance+1","Consecrate","ClearTheMind","Adaptation+1","BowlingBash","FlyingSleeves","BattleHymn+1","Parasite","LessonLearned"],"relics":["PureWater"],"acts_visited":["Exordium"],"potions_floor_usage":[16],"damage_taken":[{"damage":6,"enemies":"Jaw Worm","floor":1,"turns":3},{"damage":0,"enemies":"2 Louse","floor":4,"turns":2},{"damage":0,"enemies":"Cultist","floor":7,"turns":2},{"damage":0,"enemies":"3 Louse","floor":10,"turns":2},{"damage":1,"enemies":"2 Fungi Beasts","floor":11,"turns":3},{"damage":31,"enemies":"Exordium Thugs","floor":14,"turns":6},{"damage":15,"enemies":"Hexaghost","floor":16,"turns":4}],"seed_played":"7461708828728398252","potions_obtained":[{"floor":4,"key":"PowerPotion"},{"floor":7,"key":"LiquidMemories"},{"floor":11,"key":"EssenceOfSteel"}],"is_trial":false,"path_per_floor":["M","?","?","M","?","R","M","R","T","M","M","$","?","M","R","B"],"character_chosen":"WATCHER","items_purchased":["BattleHymn"],"campfire_rested":0,"item_purchase_floors":[12],"current_hp_per_floor":[73,73,73,73,73,73,73,73,73,73,72,72,79,48,48,33,33],"gold":72,"neow_bonus":"TEN_PERCENT_HP_BONUS","is_daily":false,"chose_seed":false,"campfire_upgraded":3,"win_rate":0.0,"timestamp":1611828113,"path_taken":["M","?","?","M","?","R","?","R","T","M","M","$","?","M","R","BOSS"],"items_purchased_type":["Card"],"build_version":"2020-12-22","purchased_purges":0,"victory":false,"max_hp_per_floor":[79,79,79,79,79,79,79,79,79,79,79,79,79,79,79,79,79],"card_choices":[{"not_picked":["EmptyBody","SashWhip"],"picked":"Consecrate","floor":1},{"not_picked":["Prostrate","FearNoEvil"],"picked":"ClearTheMind","floor":4},{"not_picked":["Sanctity","InnerPeace"],"picked":"Adaptation","floor":7},{"not_picked":["Consecrate","SandsOfTime"],"picked":"BowlingBash","floor":10},{"not_picked":["FlurryOfBlows","PathToVictory"],"picked":"FlyingSleeves","floor":11},{"not_picked":["Crescendo","Prostrate"],"picked":"LessonLearned","floor":14}],"player_experience":344254,"relics_obtained":[],"event_choices":[{"damage_healed":0,"gold_gain":0,"player_choice":"Ignored","damage_taken":0,"max_hp_gain":0,"max_hp_loss":0,"event_name":"Golden Idol","floor":2,"gold_loss":0},{"cards_removed":["Defend_P"],"damage_healed":0,"gold_gain":0,"player_choice":"Card Removal","damage_taken":0,"max_hp_gain":0,"max_hp_loss":0,"event_name":"The Cleric","floor":3,"gold_loss":50},{"damage_healed":0,"gold_gain":0,"player_choice":"Forge","damage_taken":0,"max_hp_gain":0,"max_hp_loss":0,"event_name":"Accursed Blacksmith","floor":5,"gold_loss":0,"cards_upgraded":["Eruption"]},{"damage_healed":19,"gold_gain":0,"player_choice":"Healed and dodged fight","damage_taken":0,"max_hp_gain":0,"max_hp_loss":0,"event_name":"Mushrooms","floor":13,"gold_loss":0,"cards_obtained":["Parasite"]}],"is_beta":false,"boss_relics":[],"items_purged_floors":[],"is_endless":false,"potions_floor_spawned":[4,7,11],"killed_by":"Hexaghost","ascension_level":0}}