{"host":"58njlu7hme3ojrlz","time":1611858388,"event":{"mods":["AchievementEnabler","Act Like it!","BaseMod","Block Reminder","Colored Map","Colored Powertips","DeckTracker","Downfall","Gensokyo","Hallownest","Highlight Path","Infinite Spire","Marisa????????","Minty Spire (QoL Compilation)","Reimu??????","Relic Sorter","Remilia??????","Replay The Spire","Shop Mod","StSLib","The Alterego","The Animator","The Bug Knight","The Servant 0.9.4","The Wild Card","TheBandit"],"gold_per_floor":[109,169,187,199,218,218,246,246,246,246,266,266,266,366,366,472,472,472,466,465,465,560,560,56,81,106,106,130,130,255,276,276,407,407,421,15,0,0,20,20,43,43,69,83,83,98,98,114,114,114],"floor_reached":51,"language":"ENG","playtime":6562,"items_purged":["Poor:ReiMu","Overencumbered","downfall:Icky"],"score":599,"play_id":"b8e1d407-8824-45fd-bbd2-2114d204c2e6","local_time":"20210129012628","is_ascension_mode":false,"campfire_choices":[{"data":"wariomod:ImFeelingLucky","floor":6,"key":"SMITH"},{"data":"wariomod:Step","floor":8,"key":"SMITH"},{"floor":13,"key":"REST"},{"data":"wariomod:SpacialMastery","floor":23,"key":"SMITH"},{"data":"wariomod:GoAgain","floor":27,"key":"SMITH"},{"data":"wariomod:ChargeForth","floor":29,"key":"SMITH"},{"floor":32,"key":"REST"},{"data":"wariomod:GoAgain","floor":40,"key":"SMITH"},{"data":"wariomod:EndlessBlast","floor":42,"key":"SMITH"},{"floor":47,"key":"REST"},{"floor":49,"key":"REST"}],"circlet_count":0,"master_deck":["wariomod:Step+1","wariomod:Leap","wariomod:Hopshield+1","wariomod:HappyHop","wariomod:Bombshield","wariomod:ImFeelingLucky+1","wariomod:Bombshield","Injury","wariomod:Leapslam","wariomod:FabulousPrizes","animator:Curse_Nutcracker","wariomod:SpacialMastery+1","wariomod:DoubleDip+1","wariomod:ChargeForth+1","wariomod:BoomBoom+1","wariomod:WhirlwindBurst","wariomod:Leapslam+1","wariomod:DonateDraw","wariomod:GoAgain+1","Amnesia","ReplayTheSpireMod:Faulty Equipment","wariomod:BlastDash","wariomod:GreaterGuard","wariomod:DisarmingMoves+1","wariomod:PoisonBombs","wariomod:GoAgain+1","wariomod:SpikeSlash","wariomod:EmptyMind","wariomod:DiceyMove","wariomod:BodyBlock+1","wariomod:KeyFinisher","wariomod:EndlessBlast+1","wariomod:NullJump","wariomod:Leapslam","wariomod:Bomblaster+1","Metamorphosis","wariomod:DoubleDip","downfall:Aged","Clumsy","wariomod:Bomblaster+1","wariomod:SpacialMastery+1","wariomod:HappyHop"],"relics":["wariomod:TheHat","YidongShenshe:ReiMu","Pen Nib","infinitespire:CheckeredPen","Ornamental Fan","alterego_mod:FleetingLove","bronze:BronzeIdol","wariomod:SmileyHat","Smiling Mask","Golden Idol","downfall:ExtraCursedKey","Painkiller Herb","MerchantsRug","Lizard Tail","Replay:Bronze Core","Busted Crown","Pandora\u0027s Box","ReplayTheSpireMod:TigerMarble","Red Mask","Gremlin Food"],"acts_visited":["Exordium","TheCity","TheBeyond"],"potions_floor_usage":[16,16,16,30,41,50,50,50],"damage_taken":[{"damage":0,"enemies":"Small Slimes","floor":1,"turns":3},{"damage":0,"enemies":"Jaw Worm","floor":3,"turns":3},{"damage":0,"enemies":"2 Louse","floor":4,"turns":2},{"damage":15,"enemies":"Exordium Wildlife","floor":5,"turns":4},{"damage":25,"enemies":"Lagavulin","floor":7,"turns":7},{"damage":0,"enemies":"Large Slime","floor":11,"turns":5},{"damage":20,"enemies":"Slime Boss","floor":16,"turns":6},{"damage":14,"enemies":"Spheric Guardian","floor":18,"turns":5},{"damage":0,"enemies":"Chosen","floor":19,"turns":6},{"damage":5,"enemies":"Sentry and Sphere","floor":20,"turns":4},{"damage":0,"enemies":"Snecko","floor":25,"turns":5},{"damage":6,"enemies":"Centurion and Healer","floor":28,"turns":4},{"damage":8,"enemies":"Colosseum Slavers","floor":30,"turns":4},{"damage":26,"enemies":"Colosseum Nobs","floor":30,"turns":4},{"damage":0,"enemies":"Shelled Parasite and Fungi","floor":31,"turns":2},{"damage":9,"enemies":"Champ","floor":33,"turns":10},{"damage":6,"enemies":"Orb Walker","floor":35,"turns":2},{"damage":9,"enemies":"3 Shapes","floor":39,"turns":3},{"damage":2,"enemies":"Writhing Mass","floor":41,"turns":4},{"damage":23,"enemies":"Jaw Worm Horde","floor":44,"turns":3},{"damage":0,"enemies":"Maw","floor":46,"turns":6},{"damage":18,"enemies":"Transient","floor":48,"turns":5},{"damage":81,"enemies":"Replay:Hell Engine","floor":50,"turns":9}],"seed_played":"-7105462848950650658","potions_obtained":[{"floor":1,"key":"AttackPotion"},{"floor":5,"key":"champ:CounterPotion"},{"floor":7,"key":"Slimebound:ThreeZeroPotion"},{"floor":18,"key":"LiquidBronze"},{"floor":20,"key":"champ:CounterPotion"},{"floor":30,"key":"Regen Potion"},{"floor":31,"key":"LifebloodPotion"},{"floor":44,"key":"Elixir"},{"floor":46,"key":"hexamod:SoulburnPotion"}],"is_trial":false,"path_per_floor":["M","?","M","M","M","R","E","R","T","?","M","?","R","?","R_BF","B",null,"?","?","?","?","?","T","T","?","T","T","?","T","?","?","T","B",null,"?","T","?","AVR","?","T","?","T","T","?","?","?","T","?","T","B",null],"character_chosen":"THE_BANDIT","items_purchased":["Ornamental Fan","MerchantsRug","wariomod:DonateDraw","wariomod:Bomblaster+1","ReplayTheSpireMod:TigerMarble","Metamorphosis","wariomod:DoubleDip"],"campfire_rested":4,"item_purchase_floors":[24,24,24,36,36,36,36],"current_hp_per_floor":[88,88,88,88,73,73,48,48,48,48,48,48,74,79,93,73,93,79,79,74,74,74,74,74,74,74,74,68,68,34,34,61,52,93,87,87,87,87,78,78,76,76,76,53,53,53,80,62,89,17],"gold":114,"neow_bonus":"TEN_PERCENT_HP_BONUS","is_daily":false,"chose_seed":false,"campfire_upgraded":7,"win_rate":0.0,"timestamp":1611858388,"path_taken":["M","?","M","M","M","R","E","R","T","?","M","?","R","?","R_BF","BOSS","?","?","?","?","?","T","T","?","T","T","?","T","?","?","T","BOSS","?","T","?","AVR","?","T","?","T","T","?","?","?","T","?","T","BOSS"],"items_purchased_type":["Relic","Relic","Card","Card","Relic","Card","Card"],"build_version":"2020-12-22","purchased_purges":3,"victory":true,"max_hp_per_floor":[88,88,88,88,88,88,88,88,88,88,88,88,88,93,93,93,93,93,93,93,93,93,93,93,93,93,93,93,93,93,93,93,93,93,93,93,93,93,93,93,93,93,93,93,93,93,93,93,93,93],"card_choices":[{"not_picked":["wariomod:BodyBlock","wariomod:SpikeSlash"],"picked":"wariomod:Hopshield","floor":1},{"not_picked":["wariomod:DoubleDash","wariomod:ChargeForth"],"picked":"wariomod:HappyHop","floor":3},{"not_picked":["wariomod:SmackSlam","wariomod:BodyBlock"],"picked":"wariomod:Bombshield","floor":4},{"not_picked":["wariomod:Goblast","wariomod:MassiveParty"],"picked":"wariomod:ImFeelingLucky","floor":5},{"not_picked":["wariomod:BodyBlock","wariomod:EmptyMind"],"picked":"wariomod:Bombshield","floor":7},{"not_picked":["wariomod:Smackflip","wariomod:SimpleShield"],"picked":"wariomod:Leapslam","floor":11},{"not_picked":["wariomod:ForbiddenMagic","wariomod:DeadlyDash"],"picked":"wariomod:SpacialMastery","floor":16},{"not_picked":["wariomod:HappyHop","wariomod:Hopshield"],"picked":"wariomod:DoubleDip+1","floor":18},{"not_picked":["wariomod:DamnedStrength","wariomod:DeepDig"],"picked":"wariomod:ChargeForth","floor":19},{"not_picked":["wariomod:ChargeForth+1","wariomod:Bombshield+1"],"picked":"wariomod:BoomBoom+1","floor":20},{"not_picked":["wariomod:BoomBoom+1","wariomod:ChargeForth"],"picked":"wariomod:WhirlwindBurst","floor":22},{"not_picked":["wariomod:AwfulLook","wariomod:SmackSlam+1"],"picked":"wariomod:Leapslam+1","floor":22},{"not_picked":["wariomod:Goblast+1","wariomod:ChargeForth"],"picked":"wariomod:GoAgain","floor":25},{"not_picked":["wariomod:SmackSlam+1","wariomod:ThatsNotAll+1"],"picked":"wariomod:BlastDash","floor":28},{"not_picked":["wariomod:Goblast","wariomod:DonateDraw+1"],"picked":"wariomod:GreaterGuard","floor":30},{"not_picked":["wariomod:BodyBlock","wariomod:EmptyMind"],"picked":"wariomod:DisarmingMoves","floor":31},{"not_picked":["wariomod:BoomAndDoom","wariomod:WipeClean"],"picked":"wariomod:PoisonBombs","floor":33},{"not_picked":[],"picked":"wariomod:Leapslam","floor":35},{"not_picked":["wariomod:SimpleShield"],"picked":"SKIP","floor":39},{"not_picked":["wariomod:SpikeSlash"],"picked":"SKIP","floor":41},{"not_picked":[],"picked":"wariomod:Bomblaster+1","floor":44},{"not_picked":["wariomod:HastyRush+1"],"picked":"SKIP","floor":46},{"not_picked":["wariomod:HappyHop"],"picked":"SKIP","floor":48},{"not_picked":[],"picked":"wariomod:HappyHop","floor":48}],"player_experience":157075,"relics_obtained":[{"floor":7,"key":"Smiling Mask"},{"floor":9,"key":"wariomod:SmileyHat"},{"floor":22,"key":"bronze:BronzeIdol"},{"floor":26,"key":"Pen Nib"},{"floor":30,"key":"Lizard Tail"},{"floor":30,"key":"infinitespire:CheckeredPen"},{"floor":43,"key":"Gremlin Food"}],"event_choices":[{"damage_healed":0,"gold_gain":60,"player_choice":"Gained Gold","damage_taken":0,"max_hp_gain":0,"max_hp_loss":0,"event_name":"Golden Wing","floor":2,"gold_loss":0},{"damage_healed":0,"gold_gain":0,"player_choice":"Take Wound","damage_taken":0,"relics_obtained":["Golden Idol"],"max_hp_gain":0,"max_hp_loss":0,"event_name":"Golden Idol","floor":10,"gold_loss":0,"cards_obtained":["Injury"]},{"damage_healed":0,"gold_gain":0,"player_choice":"Take Tiny Shrine away","damage_taken":0,"relics_obtained":["YidongShenshe:ReiMu"],"max_hp_gain":0,"max_hp_loss":0,"event_name":"yidonshenshe","floor":12,"gold_loss":0,"cards_obtained":["Poor:ReiMu"]},{"damage_healed":0,"gold_gain":0,"player_choice":"Choice 1","damage_taken":0,"relics_obtained":["alterego_mod:FleetingLove"],"max_hp_gain":0,"max_hp_loss":0,"event_name":"Secret Garden","floor":21,"gold_loss":0},{"damage_healed":0,"gold_gain":0,"player_choice":"Fight","damage_taken":0,"max_hp_gain":0,"max_hp_loss":0,"event_name":"Colosseum","floor":30,"gold_loss":0},{"damage_healed":0,"gold_gain":0,"player_choice":"Fought Nobs","damage_taken":0,"max_hp_gain":0,"max_hp_loss":0,"event_name":"Colosseum","floor":30,"gold_loss":0},{"damage_healed":0,"gold_gain":0,"player_choice":"Paid","damage_taken":0,"relics_obtained":["Red Mask"],"max_hp_gain":0,"max_hp_loss":0,"event_name":"Tomb of Lord Red Mask","floor":37,"gold_loss":15},{"damage_healed":0,"gold_gain":0,"player_choice":"Copied","damage_taken":0,"max_hp_gain":0,"max_hp_loss":0,"event_name":"Duplicator","floor":45,"gold_loss":0,"cards_obtained":["wariomod:SpacialMastery"]}],"is_beta":false,"boss_relics":[{"not_picked":["ChewingGum","SacredBark"],"picked":"Painkiller Herb"},{"not_picked":["Sozu","Replay:Drink Me"],"picked":"Replay:Grab Bag"},{"not_picked":["Fusion Hammer","Velvet Choker"],"picked":"Replay:Bronze Core"},{"not_picked":["Runic Dome","Coffee Dripper"],"picked":"Busted Crown"},{"not_picked":["sneckomod:SneckoTalon","Black Star"],"picked":"Pandora\u0027s Box"}],"items_purged_floors":[24,36,38],"is_endless":false,"potions_floor_spawned":[1,5,7,11,18,20,30,31,44,46],"ascension_level":0}}