{"host":"kg61lsvem4dxoat8","time":1611854723,"event":{"mods":["AchievementEnabler","BaseMod","Better Altar","Better Match","Better Sensory Stone","Highlight Path","Minty Spire (QoL Compilation)","Quick Restart","Relic Sorter","Relic Stats","StSLib","Synergy Search","slay the spire mod where everything is the same but ironclad has a cowboy hat"],"gold_per_floor":[114,114,14,14,33,64,78,111,111,126,7,7,7,26,26,100,100,116,133,133,83,83,83,101,101,101],"floor_reached":25,"language":"ENG","playtime":819,"items_purged":["Strike_G"],"score":472,"play_id":"ee69a722-55b3-4bcd-bc98-3ac6757241b6","local_time":"20210129012523","is_ascension_mode":true,"campfire_choices":[{"floor":13.0,"key":"REST"},{"data":"Cloak And Dagger","floor":15.0,"key":"SMITH"},{"data":"Blade Dance","floor":23.0,"key":"SMITH"}],"circlet_count":0,"master_deck":["AscendersBane","Strike_G+1","Strike_G+1","Strike_G+1","Defend_G+1","Defend_G+1","Defend_G+1","Defend_G+1","Defend_G+1","Survivor","Neutralize","Cloak And Dagger+1","Cloak And Dagger","Slice","Blade Dance+1","Flash of Steel","Slice","CurseOfTheBell"],"relics":["Ring of the Snake","NeowsBlessing","Eternal Feather","Kunai","Darkstone Periapt","Calling Bell","Potion Belt","Blue Candle","FossilizedHelix"],"acts_visited":["Exordium","TheCity"],"potions_floor_usage":[24,25],"damage_taken":[{"damage":0.0,"enemies":"2 Louse","floor":1.0,"turns":1.0},{"damage":0.0,"enemies":"Jaw Worm","floor":5.0,"turns":1.0},{"damage":0.0,"enemies":"Lagavulin","floor":6.0,"turns":1.0},{"damage":2.0,"enemies":"Cultist","floor":7.0,"turns":5.0},{"damage":37.0,"enemies":"3 Sentries","floor":8.0,"turns":20.0},{"damage":1.0,"enemies":"Exordium Wildlife","floor":10.0,"turns":3.0},{"damage":1.0,"enemies":"Red Slaver","floor":14.0,"turns":3.0},{"damage":6.0,"enemies":"The Guardian","floor":16.0,"turns":15.0},{"damage":0.0,"enemies":"3 Byrds","floor":18.0,"turns":6.0},{"damage":24.0,"enemies":"Shell Parasite","floor":19.0,"turns":8.0},{"damage":1,"enemies":"Snecko","floor":24,"turns":9},{"damage":54,"enemies":"Slavers","floor":25,"turns":6}],"seed_played":"6939379450994060319","potions_obtained":[{"floor":1.0,"key":"EntropicBrew"},{"floor":6.0,"key":"LiquidMemories"},{"floor":8.0,"key":"FearPotion"},{"floor":12.0,"key":"FairyPotion"},{"floor":16.0,"key":"ColorlessPotion"},{"floor":19.0,"key":"DistilledChaos"},{"floor":24,"key":"FearPotion"}],"is_trial":false,"path_per_floor":["M","?","$","?","M","E","M","E","T","M","$","?","R","M","R","B",null,"M","M","?","?","$","R","M","E"],"character_chosen":"THE_SILENT","items_purchased":["Cloak And Dagger","Blade Dance","Flash of Steel"],"campfire_rested":1,"item_purchase_floors":[3,11,11],"current_hp_per_floor":[59,69,69,62,62,62,60,23,23,22,22,22,53,52,61,55,77,77,53,53,53,53,62,61,7,7],"gold":101,"neow_bonus":"THREE_ENEMY_KILL","is_daily":false,"chose_seed":false,"campfire_upgraded":2,"win_rate":0.0,"timestamp":1611854723,"path_taken":["M","?","$","?","?","E","M","E","T","M","?","?","R","M","R","BOSS","M","M","?","?","$","R","M","E"],"items_purchased_type":["Card","Card","Card"],"build_version":"2020-12-22","purchased_purges":1,"victory":false,"max_hp_per_floor":[66,76,76,76,76,76,76,76,76,76,76,76,76,76,76,76,82,82,82,82,82,82,82,82,82,82],"relic_stats":{"Darkstone Periapt":6,"counters":[12,78],"Blue Candle":[1],"Eternal Feather":27,"Kunai":[46],"obtain_stats":[{"Darkstone Periapt":9,"Calling Bell":17,"Potion Belt":17,"NeowsBlessing":0,"Blue Candle":17,"Eternal Feather":6,"Kunai":8,"FossilizedHelix":17,"Ring of the Snake":0},{"Darkstone Periapt":5,"Calling Bell":8,"Potion Belt":8,"NeowsBlessing":0,"Blue Candle":8,"Eternal Feather":3,"Kunai":5,"FossilizedHelix":8,"Ring of the Snake":0},{"Darkstone Periapt":28,"Calling Bell":49,"Potion Belt":49,"NeowsBlessing":0,"Blue Candle":49,"Eternal Feather":3,"Kunai":28,"FossilizedHelix":49,"Ring of the Snake":0}],"Ring of the Snake":[24]},"card_choices":[{"not_picked":["Reflex","Backflip","Acrobatics"],"picked":"SKIP","floor":1.0},{"not_picked":["Deflect","Bane","Deadly Poison"],"picked":"SKIP","floor":5.0},{"not_picked":["Burst","Finisher"],"picked":"Cloak And Dagger","floor":6.0},{"not_picked":["Poisoned Stab","Deflect","Reflex"],"picked":"SKIP","floor":7.0},{"not_picked":["Poisoned Stab","Concentrate"],"picked":"Slice","floor":8.0},{"not_picked":["Riddle With Holes","Setup","Quick Slash"],"picked":"SKIP","floor":10.0},{"not_picked":["Dagger Throw","Flying Knee"],"picked":"Slice","floor":14.0},{"not_picked":["Dagger Throw","Slice+1","Flying Knee"],"picked":"SKIP","floor":18.0},{"not_picked":["Skewer","Leg Sweep","Poisoned Stab"],"picked":"SKIP","floor":19.0},{"not_picked":["Prepared","All Out Attack","Poisoned Stab"],"picked":"SKIP","floor":24}],"player_experience":1417223,"relics_obtained":[{"floor":6.0,"key":"Eternal Feather"},{"floor":8.0,"key":"Kunai"},{"floor":9.0,"key":"Darkstone Periapt"},{"floor":17.0,"key":"Potion Belt"},{"floor":17.0,"key":"Blue Candle"},{"floor":17.0,"key":"FossilizedHelix"}],"event_choices":[{"damage_healed":0.0,"max_hp_gain":5.0,"max_hp_loss":0.0,"gold_gain":0.0,"event_name":"Big Fish","player_choice":"Donut","floor":2.0,"gold_loss":0.0,"damage_taken":0.0},{"cards_removed":["Strike_G"],"damage_healed":0.0,"max_hp_gain":0.0,"max_hp_loss":0.0,"gold_gain":0.0,"event_name":"Golden Wing","player_choice":"Card Removal","floor":4.0,"gold_loss":0.0,"damage_taken":7.0},{"damage_healed":0.0,"max_hp_gain":0.0,"max_hp_loss":0.0,"gold_gain":0.0,"event_name":"Lab","player_choice":"Got Potions","floor":12.0,"gold_loss":0.0,"damage_taken":0.0},{"damage_healed":0.0,"max_hp_gain":0.0,"max_hp_loss":0.0,"gold_gain":0.0,"event_name":"Back to Basics","player_choice":"Simplicity","floor":20.0,"gold_loss":0.0,"damage_taken":0.0,"cards_upgraded":["Strike_G","Strike_G","Strike_G","Defend_G","Defend_G","Defend_G","Defend_G","Defend_G"]},{"damage_healed":0.0,"max_hp_gain":0.0,"max_hp_loss":0.0,"gold_gain":0.0,"event_name":"The Joust","player_choice":"Bet on Owner","floor":21.0,"gold_loss":50.0,"damage_taken":0.0}],"is_beta":false,"boss_relics":[{"not_picked":["HoveringKite","Busted Crown"],"picked":"Calling Bell"}],"items_purged_floors":[3],"is_endless":false,"potions_floor_spawned":[1,6,7,8,16,19,24],"killed_by":"Slavers","ascension_level":20}}