{"host":"xmr2g8b7eju0288o","time":1611848600,"event":{"mods":["100% Spire Juice","AchievementEnabler","BaseMod","Colored Map","Colored Powertips","KOR Keyword Fix","Minty Spire (QoL Compilation)","Quick Restart","Spicy Shops","StSLib","SuperFastMode"],"gold_per_floor":[132,132,192,228,228,228,270,330,330,405,465,29,65,65,65],"floor_reached":14,"language":"KOR","playtime":338,"items_purged":[],"score":188,"play_id":"a84bf4c2-5d3e-48d8-a20a-74c1c9cdb500","local_time":"20210129004320","daily_mods":["Heirloom","DeadlyEvents","Elite Swarm","Midas"],"is_ascension_mode":true,"campfire_choices":[{"floor":6.0,"key":"REST"}],"circlet_count":0,"master_deck":["AscendersBane","Moonworks:Strike","Moonworks:Strike","Moonworks:Strike","Moonworks:Defend","Moonworks:Defend","Moonworks:Defend","Moonworks:Defend","Moonworks:Ambush","Moonworks:LongDistanceShot","Moonworks:SakisCookie","Moonworks:JonathanRush","Moonworks:EvilSpyWorkPreparation","Moonworks:NicePresent","Moonworks:JonathanRush","Moonworks:CloudOfSeagulls"],"relics":["Moonworks:BrokenBomb","Moonworks:Homemark","Thread and Needle","Blue Candle","Lizard Tail","Kunai","WingedGreaves"],"acts_visited":["Exordium"],"potions_floor_usage":[],"damage_taken":[{"damage":3.0,"enemies":"Jaw Worm","floor":1.0,"turns":4.0},{"damage":0.0,"enemies":"Cultist","floor":3.0,"turns":4.0},{"damage":0.0,"enemies":"Small Slimes","floor":4.0,"turns":3.0},{"damage":17.0,"enemies":"2 Fungi Beasts","floor":7.0,"turns":4.0},{"damage":13.0,"enemies":"Exordium Thugs","floor":8.0,"turns":4.0},{"damage":23.0,"enemies":"Lagavulin","floor":10.0,"turns":5.0},{"damage":0.0,"enemies":"Exordium Wildlife","floor":11.0,"turns":3.0},{"damage":4.0,"enemies":"Large Slime","floor":13.0,"turns":4.0},{"damage":49,"enemies":"Gremlin Nob","floor":14,"turns":3}],"seed_played":"2483843043167613843","potions_obtained":[{"floor":1.0,"key":"Explosive Potion"},{"floor":8.0,"key":"Strength Potion"},{"floor":11.0,"key":"LiquidMemories"}],"is_trial":true,"path_per_floor":["M","?","M","M","?","R","M","M","T","E","M","$","M","E"],"character_chosen":"THE_STARBREAKER","items_purchased":["Kunai","WingedGreaves"],"campfire_rested":1,"item_purchase_floors":[12,12],"current_hp_per_floor":[47,47,47,47,52,60,43,30,30,9,9,9,7,0,0],"gold":65,"neow_bonus":"","is_daily":false,"chose_seed":false,"campfire_upgraded":0,"win_rate":0.0,"timestamp":1611848600,"path_taken":["M","?","?","M","?","R","M","?","T","E","M","$","?","?"],"items_purchased_type":["Relic","Relic"],"build_version":"2020-12-22","purchased_purges":0,"victory":false,"max_hp_per_floor":[55,55,55,55,60,60,60,60,60,60,60,60,60,60,60],"card_choices":[{"not_picked":["Moonworks:BackdoorTrade","Moonworks:LulusLuckyEgg"],"picked":"Moonworks:SakisCookie","floor":1.0},{"not_picked":["Moonworks:Assault","Moonworks:UnpaidWork"],"picked":"Moonworks:JonathanRush","floor":3.0},{"not_picked":["Moonworks:ReproductionOfRecords","Moonworks:Assault"],"picked":"Moonworks:EvilSpyWorkPreparation","floor":4.0},{"not_picked":["Moonworks:ImOnFire","Moonworks:TreasureThief","Moonworks:ImmovableObject"],"picked":"SKIP","floor":7.0},{"not_picked":["Moonworks:BigMagnum","Moonworks:LulusLuckyEgg"],"picked":"Moonworks:NicePresent","floor":8.0},{"not_picked":["Moonworks:AccelHyper","Moonworks:Blazing","Moonworks:MeltingMemories"],"picked":"SKIP","floor":10.0},{"not_picked":["Moonworks:ImmovableObject","Moonworks:BigMagnum"],"picked":"Moonworks:JonathanRush","floor":11.0},{"not_picked":["Moonworks:Assault","Moonworks:FinalSurgery"],"picked":"Moonworks:CloudOfSeagulls","floor":13.0}],"player_experience":114780,"relics_obtained":[{"floor":9.0,"key":"Blue Candle"},{"floor":10.0,"key":"Lizard Tail"}],"event_choices":[{"cards_removed":["Moonworks:Strike"],"damage_healed":0.0,"max_hp_gain":0.0,"max_hp_loss":0.0,"gold_gain":0.0,"event_name":"Wheel of Change","player_choice":"Card Removal","floor":2.0,"gold_loss":0.0,"damage_taken":0.0},{"damage_healed":0.0,"max_hp_gain":5.0,"max_hp_loss":0.0,"gold_gain":0.0,"event_name":"Big Fish","player_choice":"Donut","floor":5.0,"gold_loss":0.0,"damage_taken":0.0}],"is_beta":false,"boss_relics":[],"items_purged_floors":[],"is_endless":true,"potions_floor_spawned":[1,8,11],"killed_by":"Gremlin Nob","ascension_level":20}}