{"host":"2j5d0uw0vihq8b8w","time":1611811237,"event":{"mods":["2.2 Compatiblity","AchievementEnabler","BaseMod","BetterRewards","Colored Map","Colored Powertips","Custom Start","DeckTracker","Minty Spire (QoL Compilation)","Permanent Neow","Quick Restart","Rare Cards Sparkle","StSLib","SuperFastMode","The Dragon Tamer"],"gold_per_floor":[110,160,83,93,112,112,112,147,218,250,263,276,30,30,30,104,104,81,95,95,105,62,95,95,95,95,20,32,51,51,66,66,66,66],"floor_reached":33,"language":"KOR","playtime":1226,"items_purged":["Strike_R"],"score":654,"play_id":"81041897-1d60-4cd2-a1d7-a06d3cbebe09","local_time":"20210128142037","is_ascension_mode":true,"campfire_choices":[{"data":"Immolate","floor":6.0,"key":"SMITH"},{"data":"Demon Form","floor":15.0,"key":"SMITH"},{"data":"Berserk","floor":25.0,"key":"SMITH"},{"data":"Barricade","floor":30.0,"key":"SMITH"},{"data":"Double Tap","floor":32,"key":"SMITH"}],"circlet_count":0,"master_deck":["AscendersBane","Strike_R","Strike_R","Strike_R","Defend_R","Defend_R","Defend_R","Bash","Reaper","Shrug It Off","Immolate+1","Disarm","Barricade+1","Demon Form+1","Power Through","Metallicize","Berserk+1","Warcry+1","Double Tap+1","Fire Breathing","Feed","Flame Barrier+1"],"relics":["Burning Blood","PreservedInsect","Self Forming Clay","Mummified Hand","Juzu Bracelet","Mark of Pain","Pantograph","Nilry\u0027s Codex","Blood Vial"],"acts_visited":["Exordium","TheCity"],"potions_floor_usage":[31,33],"damage_taken":[{"damage":19.0,"enemies":"Jaw Worm","floor":1.0,"turns":5.0},{"damage":0.0,"enemies":"Cultist","floor":4.0,"turns":3.0},{"damage":7.0,"enemies":"2 Louse","floor":5.0,"turns":2.0},{"damage":17.0,"enemies":"3 Sentries","floor":8.0,"turns":5.0},{"damage":17.0,"enemies":"Lagavulin","floor":10.0,"turns":6.0},{"damage":8.0,"enemies":"Red Slaver","floor":11.0,"turns":4.0},{"damage":10.0,"enemies":"3 Louse","floor":12.0,"turns":2.0},{"damage":0.0,"enemies":"Hexaghost","floor":16.0,"turns":11.0},{"damage":12.0,"enemies":"2 Thieves","floor":18.0,"turns":4.0},{"damage":26.0,"enemies":"Spheric Guardian","floor":19.0,"turns":6.0},{"damage":12.0,"enemies":"Snake Plant","floor":21.0,"turns":4.0},{"damage":26.0,"enemies":"Book of Stabbing","floor":23.0,"turns":4.0},{"damage":31.0,"enemies":"Snecko","floor":28.0,"turns":5.0},{"damage":19.0,"enemies":"Shelled Parasite and Fungi","floor":29.0,"turns":7.0},{"damage":24,"enemies":"Sentry and Sphere","floor":31,"turns":4},{"damage":94,"enemies":"Automaton","floor":33,"turns":12}],"seed_played":"-6425245179956346317","potions_obtained":[{"floor":1.0,"key":"Swift Potion"},{"floor":4.0,"key":"SteroidPotion"},{"floor":10.0,"key":"Weak Potion"},{"floor":28.0,"key":"EssenceOfSteel"},{"floor":29.0,"key":"ColorlessPotion"},{"floor":31,"key":"Regen Potion"}],"is_trial":false,"path_per_floor":["M","?","$","M","M","R","?","E","T","E","M","M","$","?","R","B",null,"M","M","?","M","$","E","?","R","T","?","M","M","R","M","R","B"],"character_chosen":"IRONCLAD","items_purchased":["Immolate","Juzu Bracelet","Fire Breathing"],"campfire_rested":0,"item_purchase_floors":[3,13,22],"current_hp_per_floor":[55,55,55,61,68,68,68,57,57,48,46,42,42,47,47,53,73,72,68,68,65,65,60,39,39,39,39,26,27,27,14,14,0,0],"gold":66,"neow_bonus":"ONE_RANDOM_RARE_CARD","is_daily":false,"chose_seed":false,"campfire_upgraded":5,"win_rate":0.0,"timestamp":1611811237,"path_taken":["M","?","?","M","M","R","?","E","T","E","M","?","$","?","R","BOSS","M","M","?","M","?","E","?","R","T","?","M","M","R","M","R","BOSS"],"items_purchased_type":["Card","Relic","Card"],"build_version":"2020-12-22","purchased_purges":1,"victory":false,"max_hp_per_floor":[75,75,75,75,75,75,75,75,75,75,75,75,75,80,80,80,80,80,80,80,80,80,80,80,80,80,80,83,83,83,86,86,86,86],"card_choices":[{"not_picked":["Dropkick","Intimidate"],"picked":"Shrug It Off","floor":1.0},{"not_picked":["Iron Wave","Anger","Shrug It Off"],"picked":"SKIP","floor":4.0},{"not_picked":["Flame Barrier","Hemokinesis"],"picked":"Disarm","floor":5.0},{"not_picked":["Infernal Blade","Shockwave","Heavy Blade"],"picked":"SKIP","floor":8.0},{"not_picked":["Infernal Blade","Shockwave","Heavy Blade"],"picked":"SKIP","floor":8.0},{"not_picked":["Inflame","Hemokinesis"],"picked":"Demon Form","floor":10.0},{"not_picked":["Hemokinesis","Intimidate"],"picked":"Power Through","floor":11.0},{"not_picked":["Seeing Red","Intimidate"],"picked":"Metallicize","floor":12.0},{"not_picked":["Reaper","Feed"],"picked":"Berserk","floor":16.0},{"not_picked":["Havoc","Armaments"],"picked":"Warcry+1","floor":18.0},{"not_picked":["Spot Weakness","Wild Strike","Twin Strike"],"picked":"SKIP","floor":19.0},{"not_picked":["Warcry","Armaments","Seeing Red"],"picked":"SKIP","floor":21.0},{"not_picked":["Perfected Strike","Wild Strike"],"picked":"Feed","floor":23.0},{"not_picked":["Warcry","Clash+1","Pommel Strike"],"picked":"SKIP","floor":28.0},{"not_picked":["Clothesline+1","Bloodletting+1","Twin Strike+1"],"picked":"SKIP","floor":29.0},{"not_picked":["Sword Boomerang","Twin Strike"],"picked":"Flame Barrier+1","floor":31}],"player_experience":715675,"relics_obtained":[{"floor":8.0,"key":"PreservedInsect"},{"floor":9.0,"key":"Self Forming Clay"},{"floor":10.0,"key":"Mummified Hand"},{"floor":23.0,"key":"Pantograph"},{"floor":24.0,"key":"Nilry\u0027s Codex"},{"floor":26.0,"key":"Blood Vial"}],"event_choices":[{"damage_healed":0.0,"max_hp_gain":0.0,"max_hp_loss":0.0,"gold_gain":50.0,"event_name":"Golden Shrine","player_choice":"Pray","floor":2.0,"gold_loss":0.0,"damage_taken":0.0},{"damage_healed":0.0,"max_hp_gain":0.0,"max_hp_loss":0.0,"gold_gain":0.0,"event_name":"Match and Keep!","player_choice":"1 cards matched","floor":7.0,"gold_loss":0.0,"damage_taken":0.0,"cards_obtained":["Barricade"]},{"damage_healed":0.0,"max_hp_gain":5.0,"max_hp_loss":0.0,"gold_gain":0.0,"event_name":"Big Fish","player_choice":"Donut","floor":14.0,"gold_loss":0.0,"damage_taken":0.0},{"damage_healed":0.0,"max_hp_gain":0.0,"max_hp_loss":0.0,"gold_gain":0.0,"cards_transformed":["Defend_R"],"event_name":"Transmorgrifier","player_choice":"Transformed","floor":20.0,"gold_loss":0.0,"damage_taken":0.0,"cards_obtained":["Double Tap"]},{"damage_healed":0.0,"max_hp_gain":0.0,"max_hp_loss":0.0,"gold_gain":0.0,"event_name":"Cursed Tome","player_choice":"Obtained Book","floor":24.0,"gold_loss":0.0,"damage_taken":21.0},{"cards_removed":["Strike_R"],"damage_healed":0.0,"max_hp_gain":0.0,"max_hp_loss":0.0,"gold_gain":0.0,"event_name":"Beggar","player_choice":"Gave Gold","floor":27.0,"gold_loss":75.0,"damage_taken":0.0}],"is_beta":false,"boss_relics":[{"not_picked":["Cursed Key","Fusion Hammer"],"picked":"Mark of Pain"}],"items_purged_floors":[13],"is_endless":false,"potions_floor_spawned":[1,4,10,18,28,29,31],"killed_by":"Automaton","ascension_level":20}}