{"host":"7jl348xfsxr8glry","time":1611807080,"event":{"mods":["AchievementEnabler","BaseMod","Colored Map","Minty Spire (QoL Compilation)","Random Character Button","Unceasing Turn Reminder"],"gold_per_floor":[112,130,130,142,152,152,181,28,55,55,55,65,240,251,251,347,397,414,102,91,104,24,24,34,34,34,34,46,0,0,99,99,200,200,214,214,232,192,192,192],"floor_reached":39,"language":"ENG","playtime":1699,"items_purged":["Strike_B"],"score":419,"play_id":"1b8acdf0-665c-4d35-a6b2-bbfe85fdc140","local_time":"20210128151120","is_ascension_mode":true,"campfire_choices":[{"data":"Ball Lightning","floor":6,"key":"SMITH"},{"floor":10,"key":"REST"},{"data":"Leap","floor":15,"key":"SMITH"},{"floor":23,"key":"REST"},{"floor":25,"key":"REST"},{"floor":32,"key":"REST"}],"circlet_count":0,"master_deck":["Strike_B","Strike_B","Strike_B","Defend_B","Defend_B","Defend_B+1","Defend_B","Zap+1","Dualcast","Compile Driver","Cold Snap","Go for the Eyes","Ball Lightning+1","Compile Driver","Electrodynamics","Doubt","Leap+1","Core Surge","Conserve Battery","Conserve Battery","Capacitor","Capacitor+1","Static Discharge","Storm+1","Buffer","Storm+1","Ball Lightning+1"],"relics":["Cracked Core","Orichalcum","Tiny House","Blood Vial","Cables","MutagenicStrength","Cursed Key"],"acts_visited":["Exordium","TheCity","TheBeyond"],"potions_floor_usage":[16,20,28,33,33,33,33,33,33],"damage_taken":[{"damage":1,"enemies":"2 Louse","floor":1,"turns":2},{"damage":0,"enemies":"Cultist","floor":2,"turns":3},{"damage":0,"enemies":"Small Slimes","floor":4,"turns":3},{"damage":2,"enemies":"3 Louse","floor":5,"turns":3},{"damage":17,"enemies":"Lagavulin","floor":7,"turns":5},{"damage":0,"enemies":"Large Slime","floor":12,"turns":3},{"damage":9,"enemies":"Red Slaver","floor":14,"turns":2},{"damage":38,"enemies":"The Guardian","floor":16,"turns":11},{"damage":24,"enemies":"Shell Parasite","floor":18,"turns":6},{"damage":14,"enemies":"2 Thieves","floor":20,"turns":4},{"damage":16,"enemies":"Cultist and Chosen","floor":21,"turns":6},{"damage":21,"enemies":"Snake Plant","floor":24,"turns":5},{"damage":28,"enemies":"3 Cultists","floor":28,"turns":5},{"damage":42,"enemies":"Champ","floor":33,"turns":10},{"damage":27,"enemies":"Orb Walker","floor":35,"turns":4},{"damage":4,"enemies":"3 Shapes","floor":37,"turns":2},{"damage":55,"enemies":"Jaw Worm Horde","floor":39,"turns":4}],"seed_played":"7554208558749963657","potions_obtained":[{"floor":5,"key":"PotionOfCapacity"},{"floor":12,"key":"Weak Potion"},{"floor":17,"key":"Energy Potion"},{"floor":21,"key":"ColorlessPotion"},{"floor":24,"key":"EntropicBrew"},{"floor":28,"key":"EssenceOfSteel"}],"is_trial":false,"path_per_floor":["M","M","?","M","M","R","E","$","T","R","$","M","?","M","R","B",null,"M","$","M","M","$","R","M","R","T","?","M","?","$","?","R","B",null,"M","?","M","?","M"],"character_chosen":"DEFECT","items_purchased":["Electrodynamics","Conserve Battery","Capacitor","Blood Vial","Static Discharge"],"campfire_rested":4,"item_purchase_floors":[8,19,19,19,22],"current_hp_per_floor":[74,74,74,74,72,72,55,55,55,75,75,75,75,66,66,28,80,56,56,44,30,30,54,35,59,59,59,33,33,33,33,57,17,80,53,53,51,51,0,0],"gold":192,"neow_bonus":"THREE_CARDS","is_daily":false,"chose_seed":false,"campfire_upgraded":2,"win_rate":0.0,"timestamp":1611807080,"path_taken":["M","M","?","M","?","R","E","?","T","R","$","M","?","M","R","BOSS","M","$","M","M","$","R","M","R","T","?","M","?","$","?","R","BOSS","M","?","M","?","M"],"items_purchased_type":["Card","Card","Card","Relic","Card"],"build_version":"2020-12-22","purchased_purges":1,"victory":false,"max_hp_per_floor":[75,75,75,75,75,75,75,75,75,75,75,75,75,75,75,75,80,80,80,80,80,80,80,80,80,80,80,80,80,80,80,80,80,80,80,80,80,80,80,80],"card_choices":[{"not_picked":["Go for the Eyes","Steam Power"],"picked":"Compile Driver","floor":0},{"not_picked":["Hologram","Streamline"],"picked":"Cold Snap","floor":1},{"not_picked":["Streamline","Recycle","Doom and Gloom"],"picked":"SKIP","floor":2},{"not_picked":["Redo","Barrage"],"picked":"Go for the Eyes","floor":4},{"not_picked":["Turbo","Compile Driver"],"picked":"Ball Lightning","floor":5},{"not_picked":["Sunder","Hello World"],"picked":"Compile Driver","floor":7},{"not_picked":["Cold Snap","Rainbow","Redo"],"picked":"SKIP","floor":12},{"not_picked":["Streamline","Gash"],"picked":"Leap","floor":14},{"not_picked":["Multi-Cast","Meteor Strike"],"picked":"Core Surge","floor":16},{"not_picked":["Defragment","Barrage"],"picked":"Conserve Battery","floor":17},{"not_picked":["Scrape","Chaos","Barrage"],"picked":"SKIP","floor":18},{"not_picked":["Rebound","Genetic Algorithm+1","Stack"],"picked":"SKIP","floor":20},{"not_picked":["Chill","Rebound"],"picked":"Capacitor+1","floor":21},{"not_picked":["Capacitor","Skim"],"picked":"Storm","floor":24},{"not_picked":["Glacier","Capacitor"],"picked":"Buffer","floor":28},{"not_picked":["Rebound+1","White Noise"],"picked":"Storm+1","floor":35},{"not_picked":["Go for the Eyes+1","Capacitor+1"],"picked":"Ball Lightning+1","floor":37}],"player_experience":146451,"relics_obtained":[{"floor":7,"key":"Orichalcum"},{"floor":26,"key":"Cables"}],"event_choices":[{"damage_healed":0,"gold_gain":0,"player_choice":"Upgraded","damage_taken":0,"max_hp_gain":0,"max_hp_loss":0,"event_name":"Upgrade Shrine","floor":3,"gold_loss":0,"cards_upgraded":["Zap"]},{"damage_healed":0,"gold_gain":175,"player_choice":"AGREE","damage_taken":0,"max_hp_gain":0,"max_hp_loss":0,"event_name":"Liars Game","floor":13,"gold_loss":0,"cards_obtained":["Doubt"]},{"damage_healed":0,"gold_gain":0,"player_choice":"Inject Mutagens","damage_taken":0,"relics_obtained":["MutagenicStrength"],"max_hp_gain":0,"max_hp_loss":0,"event_name":"Drug Dealer","floor":27,"gold_loss":0},{"damage_healed":0,"gold_gain":0,"player_choice":"Paid Fearfully","damage_taken":0,"max_hp_gain":0,"max_hp_loss":0,"event_name":"Masked Bandits","floor":29,"gold_loss":46},{"damage_healed":0,"gold_gain":99,"player_choice":"Stole From Cult","damage_taken":0,"max_hp_gain":0,"max_hp_loss":0,"event_name":"Nest","floor":31,"gold_loss":0},{"damage_healed":0,"gold_gain":0,"player_choice":"Memory 1","damage_taken":0,"max_hp_gain":0,"max_hp_loss":0,"event_name":"SensoryStone","floor":36,"gold_loss":0},{"damage_healed":0,"gold_gain":0,"player_choice":"Upgrade","damage_taken":0,"max_hp_gain":0,"max_hp_loss":0,"event_name":"Designer","floor":38,"gold_loss":40,"cards_upgraded":["Storm"]}],"is_beta":false,"boss_relics":[{"not_picked":["Runic Dome","Velvet Choker"],"picked":"Tiny House"},{"not_picked":["Snecko Eye","Empty Cage"],"picked":"Cursed Key"}],"items_purged_floors":[19],"is_endless":false,"potions_floor_spawned":[5,12,21,24,28],"killed_by":"Jaw Worm Horde","ascension_level":2}}