{"host":"zlryddw6xv0ljf8b","time":1611830515,"event":{"mods":["AchievementEnabler","BaseMod","Colored Map","Colored Powertips","Highlight Path","Minty Spire (QoL Compilation)","Permanent Neow","Quick Restart","StSLib","UnlockEverythingMod"],"gold_per_floor":[119,85,85,105,105,120,148,148,148,174,18,18,28,28,28,128,178,194,194,213,146,166,195,212,212,237,268,286,296,306,325,325,425,425,436,436,31,48,61,87,98,133,157,157,157,174,188,37,37,37,37,37,37,67,67],"floor_reached":56,"language":"ENG","playtime":3668,"items_purged":["Storm"],"score":1336,"play_id":"fac24262-8b1f-4211-a040-e1835bbb1636","local_time":"20210128044155","daily_mods":["Draft"],"is_ascension_mode":false,"campfire_choices":[{"data":"Genetic Algorithm","floor":8.0,"key":"SMITH"},{"data":"Electrodynamics","floor":12.0,"key":"SMITH"},{"data":"Coolheaded","floor":15.0,"key":"SMITH"},{"data":"Echo Form","floor":25.0,"key":"SMITH"},{"data":"Coolheaded","floor":32.0,"key":"SMITH"},{"floor":45,"key":"RECALL"},{"floor":49,"key":"REST"},{"data":"Loop","floor":52,"key":"SMITH"}],"circlet_count":0,"master_deck":["Ball Lightning","Glacier+1","Cold Snap+1","Auto Shields+1","Ball Lightning","Ball Lightning+1","Genetic Algorithm+1","Cold Snap","Skim","Barrage+1","Loop+1","Hologram+1","Hologram","Conserve Battery","Leap","Defragment+1","Coolheaded+1","Conserve Battery","Electrodynamics+1","Echo Form+1","Self Repair","Loop+1","Machine Learning","Coolheaded+1","Seek","Loop+1","Capacitor","Defragment+1"],"relics":["Cracked Core","Singing Bowl","War Paint","Happy Flower","HornCleat","Tiny House","Gremlin Horn","Tiny Chest","Whetstone","Mango","SlaversCollar","Letter Opener","Bronze Scales","Bottled Tornado","Bottled Lightning","DollysMirror","Vajra"],"acts_visited":["Exordium","TheCity","TheBeyond","TheEnding"],"potions_floor_usage":[54,55,55],"damage_taken":[{"damage":0.0,"enemies":"Small Slimes","floor":1.0,"turns":3.0},{"damage":0.0,"enemies":"Jaw Worm","floor":4.0,"turns":3.0},{"damage":0.0,"enemies":"Cultist","floor":6.0,"turns":2.0},{"damage":1.0,"enemies":"3 Sentries","floor":7.0,"turns":6.0},{"damage":0.0,"enemies":"Lagavulin","floor":10.0,"turns":6.0},{"damage":0.0,"enemies":"3 Louse","floor":13.0,"turns":1.0},{"damage":0.0,"enemies":"Slime Boss","floor":16.0,"turns":4.0},{"damage":13.0,"enemies":"2 Thieves","floor":18.0,"turns":3.0},{"damage":0.0,"enemies":"Spheric Guardian","floor":20.0,"turns":3.0},{"damage":0.0,"enemies":"Centurion and Healer","floor":22.0,"turns":4.0},{"damage":25.0,"enemies":"Slavers","floor":23.0,"turns":2.0},{"damage":6.0,"enemies":"Snake Plant","floor":24.0,"turns":4.0},{"damage":0.0,"enemies":"Book of Stabbing","floor":27.0,"turns":5.0},{"damage":21.0,"enemies":"Chosen and Byrds","floor":28.0,"turns":5.0},{"damage":0.0,"enemies":"Shelled Parasite and Fungi","floor":29.0,"turns":5.0},{"damage":0.0,"enemies":"Cultist and Chosen","floor":30.0,"turns":4.0},{"damage":0.0,"enemies":"Snecko","floor":31.0,"turns":6.0},{"damage":9.0,"enemies":"Champ","floor":33.0,"turns":13.0},{"damage":38,"enemies":"3 Darklings","floor":35,"turns":5},{"damage":6,"enemies":"Orb Walker","floor":38,"turns":3},{"damage":0,"enemies":"3 Darklings","floor":39,"turns":4},{"damage":15,"enemies":"Nemesis","floor":40,"turns":6},{"damage":15,"enemies":"Sphere and 2 Shapes","floor":41,"turns":4},{"damage":12,"enemies":"Reptomancer","floor":42,"turns":8},{"damage":37,"enemies":"Writhing Mass","floor":46,"turns":6},{"damage":6,"enemies":"3 Darklings","floor":47,"turns":4},{"damage":22,"enemies":"Time Eater","floor":50,"turns":12},{"damage":60,"enemies":"Shield and Spear","floor":54,"turns":5},{"damage":53,"enemies":"The Heart","floor":55,"turns":11}],"seed_played":"1318247691715515944","potions_obtained":[{"floor":1.0,"key":"Energy Potion"},{"floor":4.0,"key":"SpeedPotion"},{"floor":13.0,"key":"Fire Potion"},{"floor":17.0,"key":"SkillPotion"},{"floor":20.0,"key":"Block Potion"},{"floor":22.0,"key":"BlessingOfTheForge"},{"floor":23.0,"key":"Dexterity Potion"},{"floor":30.0,"key":"SteroidPotion"},{"floor":35,"key":"DuplicationPotion"},{"floor":47,"key":"Regen Potion"}],"is_trial":true,"path_per_floor":["M","$","?","M","?","M","E","R","T","E","$","R","M","T","R","B",null,"M","?","M","$","M","E","M","R","T","E","M","M","M","M","R","B",null,"M","?","$","M","M","E","M","E","T","T","R","M","M","$","R","B",null,"R","$","E","B",null],"character_chosen":"DEFECT","items_purchased":["Defragment","Electrodynamics","Self Repair","Loop","Letter Opener","DollysMirror"],"campfire_rested":1,"item_purchase_floors":[2,11,21,37,37,48],"current_hp_per_floor":[75,75,60,60,60,60,61,61,61,63,63,63,65,65,65,65,88,77,77,79,79,92,74,70,70,70,98,77,93,95,111,111,109,114,85,116,116,112,114,108,93,97,97,97,97,62,58,58,96,81,128,128,128,79,33],"gold":67,"neow_bonus":"","is_daily":false,"chose_seed":false,"campfire_upgraded":6,"win_rate":0.0,"timestamp":1611830515,"path_taken":["M","$","?","M","?","M","E","R","T","E","$","R","M","?","R","BOSS","M","?","M","$","M","E","M","R","T","E","M","M","?","M","R","BOSS","M","?","$","?","M","E","M","E","T","?","R","M","M","$","R","BOSS","R","$","E","BOSS"],"items_purchased_type":["Card","Card","Card","Card","Relic","Relic"],"build_version":"2020-12-22","purchased_purges":1,"victory":true,"max_hp_per_floor":[75,75,75,75,75,75,77,77,77,79,79,79,81,81,81,81,88,90,90,92,92,92,92,94,94,94,108,108,110,112,114,114,114,114,116,116,116,118,120,122,122,124,124,124,124,126,128,128,128,128,128,128,128,130,130],"card_choices":[{"not_picked":["Chaos","Rebound"],"picked":"Storm","floor":0.0},{"not_picked":["Turbo","Undo"],"picked":"Ball Lightning","floor":0.0},{"not_picked":["Compile Driver","Rebound"],"picked":"Glacier","floor":0.0},{"not_picked":["Conserve Battery","Force Field"],"picked":"Cold Snap","floor":0.0},{"not_picked":["Doom and Gloom","Rip and Tear"],"picked":"Auto Shields","floor":0.0},{"not_picked":["Turbo","Conserve Battery"],"picked":"Ball Lightning","floor":0.0},{"not_picked":["Hologram","Go for the Eyes"],"picked":"Ball Lightning","floor":0.0},{"not_picked":["Beam Cell","Hologram"],"picked":"Genetic Algorithm","floor":0.0},{"not_picked":["Ball Lightning","Conserve Battery"],"picked":"Cold Snap","floor":0.0},{"not_picked":["Genetic Algorithm","Steam"],"picked":"Skim","floor":0.0},{"not_picked":["Rebound","Go for the Eyes"],"picked":"Barrage","floor":0.0},{"not_picked":["Compile Driver","Hologram"],"picked":"Loop","floor":0.0},{"not_picked":["Steam Power","Aggregate"],"picked":"Hologram","floor":0.0},{"not_picked":["Heatsinks","Gash"],"picked":"Hologram","floor":0.0},{"not_picked":["Gash","Beam Cell"],"picked":"Conserve Battery","floor":0.0},{"not_picked":["Rebound","Stack"],"picked":"Leap","floor":1.0},{"not_picked":["Hologram","Barrage"],"picked":"Coolheaded","floor":4.0},{"not_picked":["Double Energy","Go for the Eyes"],"picked":"Conserve Battery","floor":6.0},{"not_picked":["Reinforced Body","Streamline","Turbo"],"picked":"Singing Bowl","floor":7.0},{"not_picked":["Melter","Rebound","Beam Cell"],"picked":"Singing Bowl","floor":10.0},{"not_picked":["Buffer","Hologram","Beam Cell"],"picked":"Singing Bowl","floor":13.0},{"not_picked":["Thunder Strike","Machine Learning"],"picked":"Echo Form","floor":16.0},{"not_picked":["Aggregate","Rebound","Gash"],"picked":"Singing Bowl","floor":17.0},{"not_picked":["Conserve Battery","Reinforced Body","Cold Snap+1"],"picked":"Singing Bowl","floor":18.0},{"not_picked":["Steam+1","Barrage","Sweeping Beam"],"picked":"Singing Bowl","floor":20.0},{"not_picked":["Steam+1","Recycle"],"picked":"Consume+1","floor":22.0},{"not_picked":["Leap+1","Recycle"],"picked":"Loop+1","floor":23.0},{"not_picked":["Rebound","Skim","Barrage"],"picked":"Singing Bowl","floor":24.0},{"not_picked":["Gash+1","Leap+1"],"picked":"Machine Learning","floor":27.0},{"not_picked":["Stack","Steam Power"],"picked":"Coolheaded","floor":28.0},{"not_picked":["Recycle","Sweeping Beam","Leap"],"picked":"Singing Bowl","floor":29.0},{"not_picked":["Barrage","Heatsinks","Go for the Eyes"],"picked":"Singing Bowl","floor":30.0},{"not_picked":["Consume","Rebound+1","Multi-Cast"],"picked":"Singing Bowl","floor":31.0},{"not_picked":["Creative AI","Fission"],"picked":"Seek","floor":33.0},{"not_picked":["BootSequence","Sweeping Beam+1","White Noise+1"],"picked":"Singing Bowl","floor":35},{"not_picked":["Sunder+1","Conserve Battery+1","Consume+1"],"picked":"Singing Bowl","floor":38},{"not_picked":["Darkness","Go for the Eyes","Cold Snap+1"],"picked":"Singing Bowl","floor":39},{"not_picked":["Turbo","Conserve Battery+1","Genetic Algorithm"],"picked":"Singing Bowl","floor":40},{"not_picked":["Scrape+1","Turbo"],"picked":"Capacitor","floor":41},{"not_picked":["Machine Learning","Rainbow","Gash+1"],"picked":"Singing Bowl","floor":42},{"not_picked":["Cold Snap+1","Rip and Tear","Scrape"],"picked":"Singing Bowl","floor":46},{"not_picked":["Cold Snap+1","Aggregate+1","Static Discharge"],"picked":"Singing Bowl","floor":47},{"not_picked":["Gash","Coolheaded+1","Darkness"],"picked":"Singing Bowl","floor":54}],"player_experience":18900,"relics_obtained":[{"floor":7.0,"key":"Singing Bowl"},{"floor":9.0,"key":"War Paint"},{"floor":10.0,"key":"Happy Flower"},{"floor":14.0,"key":"HornCleat"},{"floor":23.0,"key":"Tiny Chest"},{"floor":26.0,"key":"Whetstone"},{"floor":27.0,"key":"Mango"},{"floor":40,"key":"Bronze Scales"},{"floor":42,"key":"Bottled Tornado"},{"floor":44,"key":"Bottled Lightning"},{"floor":54,"key":"Vajra"}],"event_choices":[{"damage_healed":0.0,"max_hp_gain":0.0,"max_hp_loss":0.0,"gold_gain":0.0,"event_name":"Shining Light","player_choice":"Entered Light","floor":3.0,"gold_loss":0.0,"damage_taken":15.0,"cards_upgraded":["Ball Lightning","Defragment"]},{"damage_healed":0.0,"max_hp_gain":0.0,"max_hp_loss":0.0,"gold_gain":0.0,"event_name":"Living Wall","player_choice":"Grow","floor":5.0,"gold_loss":0.0,"damage_taken":0.0,"cards_upgraded":["Loop"]},{"damage_healed":0.0,"max_hp_gain":0.0,"max_hp_loss":0.0,"gold_gain":0.0,"event_name":"WeMeetAgain","player_choice":"Gave Potion","floor":19.0,"gold_loss":0.0,"damage_taken":0.0,"relics_obtained":["Gremlin Horn"]},{"cards_removed":["Consume"],"damage_healed":31,"gold_gain":0,"player_choice":"Offered Uncommon","damage_taken":0,"max_hp_gain":0,"max_hp_loss":0,"event_name":"Bonfire Elementals","floor":36,"gold_loss":0}],"is_beta":false,"boss_relics":[{"not_picked":["Velvet Choker","Empty Cage"],"picked":"Tiny House"},{"not_picked":["Calling Bell","Snecko Eye"],"picked":"SlaversCollar"}],"items_purged_floors":[37],"is_endless":false,"potions_floor_spawned":[1,4,13,20,22,23,24,30,35,38,46,47],"ascension_level":0}}