{"host":"56d873i5r3uhle0q","time":1611811254,"event":{"mods":["100% Spire Juice","Act Like it!","Aspiration","BaseMod","Block Reminder","Conspire","Dota2Spire","Downfall","Gensokyo","Hermit","Hubris","Infinite Spire","Jedi Mod","Lobotomy","LobotomyExtend","Marisa????????","Marked Mod","Minty Spire (QoL Compilation)","Reliquary","Replay The Spire","StSLib","The Animator","The Bug Knight","The Cursed","The Marked","The Servant 0.9.4","everything is the same but u backflip on backflip","??????REMEMod"],"gold_per_floor":[115,115,115,115,215,215,225,225,252,270,270,282,302,193,193,289,289,303,303,514,514,514,514,525,541,593,593,593,593],"floor_reached":28,"language":"ENG","playtime":1382,"items_purged":[],"score":208,"play_id":"bfb2141e-c441-49b4-81cc-4d145bf1181f","local_time":"20210127222054","is_ascension_mode":false,"campfire_choices":[{"floor":6.0,"key":"REST"},{"data":"theMarked:GodGivenPower","floor":8.0,"key":"SMITH"},{"data":"theMarked:TurnInvisible","floor":11,"key":"SMITH"},{"data":"theMarked:Maelstrom","floor":23,"key":"SMITH"}],"circlet_count":0,"master_deck":["theMarked:Strike","theMarked:Strike","theMarked:Strike","theMarked:Strike","theMarked:Defend","theMarked:Defend","theMarked:Defend","theMarked:Defend","theMarked:SoldierOfQuellstein","theMarked:GodGivenPower+1","theMarked:TurnInvisible+1","theMarked:PowerFlow+1","theMarked:FavorableWinds","theMarked:OneWithTheBlade","theMarked:Maelstrom+1","theMarked:MagusForm"],"relics":["theMarked:ArtifactOfAir","REME_ComplimentaryCards","LetterFromLob","hubris:Towel","Chemical X","Pear","Dota2Spire:Vanguard","theMarked:Eyepatch","aspiration:DSix","conspire:InfiniteJournal","Ice Cream"],"acts_visited":["Gensokyo:Gensokyo","Gensokyo:Gensokyoer"],"potions_floor_usage":[],"damage_taken":[{"damage":0.0,"enemies":"Gensokyo:3_Fairies","floor":1.0,"turns":4.0},{"damage":5.0,"enemies":"Gensokyo:Gryphon","floor":7.0,"turns":5.0},{"damage":0,"enemies":"Gensokyo:Python","floor":10,"turns":4},{"damage":3,"enemies":"Gensokyo:Kitsune","floor":12,"turns":5},{"damage":0,"enemies":"Gensokyo:3_Kodama","floor":13,"turns":7},{"damage":24,"enemies":"Gensokyo:Reimu","floor":16,"turns":10},{"damage":11,"enemies":"Gensokyo:CosmicMonolith","floor":18,"turns":7},{"damage":19,"enemies":"Gensokyo:2_Gloops","floor":20,"turns":6},{"damage":17,"enemies":"Gensokyo:Monolith_and_Dog","floor":24,"turns":7},{"damage":4,"enemies":"Gensokyo:Wraith","floor":25,"turns":4},{"damage":29,"enemies":"Gensokyo:Chomper_and_Gloop","floor":28,"turns":5}],"seed_played":"-783615964546777032","potions_obtained":[{"floor":1.0,"key":"LiquidBronze"},{"floor":7.0,"key":"Venom Potion"},{"floor":24,"key":"Dota2Spire:Clarity"}],"is_trial":false,"path_per_floor":["M","?","$","?","?","R","M","R","T","M","R","M","M","COS","R","B",null,"M","?","M","?","?","R","M","M","T","?","M"],"character_chosen":"THE_DEFAULT","items_purchased":["Chemical X"],"campfire_rested":1,"item_purchase_floors":[3],"current_hp_per_floor":[70,70,60,55,55,79,74,74,74,74,74,71,71,71,80,56,80,69,69,50,50,50,50,33,29,29,29,0,0],"gold":593,"neow_bonus":"THREE_CARDS","is_daily":false,"chose_seed":false,"campfire_upgraded":3,"win_rate":0.0,"timestamp":1611811254,"path_taken":["M","?","?","?","?","R","M","R","T","M","R","M","M","COS","R","BOSS","M","?","M","?","?","R","?","M","T","?","M"],"items_purchased_type":["Relic"],"build_version":"2020-12-22","purchased_purges":0,"victory":false,"max_hp_per_floor":[70,70,70,80,80,80,80,80,80,80,80,80,80,80,80,80,80,80,80,80,74,74,74,74,74,74,74,74,74],"card_choices":[{"not_picked":["theMarked:Opportunist","theMarked:RepellingDischarge","theMarked:Overthink"],"picked":"SKIP","floor":1.0},{"not_picked":["theMarked:Overcharge","theMarked:StartUp"],"picked":"theMarked:GodGivenPower","floor":7.0},{"not_picked":["theMarked:ContemptForTheProud","theMarked:TakeCover"],"picked":"theMarked:TurnInvisible","floor":10},{"not_picked":["theMarked:TwofoldDefense","theMarked:ChainLightning"],"picked":"theMarked:PowerFlow","floor":12},{"not_picked":["theMarked:ElectricStrings","theMarked:ShockingTouch","theMarked:BanishingWave"],"picked":"SKIP","floor":13},{"not_picked":["theMarked:Snap","theMarked:ThrowWeapon"],"picked":"theMarked:FavorableWinds","floor":16},{"not_picked":["theMarked:KeepCalmAndFight","theMarked:Aftermath","theMarked:Memento"],"picked":"SKIP","floor":18},{"not_picked":["theMarked:BanishingStrike+1","theMarked:TakeCover"],"picked":"theMarked:Maelstrom","floor":20},{"not_picked":["theMarked:Frustration+1","theMarked:Aftermath"],"picked":"theMarked:MagusForm","floor":24},{"not_picked":["theMarked:Memento","theMarked:ChainLightning","theMarked:Pokerface"],"picked":"SKIP","floor":25}],"player_experience":676693,"relics_obtained":[{"floor":1.0,"key":"LetterFromLob"},{"floor":9,"key":"Dota2Spire:Vanguard"},{"floor":26,"key":"Ice Cream"}],"event_choices":[{"damage_healed":0,"gold_gain":0,"player_choice":"Leave","damage_taken":0,"max_hp_gain":0,"max_hp_loss":0,"event_name":"conspire:Investor","floor":22,"gold_loss":0}],"is_beta":false,"boss_relics":[{"not_picked":["Ectoplasm","conspire:SeveredTorchhead"],"picked":"theMarked:Eyepatch"}],"items_purged_floors":[],"is_endless":false,"potions_floor_spawned":[1,7,24,25],"killed_by":"Gensokyo:Chomper_and_Gloop","ascension_level":0}}