{"host":"z7byfb4bpt09dh7e","time":1611851484,"event":{"mods":["Aspiration","BaseMod","BetterRewards","Displayed Cursed Tome","Downfall","Infinite Spire","Minty Spire (QoL Compilation)","StSLib","The Blue Laboratory","Uncapped"],"gold_per_floor":[116,116,162,162,185,185,185,185,208,22,41,41,79,102,102,232,232,250,210,210,210,249,284,303,345,345,393,409,418,436,450,459,597,597,620,629,418,434,434,481,490,534,534,583,592,636,12,12,12,12],"floor_reached":51,"language":"ENG","playtime":2715,"items_purged":[],"score":1087,"play_id":"0bdb93bb-2a80-4d4a-8e6b-e8690cb4e0db","local_time":"20210128113124","daily_mods":["Draft","Vintage","Diverse","Colorless Cards","Heirloom","Time Dilation","Flight","downfall:Jewelcrafting","DeadlyEvents","Elite Swarm"],"is_ascension_mode":false,"campfire_choices":[{"floor":6,"key":"REST"},{"floor":15,"key":"REST"},{"floor":29,"key":"REST"},{"floor":32,"key":"REST"},{"floor":41,"key":"REST"},{"floor":45,"key":"REST"}],"circlet_count":0,"master_deck":["Guardian:ExploitGems+1","Guardian:ExploitGems+1","Hello World","hexamod:AdvancingGuard","Poisoned Stab","hexamod:NecessarySacrifice","Impatience","Guardian:PrimingBeam","Guardian:FloatingOrbs","Guardian:PiercingHide","Slimebound:Prepare","sneckomod:UnknownDraw","Headbutt","Anger","Heatsinks","sneckomod:IronFang","Evaluate","Pain","Panache","Mayhem","A Thousand Cuts+1","Die Die Die","Phantasmal Killer","Judgement","DeusExMachina","CrushJoints+1","PanicButton","Meteor Strike","Decay","Guardian:CrystalBeam","Secret Weapon+1","Iron Wave+1","Creative AI","Machine Learning","Dagger Spray+1","Corpse Explosion+1","Sadistic Nature"],"relics":["Unceasing Top","Guardian:PickAxe","Du-Vu Doll","aspiration:AnachronicSnailShell","Golden Idol","Anchor","WarpedTongs","Art of War","bronze:BronzeIdol","aspiration:TomeofQuesting","aspiration:SneckoTail","aspiration:MysteriousAuxiliaryCore","Sozu","Dream Catcher","aspiration:PoetsPen_weak","champ:DuelingGlove","Kunai","CeramicFish","Symbiotic Virus","Cables","infinitespire:CheckeredPen","Bronze Scales","infinitespire:BottledMercury","Black Star","hexamod:Sixitude","Vajra","infinitespire:PuzzleCube","Toxic Egg 2","Thread and Needle","infinitespire:EmpoweringShard","Ice Cream","Omamori","Question Card","Peace Pipe","Orichalcum","infinitespire:Beetle Shell","Centennial Puzzle","HandDrill","Blood Vial","War Paint","Akabeko"],"acts_visited":["Exordium","TheCity","TheBeyond"],"potions_floor_usage":[50],"damage_taken":[{"damage":6,"enemies":"Cultist","floor":1,"turns":3},{"damage":6,"enemies":"Small Slimes","floor":5,"turns":2},{"damage":0,"enemies":"Jaw Worm","floor":11,"turns":3},{"damage":6,"enemies":"3 Sentries","floor":13,"turns":4},{"damage":5,"enemies":"3 Louse","floor":14,"turns":3},{"damage":19,"enemies":"Hexaghost","floor":16,"turns":4},{"damage":5,"enemies":"3 Byrds","floor":18,"turns":2},{"damage":5,"enemies":"Gremlin Leader","floor":22,"turns":3},{"damage":5,"enemies":"Book of Stabbing","floor":23,"turns":2},{"damage":10,"enemies":"2 Thieves","floor":24,"turns":2},{"damage":8,"enemies":"Slavers","floor":25,"turns":3},{"damage":7,"enemies":"Book of Stabbing","floor":27,"turns":3},{"damage":4,"enemies":"Snake Plant","floor":28,"turns":2},{"damage":5,"enemies":"Centurion and Healer","floor":30,"turns":3},{"damage":1,"enemies":"Snecko","floor":31,"turns":3},{"damage":14,"enemies":"Collector","floor":33,"turns":5},{"damage":13,"enemies":"3 Darklings","floor":35,"turns":3},{"damage":4,"enemies":"3 Shapes","floor":38,"turns":2},{"damage":3,"enemies":"Giant Head","floor":40,"turns":4},{"damage":21,"enemies":"Nemesis","floor":42,"turns":3},{"damage":12,"enemies":"Reptomancer","floor":44,"turns":4},{"damage":5,"enemies":"Giant Head","floor":46,"turns":5},{"damage":31,"enemies":"Time Eater","floor":50,"turns":6}],"seed_played":"1550268802307150760","potions_obtained":[{"floor":14,"key":"hexamod:SoulburnPotion"}],"is_trial":true,"path_per_floor":["M","?","T","?","M","R","R","R","T","$","M","R","E","M","R","B",null,"M","?","AVR","$","E","E","M","E","T","E","M","R","M","M","R","B",null,"M","?","$","M","T","E","R","E","T","E","R","E","$","AVR","R","B",null],"character_chosen":"DEFECT","items_purchased":["Panache","Vajra","Guardian:CrystalBeam","Guardian:Gem_Lightblue","HandDrill","Blood Vial","War Paint","Sadistic Nature"],"campfire_rested":6,"item_purchase_floors":[10,37,37,37,47,47,47,47],"current_hp_per_floor":[69,51,51,51,45,67,67,67,67,67,67,67,61,56,75,56,75,70,70,70,70,65,60,50,42,42,35,31,53,48,47,69,55,75,62,62,62,58,58,55,75,54,54,42,64,59,59,59,59,30],"gold":12,"neow_bonus":"","is_daily":false,"chose_seed":false,"campfire_upgraded":0,"win_rate":0.0,"timestamp":1611851484,"path_taken":["M","?","?","?","?","R","R","R","T","$","?","R","?","M","R","BOSS","M","?","AVR","$","?","E","M","E","T","E","M","R","?","M","R","BOSS","M","?","$","?","?","E","R","E","T","E","R","E","$","AVR","R","BOSS"],"items_purchased_type":["Card","Relic","Card","Card","Relic","Relic","Relic","Card"],"build_version":"2020-12-22","purchased_purges":0,"victory":true,"max_hp_per_floor":[75,75,75,75,75,75,75,75,75,75,75,75,75,75,75,75,75,75,75,75,75,75,75,75,75,75,75,75,75,75,75,75,75,75,75,75,75,75,75,75,75,75,75,75,75,75,75,75,75,75],"card_choices":[{"not_picked":["Genetic Algorithm","hexamod:HeatMetal"],"picked":"Hello World","floor":0},{"not_picked":["hexamod:PhantomCloak","sneckomod:Nope"],"picked":"hexamod:AdvancingGuard","floor":0},{"not_picked":["Slimebound:FinishingTackle","champ:FocusedDefense"],"picked":"Poisoned Stab","floor":0},{"not_picked":["Slimebound:SplitMire","Slimebound:SplitLeeching"],"picked":"hexamod:NecessarySacrifice","floor":0},{"not_picked":["sneckomod:DiceCrush","bronze:Flail"],"picked":"Impatience","floor":0},{"not_picked":["Setup","sneckomod:SoulRoll"],"picked":"Guardian:PrimingBeam","floor":0},{"not_picked":["Sanctity","Cold Snap"],"picked":"Guardian:FloatingOrbs","floor":0},{"not_picked":["Barrage","champ:Duel"],"picked":"Guardian:PiercingHide","floor":0},{"not_picked":["Streamline","Guardian:Emergency"],"picked":"Slimebound:Prepare","floor":0},{"not_picked":["ClearTheMind","Calculated Gamble"],"picked":"sneckomod:UnknownDraw","floor":0},{"not_picked":["bronze:OilSpill","sneckomod:SoulDraw"],"picked":"Headbutt","floor":0},{"not_picked":["Guardian:CrystalBeam","ThirdEye"],"picked":"Anger","floor":0},{"not_picked":["sneckomod:UnknownClassPURPLE","sneckomod:UnknownClassRED"],"picked":"Heatsinks","floor":0},{"not_picked":["Slimebound:SamplingLick","sneckomod:DefensiveFlair"],"picked":"sneckomod:IronFang","floor":0},{"not_picked":["Battle Trance","True Grit"],"picked":"Evaluate","floor":0},{"not_picked":["Juggernaut","sneckomod:Unknown3Cost"],"picked":"Mayhem","floor":13},{"not_picked":["sneckomod:UnknownRareAttack","Glass Knife"],"picked":"A Thousand Cuts","floor":16},{"not_picked":["Slimebound:DuplicatedForm","Machine Learning"],"picked":"Die Die Die","floor":22},{"not_picked":["bronze:HardenedForm","Burst"],"picked":"Phantasmal Killer","floor":23},{"not_picked":["Phantasmal Killer","Guardian:BaubleBeam"],"picked":"Judgement","floor":25},{"not_picked":["HandOfGreed","Night Terror"],"picked":"DeusExMachina","floor":27},{"not_picked":["Compile Driver","Deadly Poison"],"picked":"CrushJoints+1","floor":29},{"not_picked":["CrushJoints","Go for the Eyes"],"picked":"PanicButton","floor":32},{"not_picked":["sneckomod:Unknown3Cost","champ:GladiatorForm"],"picked":"Meteor Strike","floor":33},{"not_picked":["Metamorphosis+1","bronze:Verify"],"picked":"Secret Weapon+1","floor":40},{"not_picked":["sneckomod:Nope+1","champ:FalseCounter+1"],"picked":"Iron Wave+1","floor":41},{"not_picked":["champ:Improvising","Slimebound:DouseInSlime+1"],"picked":"Creative AI","floor":42},{"not_picked":["DeusExMachina+1","Guardian:FastForward+1","sneckomod:Unknown3Cost+1"],"picked":"Machine Learning","floor":44},{"not_picked":["Consecrate+1","bronze:Shell+1","Guardian:PrimingBeam+1"],"picked":"Dagger Spray+1","floor":45},{"not_picked":["Wish+1","champ:LastStand","bronze:FindAndReplace+1"],"picked":"Corpse Explosion+1","floor":46}],"player_experience":307462,"relics_obtained":[{"floor":1,"key":"aspiration:AnachronicSnailShell"},{"floor":3,"key":"Anchor"},{"floor":5,"key":"Art of War"},{"floor":9,"key":"bronze:BronzeIdol"},{"floor":11,"key":"aspiration:TomeofQuesting"},{"floor":13,"key":"aspiration:SneckoTail"},{"floor":14,"key":"aspiration:MysteriousAuxiliaryCore"},{"floor":18,"key":"Dream Catcher"},{"floor":22,"key":"champ:DuelingGlove"},{"floor":23,"key":"Kunai"},{"floor":24,"key":"CeramicFish"},{"floor":25,"key":"Symbiotic Virus"},{"floor":26,"key":"Cables"},{"floor":27,"key":"infinitespire:CheckeredPen"},{"floor":30,"key":"Bronze Scales"},{"floor":31,"key":"infinitespire:BottledMercury"},{"floor":35,"key":"hexamod:Sixitude"},{"floor":38,"key":"infinitespire:PuzzleCube"},{"floor":39,"key":"Toxic Egg 2"},{"floor":40,"key":"Thread and Needle"},{"floor":40,"key":"infinitespire:EmpoweringShard"},{"floor":42,"key":"Ice Cream"},{"floor":42,"key":"Omamori"},{"floor":43,"key":"Question Card"},{"floor":44,"key":"Peace Pipe"},{"floor":44,"key":"Orichalcum"},{"floor":46,"key":"infinitespire:Beetle Shell"},{"floor":46,"key":"Centennial Puzzle"}],"event_choices":[{"damage_healed":0,"gold_gain":0,"player_choice":"Take Damage","damage_taken":18,"relics_obtained":["Golden Idol"],"max_hp_gain":0,"max_hp_loss":0,"event_name":"Golden Idol","floor":2,"gold_loss":0},{"damage_healed":0,"gold_gain":0,"player_choice":"Rummage","damage_taken":0,"relics_obtained":["WarpedTongs"],"max_hp_gain":0,"max_hp_loss":0,"event_name":"Accursed Blacksmith","floor":4,"gold_loss":0,"cards_obtained":["Pain"]},{"damage_healed":0,"gold_gain":0,"player_choice":"Upgrade","damage_taken":0,"max_hp_gain":0,"max_hp_loss":0,"event_name":"Designer","floor":19,"gold_loss":40,"cards_upgraded":["A Thousand Cuts"]},{"damage_healed":0,"gold_gain":0,"player_choice":"Cursed","damage_taken":0,"max_hp_gain":0,"max_hp_loss":0,"event_name":"Wheel of Change","floor":36,"gold_loss":0,"cards_obtained":["Decay"]}],"is_beta":false,"boss_relics":[{"not_picked":["expansioncontent:StudyCardRelic","Empty Cage"],"picked":"Sozu"},{"not_picked":["aspiration:WatcherSkillbook","Tiny House"],"picked":"Black Star"}],"items_purged_floors":[],"is_endless":false,"potions_floor_spawned":[14,22,23,30,33,35,42],"ascension_level":0}}