{"host":"nwd160me4iqdtr8u","time":1611825813,"event":{"mods":["AchievementEnabler","Act Like it!","BaseMod","Colored Map","DeckTracker","Minty Spire (QoL Compilation)","Quick Restart","Rare Cards Sparkle","StSLib","SuperFastMode","everything is the same but u backflip on backflip"],"gold_per_floor":[113,113,128,128,53,97,97,131,131,155,55,55,77,110,110,242,242,229,328,358,390,28,28,28,28],"floor_reached":24,"language":"KOR","playtime":1276,"items_purged":["Strike_G","Defend_G","Defend_G"],"score":384,"play_id":"11ffb857-51a3-4148-bab5-dbfa8d43cf5f","local_time":"20210128182333","is_ascension_mode":true,"campfire_choices":[{"data":"Blade Dance","floor":7.0,"key":"SMITH"},{"data":"Prepared","floor":12.0,"key":"SMITH"},{"data":"Footwork","floor":15.0,"key":"SMITH"},{"floor":23,"key":"REST"}],"circlet_count":0,"master_deck":["AscendersBane","Strike_G","Strike_G","Defend_G","Defend_G","Defend_G","Survivor","Neutralize","Footwork+1","Blade Dance+1","Dagger Spray","Eviscerate","Blur","Prepared+1","Deadly Poison","Escape Plan","Envenom","Crippling Poison","Cloak And Dagger+1","Setup+1","Sadistic Nature"],"relics":["Ring of the Snake","Golden Idol","CeramicFish","Bottled Flame","HoveringKite"],"acts_visited":["Exordium","TheCity"],"potions_floor_usage":[21,21,24],"damage_taken":[{"damage":0.0,"enemies":"2 Louse","floor":1.0,"turns":5.0},{"damage":0.0,"enemies":"Small Slimes","floor":3.0,"turns":3.0},{"damage":12.0,"enemies":"3 Sentries","floor":6.0,"turns":11.0},{"damage":2.0,"enemies":"Jaw Worm","floor":8.0,"turns":5.0},{"damage":1.0,"enemies":"Exordium Wildlife","floor":10.0,"turns":7.0},{"damage":9.0,"enemies":"3 Louse","floor":13.0,"turns":4.0},{"damage":9.0,"enemies":"Looter","floor":14.0,"turns":3.0},{"damage":0.0,"enemies":"Hexaghost","floor":16.0,"turns":16.0},{"damage":14.0,"enemies":"2 Thieves","floor":18.0,"turns":5.0},{"damage":4,"enemies":"Shell Parasite","floor":20,"turns":5},{"damage":23,"enemies":"Snecko","floor":21,"turns":7},{"damage":40,"enemies":"Gremlin Leader","floor":24,"turns":4}],"seed_played":"631207732075196375","potions_obtained":[{"floor":6.0,"key":"Fire Potion"},{"floor":8.0,"key":"EssenceOfSteel"},{"floor":16.0,"key":"Energy Potion"},{"floor":18.0,"key":"GamblersBrew"},{"floor":20,"key":"ColorlessPotion"}],"is_trial":false,"path_per_floor":["M","?","M","?","$","E","R","M","T","M","$","R","M","M","R","B",null,"M","?","M","M","$","R","E"],"character_chosen":"THE_SILENT","items_purchased":["Dexterity Potion","Sadistic Nature"],"campfire_rested":1,"item_purchase_floors":[22,22],"current_hp_per_floor":[63,63,63,63,63,51,51,49,49,48,48,48,39,30,30,30,56,42,42,38,15,15,34,0,0],"gold":28,"neow_bonus":"TRANSFORM_CARD","is_daily":false,"chose_seed":false,"campfire_upgraded":3,"win_rate":0.0,"timestamp":1611825813,"path_taken":["M","?","M","?","?","E","R","M","T","M","$","R","M","M","R","BOSS","M","?","M","M","$","R","E"],"items_purchased_type":["Potion","Card"],"build_version":"2020-12-22","purchased_purges":3,"victory":false,"max_hp_per_floor":[70,65,65,65,65,65,65,65,65,65,65,65,65,65,65,65,65,65,65,65,65,65,65,65,65],"card_choices":[{"not_picked":["Underhanded Strike","Prepared"],"picked":"Blade Dance","floor":1.0},{"not_picked":["Poisoned Stab","All Out Attack"],"picked":"Dagger Spray","floor":3.0},{"not_picked":["Crippling Poison","Dodge and Roll"],"picked":"Blur","floor":6.0},{"not_picked":["Bane","Deadly Poison"],"picked":"Prepared","floor":8.0},{"not_picked":["All Out Attack","Cloak And Dagger","Dash"],"picked":"SKIP","floor":10.0},{"not_picked":["Bane","Masterful Stab"],"picked":"Deadly Poison","floor":13.0},{"not_picked":["Crippling Poison","Slice"],"picked":"Escape Plan","floor":14.0},{"not_picked":["Grand Finale","Unload"],"picked":"Envenom","floor":16.0},{"not_picked":["Cloak And Dagger","Bane"],"picked":"Crippling Poison","floor":18.0},{"not_picked":["Prepared","Slice"],"picked":"Cloak And Dagger+1","floor":20},{"not_picked":["Cloak And Dagger","PiercingWail"],"picked":"Setup+1","floor":21}],"player_experience":269508,"relics_obtained":[{"floor":6.0,"key":"CeramicFish"},{"floor":9.0,"key":"Bottled Flame"}],"event_choices":[{"damage_healed":0.0,"max_hp_gain":0.0,"max_hp_loss":5.0,"gold_gain":0.0,"event_name":"Golden Idol","player_choice":"Lose Max HP","floor":2.0,"gold_loss":0.0,"damage_taken":0.0,"relics_obtained":["Golden Idol"]},{"damage_healed":0.0,"max_hp_gain":0.0,"max_hp_loss":0.0,"gold_gain":0.0,"cards_transformed":["Strike_G"],"event_name":"Living Wall","player_choice":"Change","floor":4.0,"gold_loss":0.0,"damage_taken":0.0,"cards_obtained":["Eviscerate"]},{"damage_healed":0.0,"max_hp_gain":0.0,"max_hp_loss":0.0,"gold_gain":99.0,"event_name":"Nest","player_choice":"Stole From Cult","floor":19.0,"gold_loss":0.0,"damage_taken":0.0}],"is_beta":false,"boss_relics":[{"not_picked":["Ring of the Serpent","Busted Crown"],"picked":"HoveringKite"}],"items_purged_floors":[5,11,22],"is_endless":false,"potions_floor_spawned":[6,8,13,16,18,20],"killed_by":"Gremlin Leader","ascension_level":11}}