{"host":"1dhlu4qzehvrzpot","time":1611853712,"event":{"mods":["2.2 Compatiblity","AchievementEnabler","BaseMod","Block Reminder","Minty Spire (QoL Compilation)","Permanent Neow","Quick Restart","Rare Cards Sparkle","Relic Stats","Say the Spire","Slay-I","StSLib","SuperFastMode"],"gold_per_floor":[109,109,39,58,107,107,139,139,219,231,259,275,275,292,292,392,392,372,372,297,69,69,99,99,130,155,174,174,207,222,247,259,373,385,412,424,481,493,525,866,878,374,374,405,424,458,471,510,510,510],"floor_reached":51,"language":"ENG","playtime":2044,"items_purged":["Defend_B","Defend_B"],"score":1431,"play_id":"9949c88c-97be-4f84-a1a3-775955512a61","local_time":"20210128180832","is_ascension_mode":true,"campfire_choices":[{"data":"Lockon","floor":6.0,"key":"SMITH"},{"data":"Double Energy","floor":8.0,"key":"SMITH"},{"floor":13.0,"key":"REST"},{"data":"Zap","floor":15.0,"key":"SMITH"},{"data":"Multi-Cast","floor":24.0,"key":"SMITH"},{"data":"Defragment","floor":28.0,"key":"SMITH"},{"floor":32.0,"key":"REST"},{"floor":41.0,"key":"REST"},{"data":"Blizzard","floor":49,"key":"SMITH"}],"circlet_count":0,"master_deck":["Defend_B+1","Zap+1","Dualcast+1","Double Energy+1","BootSequence","Lockon+1","Coolheaded","Cold Snap","Chill","Coolheaded","Hologram","Multi-Cast+1","Static Discharge+1","Sunder+1","Redo+1","Defragment+1","Compile Driver","Hologram+1","BootSequence","Conserve Battery+1","Coolheaded+1","Coolheaded+1","Hologram","Master of Strategy+1","Dark Shackles","Seek","Coolheaded+1","Loop","Streamline+1","Blizzard+1"],"relics":["Black Star","Vajra","Ice Cream","Prayer Wheel","Bottled Flame","Centennial Puzzle","StoneCalendar","Astrolabe","DataDisk","Mango","InkBottle","Bottled Lightning","Singing Bowl","Orichalcum","Boot","StrikeDummy","MealTicket","MawBank","SlaversCollar","Calipers","Dream Catcher","Old Coin","Membership Card","Strawberry","Bronze Scales","Toy Ornithopter","Lantern","Ornamental Fan","War Paint","The Courier","CeramicFish"],"acts_visited":["Exordium","TheCity","TheBeyond"],"potions_floor_usage":[50],"damage_taken":[{"damage":4.0,"enemies":"Small Slimes","floor":1.0,"turns":4.0},{"damage":1.0,"enemies":"Cultist","floor":4.0,"turns":5.0},{"damage":30.0,"enemies":"3 Sentries","floor":7.0,"turns":7.0},{"damage":0.0,"enemies":"Jaw Worm","floor":10.0,"turns":3.0},{"damage":17.0,"enemies":"Lagavulin","floor":11.0,"turns":6.0},{"damage":1.0,"enemies":"Blue Slaver","floor":12.0,"turns":3.0},{"damage":0.0,"enemies":"3 Louse","floor":14.0,"turns":3.0},{"damage":8.0,"enemies":"Slime Boss","floor":16.0,"turns":7.0},{"damage":0.0,"enemies":"2 Thieves","floor":18.0,"turns":4.0},{"damage":15.0,"enemies":"Slavers","floor":23.0,"turns":7.0},{"damage":5.0,"enemies":"Book of Stabbing","floor":25.0,"turns":5.0},{"damage":0.0,"enemies":"3 Byrds","floor":27.0,"turns":6.0},{"damage":7.0,"enemies":"Slavers","floor":29.0,"turns":7.0},{"damage":13.0,"enemies":"Centurion and Healer","floor":30.0,"turns":4.0},{"damage":19.0,"enemies":"Gremlin Leader","floor":31.0,"turns":5.0},{"damage":10.0,"enemies":"Champ","floor":33.0,"turns":7.0},{"damage":1.0,"enemies":"3 Shapes","floor":35.0,"turns":4.0},{"damage":50.0,"enemies":"2 Orb Walkers","floor":37.0,"turns":7.0},{"damage":0.0,"enemies":"3 Darklings","floor":39.0,"turns":6.0},{"damage":34.0,"enemies":"Reptomancer","floor":40.0,"turns":4.0},{"damage":4.0,"enemies":"Nemesis","floor":44.0,"turns":7.0},{"damage":3.0,"enemies":"Spire Growth","floor":45.0,"turns":6.0},{"damage":0.0,"enemies":"Giant Head","floor":46.0,"turns":9.0},{"damage":2,"enemies":"Maw","floor":47,"turns":7},{"damage":0,"enemies":"Nemesis","floor":48,"turns":6},{"damage":9,"enemies":"Time Eater","floor":50,"turns":9}],"seed_played":"4921874528116942755","potions_obtained":[{"floor":1.0,"key":"BlessingOfTheForge"},{"floor":4.0,"key":"Ancient Potion"},{"floor":7.0,"key":"Energy Potion"},{"floor":12.0,"key":"LiquidMemories"},{"floor":23.0,"key":"Block Potion"},{"floor":30.0,"key":"SteroidPotion"},{"floor":31.0,"key":"Energy Potion"},{"floor":39.0,"key":"GamblersBrew"},{"floor":44.0,"key":"Fire Potion"},{"floor":45.0,"key":"PotionOfCapacity"},{"floor":47,"key":"Weak Potion"}],"is_trial":false,"path_per_floor":["M","?","$","M","T","R","E","R","T","M","E","M","R","M","R","B",null,"M","?","?","$","?","E","R","E","T","M","R","E","M","E","R","B",null,"M","?","?","?","M","E","R","$","T","E","M","E","M","E","R","B",null],"character_chosen":"DEFECT","items_purchased":["BootSequence","DataDisk","Membership Card","Hologram","Strawberry","Master of Strategy","Bronze Scales","Dark Shackles"],"campfire_rested":3,"item_purchase_floors":[3,21,42,42,42,42,42,42],"current_hp_per_floor":[64,64,64,63,63,63,33,33,33,33,16,15,37,37,37,29,64,64,64,64,64,64,63,63,60,60,62,62,57,44,27,56,48,86,89,89,39,39,41,7,40,62,62,58,57,64,62,62,62,58],"gold":510,"neow_bonus":"BOSS_RELIC","is_daily":false,"chose_seed":false,"campfire_upgraded":6,"win_rate":0.0,"timestamp":1611853712,"path_taken":["M","?","?","?","?","R","E","R","T","M","E","M","R","M","R","BOSS","M","?","?","$","?","E","R","E","T","M","R","E","M","E","R","BOSS","M","?","?","?","?","E","R","?","T","E","M","E","?","E","R","BOSS"],"items_purchased_type":["Card","Relic","Relic","Card","Relic","Card","Relic","Card"],"build_version":"2020-12-22","purchased_purges":2,"victory":true,"max_hp_per_floor":[75,75,75,75,75,75,75,75,75,75,75,75,75,75,75,75,75,75,75,75,75,75,89,89,91,91,93,93,95,95,97,97,99,99,103,103,103,103,105,105,107,114,114,114,116,118,118,118,118,118],"relic_stats":{"Singing Bowl":22,"counters":[26,148],"Astrolabe":["Static Discharge","Sunder","Redo"],"CeramicFish":9,"StoneCalendar":[321],"Orichalcum":[66],"War Paint":["Defend_B","Master of Strategy"],"Boot":[39],"MawBank":132,"Centennial Puzzle":[45],"Dream Catcher":1,"Ornamental Fan":[4],"Bronze Scales":[93],"Prayer Wheel":10,"MealTicket":15,"Black Star":10,"obtain_stats":[{"Ice Cream":7,"Lantern":44,"Calipers":37,"Singing Bowl":25,"CeramicFish":48,"Vajra":5,"StoneCalendar":11,"Mango":23,"Boot":29,"Old Coin":40,"Centennial Puzzle":11,"Dream Catcher":40,"Strawberry":42,"Prayer Wheel":7,"MealTicket":31,"Cracked Core":0,"InkBottle":23,"Astrolabe":17,"The Courier":48,"Orichalcum":26,"War Paint":46,"MawBank":31,"SlaversCollar":34,"Bottled Flame":9,"DataDisk":21,"Ornamental Fan":46,"Bronze Scales":42,"Black Star":0,"Bottled Lightning":25,"Membership Card":42,"StrikeDummy":29,"Toy Ornithopter":44},{"Ice Cream":3,"Lantern":21,"Calipers":18,"Singing Bowl":11,"CeramicFish":25,"Vajra":2,"StoneCalendar":5,"Mango":10,"Boot":13,"Old Coin":20,"Centennial Puzzle":5,"Dream Catcher":20,"Strawberry":20,"Prayer Wheel":3,"MealTicket":15,"Cracked Core":0,"InkBottle":10,"Astrolabe":8,"The Courier":25,"Orichalcum":11,"War Paint":23,"MawBank":15,"SlaversCollar":16,"Bottled Flame":3,"DataDisk":9,"Ornamental Fan":23,"Bronze Scales":20,"Black Star":0,"Bottled Lightning":11,"Membership Card":20,"StrikeDummy":13,"Toy Ornithopter":21},{"Ice Cream":16,"Lantern":111,"Calipers":94,"Singing Bowl":54,"CeramicFish":139,"Vajra":9,"StoneCalendar":25,"Mango":49,"Boot":67,"Old Coin":104,"Centennial Puzzle":25,"Dream Catcher":104,"Strawberry":104,"Prayer Wheel":16,"MealTicket":76,"Cracked Core":0,"InkBottle":49,"Astrolabe":38,"The Courier":139,"Orichalcum":54,"War Paint":126,"MawBank":76,"SlaversCollar":83,"Bottled Flame":16,"DataDisk":42,"Ornamental Fan":126,"Bronze Scales":104,"Black Star":0,"Bottled Lightning":54,"Membership Card":104,"StrikeDummy":67,"Toy Ornithopter":111}],"InkBottle":[50],"Toy Ornithopter":10},"card_choices":[{"not_picked":["Hologram","Stack"],"picked":"Double Energy","floor":1.0},{"not_picked":["Sweeping Beam","Rebound"],"picked":"Lockon","floor":4.0},{"not_picked":["Barrage","Gash"],"picked":"Coolheaded","floor":7.0},{"not_picked":["Beam Cell","Stack"],"picked":"Cold Snap","floor":10.0},{"not_picked":["Beam Cell","Streamline","Meteor Strike"],"picked":"SKIP","floor":10.0},{"not_picked":["Melter","Force Field"],"picked":"Chill","floor":11.0},{"not_picked":["Barrage","Consume"],"picked":"Coolheaded","floor":12.0},{"not_picked":["Go for the Eyes","Sweeping Beam","Chaos"],"picked":"SKIP","floor":12.0},{"not_picked":["BootSequence","Skim"],"picked":"Hologram","floor":14.0},{"not_picked":["Sunder","Lockon","Steam Power"],"picked":"SKIP","floor":14.0},{"not_picked":["Amplify","Echo Form"],"picked":"Multi-Cast","floor":16.0},{"not_picked":["Barrage","Leap","Recycle"],"picked":"SKIP","floor":18.0},{"not_picked":["Leap","Coolheaded","Barrage+1"],"picked":"SKIP","floor":18.0},{"not_picked":["Ball Lightning","Machine Learning","Turbo"],"picked":"SKIP","floor":23.0},{"not_picked":["Hello World+1","Stack+1","Force Field"],"picked":"Singing Bowl","floor":25.0},{"not_picked":["Barrage","Redo","Sweeping Beam"],"picked":"Singing Bowl","floor":27.0},{"not_picked":["Auto Shields","Beam Cell+1"],"picked":"Compile Driver","floor":27.0},{"not_picked":["Genetic Algorithm","Machine Learning","Gash"],"picked":"Singing Bowl","floor":29.0},{"not_picked":["Doom and Gloom","Cold Snap"],"picked":"Hologram+1","floor":30.0},{"not_picked":["Go for the Eyes","Turbo+1"],"picked":"BootSequence","floor":30.0},{"not_picked":["Undo+1","FTL","Streamline"],"picked":"Singing Bowl","floor":31.0},{"not_picked":["Rainbow","All For One","Reboot"],"picked":"Singing Bowl","floor":33.0},{"not_picked":["Leap+1","Sweeping Beam","Steam"],"picked":"Singing Bowl","floor":35.0},{"not_picked":["Streamline+1","Recycle","Meteor Strike"],"picked":"Singing Bowl","floor":35.0},{"not_picked":["Hello World+1","Reprogram+1"],"picked":"Conserve Battery+1","floor":37.0},{"not_picked":["Gash+1","Lockon+1","Steam Power+1"],"picked":"Singing Bowl","floor":39.0},{"not_picked":["Conserve Battery+1","Melter+1"],"picked":"Coolheaded+1","floor":39.0},{"not_picked":["Cold Snap+1","Ball Lightning+1"],"picked":"Coolheaded+1","floor":40.0},{"not_picked":["Hologram","Go for the Eyes+1","Heatsinks+1"],"picked":"Singing Bowl","floor":41.0},{"not_picked":["Conserve Battery","Skim"],"picked":"Seek","floor":44.0},{"not_picked":["FTL","Sweeping Beam","Barrage+1"],"picked":"Singing Bowl","floor":45.0},{"not_picked":["Turbo+1","Tempest"],"picked":"Coolheaded+1","floor":45.0},{"not_picked":["Reinforced Body+1","Force Field","Self Repair+1"],"picked":"Singing Bowl","floor":46.0},{"not_picked":["Tempest","Cold Snap+1"],"picked":"Loop","floor":47},{"not_picked":["Conserve Battery+1","Compile Driver+1"],"picked":"Streamline+1","floor":47},{"not_picked":["Consume+1","Rebound"],"picked":"Blizzard","floor":48}],"player_experience":537701,"relics_obtained":[{"floor":5.0,"key":"Vajra"},{"floor":7.0,"key":"Ice Cream"},{"floor":7.0,"key":"Prayer Wheel"},{"floor":9.0,"key":"Bottled Flame"},{"floor":11.0,"key":"Centennial Puzzle"},{"floor":11.0,"key":"StoneCalendar"},{"floor":23.0,"key":"Mango"},{"floor":23.0,"key":"InkBottle"},{"floor":25.0,"key":"Bottled Lightning"},{"floor":25.0,"key":"Singing Bowl"},{"floor":26.0,"key":"Orichalcum"},{"floor":29.0,"key":"Boot"},{"floor":29.0,"key":"StrikeDummy"},{"floor":31.0,"key":"MealTicket"},{"floor":31.0,"key":"MawBank"},{"floor":37.0,"key":"Calipers"},{"floor":40.0,"key":"Dream Catcher"},{"floor":40.0,"key":"Old Coin"},{"floor":44.0,"key":"Toy Ornithopter"},{"floor":44.0,"key":"Lantern"},{"floor":46.0,"key":"Ornamental Fan"},{"floor":46.0,"key":"War Paint"},{"floor":48,"key":"The Courier"},{"floor":48,"key":"CeramicFish"}],"event_choices":[{"damage_healed":0.0,"max_hp_gain":0.0,"max_hp_loss":0.0,"gold_gain":0.0,"event_name":"Upgrade Shrine","player_choice":"Upgraded","floor":2.0,"gold_loss":0.0,"damage_taken":0.0,"cards_upgraded":["Dualcast"]},{"damage_healed":0.0,"max_hp_gain":0.0,"max_hp_loss":0.0,"gold_gain":0.0,"event_name":"Vampires","player_choice":"Ignored","floor":19.0,"gold_loss":0.0,"damage_taken":0.0},{"cards_removed":["Defend_B"],"damage_healed":0.0,"max_hp_gain":0.0,"max_hp_loss":0.0,"gold_gain":0.0,"event_name":"Beggar","player_choice":"Gave Gold","floor":20.0,"gold_loss":75.0,"damage_taken":0.0},{"damage_healed":0.0,"max_hp_gain":0.0,"max_hp_loss":0.0,"gold_gain":0.0,"event_name":"The Library","player_choice":"Read","floor":22.0,"gold_loss":0.0,"damage_taken":0.0,"cards_obtained":["Defragment"]},{"damage_healed":0.0,"max_hp_gain":0.0,"max_hp_loss":0.0,"gold_gain":0.0,"event_name":"Tomb of Lord Red Mask","player_choice":"Ignored","floor":36.0,"gold_loss":0.0,"damage_taken":0.0},{"damage_healed":0.0,"max_hp_gain":0.0,"max_hp_loss":0.0,"gold_gain":0.0,"event_name":"Mysterious Sphere","player_choice":"Fight","floor":37.0,"gold_loss":0.0,"damage_taken":0.0},{"cards_removed":["Strike_B"],"damage_healed":0.0,"max_hp_gain":0.0,"max_hp_loss":0.0,"gold_gain":0.0,"event_name":"Bonfire Elementals","player_choice":"Offered Basic","floor":38.0,"gold_loss":0.0,"damage_taken":0.0}],"is_beta":false,"boss_relics":[{"not_picked":["Snecko Eye","Sozu"],"picked":"Astrolabe"},{"not_picked":["Calling Bell","Philosopher\u0027s Stone"],"picked":"SlaversCollar"}],"items_purged_floors":[21,42],"is_endless":false,"potions_floor_spawned":[1,4,7,12,14,23,30,31,39,44,45,47],"ascension_level":9}}