{"host":"lktusdb9orijgc6z","time":1611847281,"event":{"mods":["BaseMod","Bestiary","Colored Map","Colored Powertips","Minty Spire (QoL Compilation)","Permanent Neow","Quick Restart","Relic Stats","StSLib","everything is the same but u backflip on backflip","slay the spire mod where everything is the same but ironclad has a cowboy hat"],"gold_per_floor":[114,114,139,164,177,210,231,231,257,257,257,257],"floor_reached":11,"language":"ENG","playtime":372,"items_purged":[],"score":150,"play_id":"ed0f0f4a-b50f-41f9-b18b-1ff619b7d647","local_time":"20210128162121","is_ascension_mode":true,"campfire_choices":[{"floor":8,"key":"REST"},{"data":"Hologram","floor":10,"key":"SMITH"}],"circlet_count":0,"master_deck":["AscendersBane","Strike_B","Strike_B","Strike_B","Strike_B","Defend_B","Defend_B","Defend_B","Defend_B","Zap","Dualcast","Sweeping Beam","Go for the Eyes","Streamline","Barrage","Auto Shields","Hologram+1"],"relics":["SacredBark","Golden Idol","Singing Bowl","Smiling Mask"],"acts_visited":["Exordium"],"potions_floor_usage":[6,6,7],"damage_taken":[{"damage":16,"enemies":"Jaw Worm","floor":1,"turns":5},{"damage":3,"enemies":"2 Louse","floor":3,"turns":4},{"damage":12,"enemies":"Small Slimes","floor":4,"turns":4},{"damage":15,"enemies":"Blue Slaver","floor":5,"turns":4},{"damage":10,"enemies":"3 Sentries","floor":6,"turns":5},{"damage":3,"enemies":"Lots of Slimes","floor":7,"turns":3},{"damage":39,"enemies":"Gremlin Nob","floor":11,"turns":3}],"seed_played":"3399069334571005135","potions_obtained":[{"floor":4,"key":"Fire Potion"},{"floor":5,"key":"ColorlessPotion"},{"floor":6,"key":"LiquidMemories"}],"is_trial":false,"path_per_floor":["M","?","M","M","M","E","M","R","T","R","E"],"character_chosen":"DEFECT","items_purchased":[],"campfire_rested":1,"item_purchase_floors":[],"current_hp_per_floor":[48,48,45,33,18,8,5,24,24,24,0,0],"gold":257,"neow_bonus":"BOSS_RELIC","is_daily":false,"chose_seed":false,"campfire_upgraded":1,"win_rate":0.0,"timestamp":1611847281,"path_taken":["M","?","M","M","M","E","M","R","T","R","E"],"items_purchased_type":[],"build_version":"2020-12-22","purchased_purges":0,"victory":false,"max_hp_per_floor":[71,64,64,64,64,64,64,64,64,64,64,64],"relic_stats":{"Singing Bowl":0,"counters":[7,28],"Golden Idol":24,"Smiling Mask":0,"obtain_stats":[{"Singing Bowl":6,"Golden Idol":2,"SacredBark":0,"Cracked Core":0,"Smiling Mask":9},{"Singing Bowl":5,"Golden Idol":1,"SacredBark":0,"Cracked Core":0,"Smiling Mask":6},{"Singing Bowl":22,"Golden Idol":5,"SacredBark":0,"Cracked Core":0,"Smiling Mask":25}]},"card_choices":[{"not_picked":["Cold Snap","Heatsinks"],"picked":"Sweeping Beam","floor":1},{"not_picked":["Sweeping Beam","Rebound"],"picked":"Go for the Eyes","floor":3},{"not_picked":["Lockon","Skim"],"picked":"Streamline","floor":4},{"not_picked":["Blizzard","Redo"],"picked":"Barrage","floor":5},{"not_picked":["Ball Lightning","Conserve Battery"],"picked":"Auto Shields","floor":6},{"not_picked":["Sweeping Beam","Self Repair"],"picked":"Hologram","floor":7}],"player_experience":707398,"relics_obtained":[{"floor":6,"key":"Singing Bowl"},{"floor":9,"key":"Smiling Mask"}],"event_choices":[{"damage_healed":0,"gold_gain":0,"player_choice":"Lose Max HP","damage_taken":0,"relics_obtained":["Golden Idol"],"max_hp_gain":0,"max_hp_loss":7,"event_name":"Golden Idol","floor":2,"gold_loss":0}],"is_beta":false,"boss_relics":[],"items_purged_floors":[],"is_endless":false,"potions_floor_spawned":[4,5,6],"killed_by":"Gremlin Nob","ascension_level":20}}