{"host":"42xf941fomyavgzy","time":1611844377,"event":{"mods":["Act Like it!","BaseMod","Colored Map","KinomotoSakuraMod(–Ø”V–{?)","Minty Spire (QoL Compilation)","Shop Mod","StSLib","SuperFastMode","The Cursed"],"gold_per_floor":[111,131,206,220,220,252,252,283,283,33,33,58,84,93,93,228,228,258,287,22,22,45,45,45,45],"floor_reached":24,"language":"JPN","playtime":1276,"items_purged":["Strike_R","Strike_R"],"score":278,"play_id":"12a024df-3d39-4e29-93da-63792bbbdbaa","local_time":"20210128233257","is_ascension_mode":true,"campfire_choices":[{"data":"Enlightenment","floor":7,"key":"SMITH"},{"floor":11,"key":"REST"},{"data":"True Grit","floor":15,"key":"SMITH"},{"data":"Demon Form","floor":23,"key":"SMITH"}],"circlet_count":0,"master_deck":["Strike_R","Strike_R","Strike_R","Defend_R","Defend_R","Defend_R","Defend_R","Bash","Enlightenment+1","Clothesline","Twin Strike","Headbutt","Hemokinesis","True Grit+1","Spot Weakness","Rupture","Second Wind","Injury","Demon Form+1","Disarm","Cleave","Evolve"],"relics":["Burning Blood","HornCleat","The Courier","Oddly Smooth Stone","Ornamental Fan","CeramicFish","Golden Idol","Philosopher\u0027s Stone","Happy Flower"],"acts_visited":["Exordium","TheCity"],"potions_floor_usage":[6,16,19,22,22],"damage_taken":[{"damage":6,"enemies":"Small Slimes","floor":1,"turns":3},{"damage":11,"enemies":"Jaw Worm","floor":2,"turns":5},{"damage":6,"enemies":"2 Louse","floor":4,"turns":3},{"damage":20,"enemies":"3 Sentries","floor":6,"turns":5},{"damage":23,"enemies":"Gremlin Nob","floor":8,"turns":4},{"damage":5,"enemies":"Looter","floor":12,"turns":2},{"damage":2,"enemies":"2 Fungi Beasts","floor":13,"turns":2},{"damage":38,"enemies":"Slime Boss","floor":16,"turns":7},{"damage":18,"enemies":"Shell Parasite","floor":18,"turns":5},{"damage":30,"enemies":"3 Byrds","floor":19,"turns":7},{"damage":24,"enemies":"Snake Plant","floor":22,"turns":5},{"damage":44,"enemies":"Snecko","floor":24,"turns":5}],"seed_played":"-1007049129070893163","potions_obtained":[{"floor":4,"key":"Explosive Potion"},{"floor":12,"key":"SteroidPotion"},{"floor":16,"key":"FearPotion"},{"floor":18,"key":"SteroidPotion"}],"is_trial":false,"path_per_floor":["M","M","?","M","?","E","R","E","T","$","R","M","M","?","R","B",null,"M","M","$","?","M","R","M"],"character_chosen":"IRONCLAD","items_purchased":["True Grit","CeramicFish","Spot Weakness","Happy Flower","Strength Potion","Evolve"],"campfire_rested":1,"item_purchase_floors":[10,10,10,20,20,20],"current_hp_per_floor":[72,67,56,56,53,39,39,22,22,22,46,47,51,51,51,19,65,53,29,29,55,37,37,0,0],"gold":45,"neow_bonus":"RANDOM_COLORLESS","is_daily":false,"chose_seed":false,"campfire_upgraded":3,"win_rate":0.0,"timestamp":1611844377,"path_taken":["M","M","?","M","?","E","R","E","T","?","R","M","M","?","R","BOSS","M","M","$","?","M","R","M"],"items_purchased_type":["Card","Relic","Card","Relic","Potion","Card"],"build_version":"2020-12-22","purchased_purges":2,"victory":false,"max_hp_per_floor":[80,80,80,80,80,80,80,80,80,80,80,80,80,80,80,80,80,80,80,80,80,80,80,80,80],"card_choices":[{"not_picked":["Dramatic Entrance","Trip"],"picked":"Enlightenment","floor":0},{"not_picked":["Second Wind","Evolve"],"picked":"Clothesline","floor":1},{"not_picked":["Wild Strike","Dropkick"],"picked":"Twin Strike","floor":2},{"not_picked":["Warcry","Combust"],"picked":"Headbutt","floor":4},{"not_picked":["Metallicize","Armaments"],"picked":"Hemokinesis","floor":6},{"not_picked":["Clash","Searing Blow","Sword Boomerang"],"picked":"SKIP","floor":8},{"not_picked":["Headbutt","Evolve"],"picked":"Rupture","floor":12},{"not_picked":["Perfected Strike","Body Slam"],"picked":"Second Wind","floor":13},{"not_picked":["Juggernaut","Limit Break"],"picked":"Demon Form","floor":16},{"not_picked":["Hemokinesis","Body Slam"],"picked":"Disarm","floor":18},{"not_picked":["Intimidate+1","Spot Weakness+1"],"picked":"Cleave","floor":19},{"not_picked":["Rampage+1","True Grit","Armaments"],"picked":"SKIP","floor":22}],"player_experience":432037,"relics_obtained":[{"floor":6,"key":"The Courier"},{"floor":8,"key":"Oddly Smooth Stone"},{"floor":9,"key":"Ornamental Fan"}],"event_choices":[{"damage_healed":0,"gold_gain":75,"player_choice":"Gather Gold","damage_taken":11,"max_hp_gain":0,"max_hp_loss":0,"event_name":"World of Goop","floor":3,"gold_loss":0},{"damage_healed":0,"gold_gain":0,"player_choice":"Success","damage_taken":3,"relics_obtained":["HornCleat"],"max_hp_gain":0,"max_hp_loss":0,"event_name":"Scrap Ooze","floor":5,"gold_loss":0},{"damage_healed":0,"gold_gain":0,"player_choice":"Take Wound","damage_taken":0,"relics_obtained":["Golden Idol"],"max_hp_gain":0,"max_hp_loss":0,"event_name":"Golden Idol","floor":14,"gold_loss":0,"cards_obtained":["Injury"]},{"damage_healed":26,"gold_gain":0,"player_choice":"Heal","damage_taken":0,"max_hp_gain":0,"max_hp_loss":0,"event_name":"The Library","floor":21,"gold_loss":0}],"is_beta":false,"boss_relics":[{"not_picked":["Black Star","Calling Bell"],"picked":"Philosopher\u0027s Stone"}],"items_purged_floors":[10,20],"is_endless":false,"potions_floor_spawned":[4,12,16,18],"killed_by":"Snecko","ascension_level":7}}