{"host":"52jmisti11ysmja4","time":1611798070,"event":{"mods":["Aspiration","BaseMod","Better Third Choice","Minty Spire (QoL Compilation)","Remove Card Discount Mod","StSLib","The Bug Knight","The Marked"],"gold_per_floor":[114,114,129,143,160,188,201,201,201],"floor_reached":8,"language":"ENG","playtime":436,"items_purged":[],"score":63,"play_id":"bf7933fd-6004-4c6c-b6f4-722d7cf98c03","local_time":"20210127174110","is_ascension_mode":true,"campfire_choices":[],"circlet_count":0,"master_deck":["theMarked:Strike","theMarked:Strike","theMarked:Strike","theMarked:Strike","theMarked:Strike","theMarked:Defend","theMarked:Defend","theMarked:Defend","theMarked:SoldierOfQuellstein","Secret Weapon","theMarked:PowerFlow","theMarked:PowerFlow","theMarked:SwordAndMagic","theMarked:Maelstrom","theMarked:GodGivenPower","theMarked:PowerFlow"],"relics":["theMarked:ArtifactOfAir","Mummified Hand"],"acts_visited":["Exordium"],"potions_floor_usage":[6,6],"damage_taken":[{"damage":6,"enemies":"2 Louse","floor":1,"turns":2},{"damage":1,"enemies":"Cultist","floor":3,"turns":3},{"damage":1,"enemies":"Jaw Worm","floor":4,"turns":3},{"damage":12,"enemies":"3 Louse","floor":5,"turns":3},{"damage":14,"enemies":"Gremlin Nob","floor":6,"turns":3},{"damage":5,"enemies":"Looter","floor":7,"turns":4},{"damage":0,"enemies":"HollowMod:MossKnight","floor":8,"turns":1}],"seed_played":"5959836826279944061","potions_obtained":[{"floor":3,"key":"ColorlessPotion"},{"floor":4,"key":"CultistPotion"},{"floor":6,"key":"Dexterity Potion"},{"floor":7,"key":"SmokeBomb"}],"is_trial":false,"path_per_floor":["M","?","M","M","M","E","M","E"],"character_chosen":"THE_DEFAULT","items_purchased":[],"campfire_rested":0,"item_purchase_floors":[],"current_hp_per_floor":[57,57,56,55,43,29,24,24,24],"gold":201,"neow_bonus":"RANDOM_COLORLESS_2","is_daily":false,"chose_seed":false,"campfire_upgraded":0,"win_rate":0.0,"timestamp":1611798070,"path_taken":["M","?","M","M","?","E","M","E"],"items_purchased_type":[],"build_version":"2020-12-22","purchased_purges":0,"victory":false,"max_hp_per_floor":[63,63,63,63,63,63,63,63,63],"card_choices":[{"not_picked":["Mayhem","Thinking Ahead"],"picked":"Secret Weapon","floor":0},{"not_picked":["theMarked:ResourceFulStrike","theMarked:Improvise"],"picked":"theMarked:PowerFlow","floor":1},{"not_picked":["theMarked:ContemptForTheProud","theMarked:Electrify"],"picked":"theMarked:PowerFlow","floor":3},{"not_picked":["theMarked:KeepCalmAndFight","theMarked:AttractMetal"],"picked":"theMarked:SwordAndMagic","floor":4},{"not_picked":["theMarked:Memento","theMarked:Parkour"],"picked":"theMarked:Maelstrom","floor":5},{"not_picked":["theMarked:ChainLightning","theMarked:HeightenedSenses"],"picked":"theMarked:GodGivenPower","floor":6},{"not_picked":["theMarked:Improvise","theMarked:Parry"],"picked":"theMarked:PowerFlow","floor":7}],"player_experience":595448,"relics_obtained":[{"floor":6,"key":"Mummified Hand"}],"event_choices":[{"cards_removed":["theMarked:Defend"],"damage_healed":0,"gold_gain":0,"player_choice":"Purged","damage_taken":0,"max_hp_gain":0,"max_hp_loss":0,"event_name":"Purifier","floor":2,"gold_loss":0}],"is_beta":false,"boss_relics":[],"items_purged_floors":[],"is_endless":false,"potions_floor_spawned":[3,4,6,7],"killed_by":"HollowMod:MossKnight","ascension_level":1}}