{"host":"c3lc60y5x60jlt1y","time":1611823979,"event":{"mods":["AchievementEnabler","BaseMod","Bestiary","Colored Map","Minty Spire (QoL Compilation)","Quick Restart","StSLib","ojb\u0027s Info Mod"],"gold_per_floor":[110,110,73,85,85,118,137,163,163,163,88,88,102,135,135,208,208,223,313,326,343,343,343,343,343],"floor_reached":24,"language":"ENG","playtime":2460,"items_purged":["Strike_R"],"score":478,"play_id":"153d3153-8be0-474c-8f79-7204196ca06a","local_time":"20210128105259","is_ascension_mode":true,"campfire_choices":[{"data":"Armaments","floor":10.0,"key":"SMITH"},{"data":"Body Slam","floor":12.0,"key":"SMITH"},{"data":"Rampage","floor":15.0,"key":"SMITH"},{"data":"Ghostly","floor":23.0,"key":"SMITH"}],"circlet_count":0,"master_deck":["AscendersBane","Strike_R","Strike_R","Strike_R+1","Strike_R","Defend_R+1","Defend_R","Defend_R","Defend_R","Bash","Disarm","Fire Breathing","Shrug It Off","Body Slam+1","Armaments+1","Flex","Rampage+1","Iron Wave","Fiend Fire","Sentinel","Good Instincts","Shrug It Off","Battle Trance","Ghostly+1","Ghostly","Ghostly"],"relics":["Burning Blood","NeowsBlessing","Thread and Needle","Bottled Tornado","Pear","Tiny Chest","Mark of Pain"],"acts_visited":["Exordium","TheCity"],"potions_floor_usage":[24],"damage_taken":[{"damage":0.0,"enemies":"Small Slimes","floor":1.0,"turns":1.0},{"damage":0.0,"enemies":"Jaw Worm","floor":4.0,"turns":1.0},{"damage":0.0,"enemies":"Lagavulin","floor":6.0,"turns":1.0},{"damage":0.0,"enemies":"Cultist","floor":7.0,"turns":4.0},{"damage":3.0,"enemies":"3 Sentries","floor":8.0,"turns":6.0},{"damage":2.0,"enemies":"Large Slime","floor":13.0,"turns":6.0},{"damage":23.0,"enemies":"Lagavulin","floor":14.0,"turns":7.0},{"damage":41.0,"enemies":"Slime Boss","floor":16.0,"turns":9.0},{"damage":0.0,"enemies":"Chosen","floor":18.0,"turns":4.0},{"damage":22.0,"enemies":"3 Byrds","floor":20.0,"turns":7.0},{"damage":22.0,"enemies":"Snake Plant","floor":21.0,"turns":4.0},{"damage":43,"enemies":"Gremlin Leader","floor":24,"turns":10}],"seed_played":"-1368366281709678807","potions_obtained":[{"floor":1.0,"key":"EntropicBrew"},{"floor":7.0,"key":"PowerPotion"},{"floor":14.0,"key":"AttackPotion"},{"floor":21.0,"key":"Fire Potion"}],"is_trial":false,"path_per_floor":["M","?","$","M","?","E","M","E","T","R","$","R","M","E","R","B",null,"M","?","M","M","?","R","E"],"character_chosen":"IRONCLAD","items_purchased":["Fire Breathing"],"campfire_rested":0,"item_purchase_floors":[3],"current_hp_per_floor":[74,51,51,57,62,68,74,77,87,87,87,87,90,73,73,56,82,88,64,48,32,32,32,0,0],"gold":343,"neow_bonus":"THREE_ENEMY_KILL","is_daily":false,"chose_seed":false,"campfire_upgraded":4,"win_rate":0.0,"timestamp":1611823979,"path_taken":["M","?","$","M","?","E","M","E","T","R","?","R","M","E","R","BOSS","M","?","?","M","?","R","E"],"items_purchased_type":["Card"],"build_version":"2020-12-22","purchased_purges":1,"victory":false,"max_hp_per_floor":[75,75,75,75,80,80,80,80,90,90,90,90,90,90,90,90,90,90,90,90,90,45,45,45,45],"card_choices":[{"not_picked":["Iron Wave","Reckless Charge"],"picked":"Disarm","floor":1.0},{"not_picked":["Rupture","Heavy Blade"],"picked":"Shrug It Off","floor":4.0},{"not_picked":["Shrug It Off","Clash"],"picked":"Body Slam","floor":6.0},{"not_picked":["Iron Wave","Headbutt"],"picked":"Armaments","floor":7.0},{"not_picked":["Flex","Dropkick","Twin Strike"],"picked":"SKIP","floor":8.0},{"not_picked":["Dropkick","Twin Strike"],"picked":"Flex","floor":8.0},{"not_picked":["Hemokinesis","Limit Break"],"picked":"Rampage","floor":13.0},{"not_picked":["Fire Breathing","Rupture"],"picked":"Iron Wave","floor":14.0},{"not_picked":["Brutality","Berserk"],"picked":"Fiend Fire","floor":16.0},{"not_picked":["Hemokinesis","Iron Wave"],"picked":"Sentinel","floor":18.0},{"not_picked":["Combust","Twin Strike"],"picked":"Shrug It Off","floor":20.0},{"not_picked":["Body Slam","Ghostly Armor"],"picked":"Battle Trance","floor":21.0}],"player_experience":8707913,"relics_obtained":[{"floor":6.0,"key":"Thread and Needle"},{"floor":8.0,"key":"Bottled Tornado"},{"floor":9.0,"key":"Pear"},{"floor":14.0,"key":"Tiny Chest"}],"event_choices":[{"damage_healed":0.0,"max_hp_gain":0.0,"max_hp_loss":0.0,"gold_gain":0.0,"event_name":"Shining Light","player_choice":"Entered Light","floor":2.0,"gold_loss":0.0,"damage_taken":23.0,"cards_upgraded":["Defend_R","Strike_R"]},{"damage_healed":0.0,"max_hp_gain":5.0,"max_hp_loss":0.0,"gold_gain":0.0,"event_name":"Big Fish","player_choice":"Donut","floor":5.0,"gold_loss":0.0,"damage_taken":0.0},{"damage_healed":0.0,"max_hp_gain":0.0,"max_hp_loss":0.0,"gold_gain":90.0,"event_name":"Knowing Skull","player_choice":"POTION GOLD CARD ","floor":19.0,"potions_obtained":["BlessingOfTheForge"],"gold_loss":0.0,"damage_taken":24.0,"cards_obtained":["Good Instincts"]},{"damage_healed":0.0,"max_hp_gain":0.0,"max_hp_loss":45.0,"gold_gain":0.0,"event_name":"Ghosts","player_choice":"Became a Ghost","floor":22.0,"gold_loss":0.0,"damage_taken":0.0,"cards_obtained":["Ghostly","Ghostly","Ghostly"]}],"is_beta":false,"boss_relics":[{"not_picked":["Black Blood","Busted Crown"],"picked":"Mark of Pain"}],"items_purged_floors":[11],"is_endless":false,"potions_floor_spawned":[1,7,14,21],"killed_by":"Gremlin Leader","ascension_level":20}}