{"host":"xenpv6dj5x1yxp66","time":1611863919,"event":{"mods":["AchievementEnabler","Aspiration","BaseMod","Better Altar","Better Sensory Stone","Better Skull","Better Third Choice","BetterRewards","Colored Map","Colored Powertips","Conspire","Downfall","Highlight Path","Hubris","Marisa????????","Minty Spire (QoL Compilation)","Quick Restart","READ ME - Guardian Mod","Replay The Spire","Shade Mod","StSLib","The Animator","The Bug Knight","The Construct","The Cursed","The Disciple","The Necromancer","The Runesmith","The Servant 0.9.4"],"gold_per_floor":[110,121,121,121,121,121,139,159,159,186,204,217,234,249,249,350,350,369,369,329,347,359,390,390,401,401,401,418,418,25,44,44,142,142,159,175,230,230],"floor_reached":37,"language":"ENG","playtime":2968,"items_purged":[],"score":547,"play_id":"6e44fc5c-2bdf-4707-b6b3-31460359b1e4","local_time":"20210128205839","is_ascension_mode":false,"campfire_choices":[{"data":"expansioncontent:BronzeBeam","floor":6.0,"key":"SMITH"},{"floor":15.0,"key":"REST"},{"data":"RitualDagger","floor":24.0,"key":"SMITH"},{"data":"MoonPhase","floor":27.0,"key":"SMITH"},{"data":"Duplication","floor":29.0,"key":"SMITH"},{"data":"Barrier","floor":32.0,"key":"SMITH"}],"circlet_count":0,"master_deck":["Strike_S","Strike_S","Strike_S","Strike_S","Defend_S","Defend_S","Defend_S","Defend_S","KidneyShot","Exchange","Madness+1","Rearm","DoubleEdge","Deep Breath","Revamp","GearUp","SpecialFormula","Barrier+1","Starlight","Solidify","ShatteredReality","Embodiment+1","Spin","RitualDagger+1","Potential+1","BottledTime+1","Duplication+1","MoonPhase+1","Ricochet+1","Replace+1","Dilation","Moonlight","Moonlight+1"],"relics":["Uniform","NlothsMask","conspire:Boomerang","hubris:GrandSneckoEye","hubris:Potato","PreservedInsect","Kunai","Strange Spoon","Honey Jar","hubris:GlazedTorus"],"acts_visited":["Exordium","TheCity","TheBeyond"],"potions_floor_usage":[],"damage_taken":[{"damage":0.0,"enemies":"Cultist","floor":1.0,"turns":4.0},{"damage":7.0,"enemies":"Small Slimes","floor":2.0,"turns":4.0},{"damage":7.0,"enemies":"2 Louse","floor":7.0,"turns":3.0},{"damage":0.0,"enemies":"Looter","floor":8.0,"turns":3.0},{"damage":27.0,"enemies":"Gremlin Nob","floor":10.0,"turns":5.0},{"damage":9.0,"enemies":"Exordium Thugs","floor":11.0,"turns":5.0},{"damage":0.0,"enemies":"2 Fungi Beasts","floor":12.0,"turns":4.0},{"damage":0.0,"enemies":"Exordium Wildlife","floor":13.0,"turns":3.0},{"damage":0.0,"enemies":"Red Slaver","floor":14.0,"turns":4.0},{"damage":42.0,"enemies":"Slime Boss","floor":16.0,"turns":12.0},{"damage":1.0,"enemies":"conspire:FuzzyDice","floor":18.0,"turns":5.0},{"damage":9.0,"enemies":"Chosen","floor":21.0,"turns":4.0},{"damage":6.0,"enemies":"Centurion and Healer","floor":22.0,"turns":6.0},{"damage":15.0,"enemies":"conspire:SneckoGhost","floor":23.0,"turns":5.0},{"damage":0.0,"enemies":"3 Cultists","floor":25.0,"turns":3.0},{"damage":0.0,"enemies":"conspire:HollyBat","floor":28.0,"turns":10.0},{"damage":0.0,"enemies":"Snecko","floor":31.0,"turns":5.0},{"damage":23.0,"enemies":"Pondfish","floor":33.0,"turns":10.0},{"damage":13.0,"enemies":"Orb Walker","floor":35.0,"turns":4.0},{"damage":18.0,"enemies":"3 Darklings","floor":36.0,"turns":3.0},{"damage":43.0,"enemies":"2 Orb Walkers","floor":37.0,"turns":5.0}],"seed_played":"8210627760633797275","potions_obtained":[{"floor":1.0,"key":"Block Potion"},{"floor":7.0,"key":"ColorlessPotion"},{"floor":13.0,"key":"ColorlessPotion"},{"floor":21.0,"key":"Dexterity Potion"},{"floor":22.0,"key":"Dexterity Potion"},{"floor":25.0,"key":"DistilledChaos"},{"floor":33.0,"key":"ColorlessPotion"},{"floor":36.0,"key":"Elixir"}],"is_trial":false,"path_per_floor":["M","M","?","?","?","R","M","M","T","E","M","M","M","M","R","B",null,"M","?","?","M","M","E","R","M","T","R","M","R","$","M","R","B",null,"M","M","?"],"character_chosen":"THE_SERVANT","items_purchased":["Kunai","Strange Spoon"],"campfire_rested":1,"item_purchase_floors":[30,30],"current_hp_per_floor":[65,58,58,58,58,58,51,51,51,24,20,25,30,35,54,17,65,64,58,58,54,53,43,43,48,48,48,53,53,53,53,53,30,65,57,39,9,9],"gold":230,"neow_bonus":"RANDOM_COLORLESS","is_daily":false,"chose_seed":false,"campfire_upgraded":5,"win_rate":0.0,"timestamp":1611863919,"path_taken":["M","M","?","?","?","R","M","M","T","E","M","?","M","M","R","BOSS","M","?","?","M","M","E","R","M","T","R","M","R","$","M","R","BOSS","M","M","?"],"items_purchased_type":["Relic","Relic"],"build_version":"2020-12-22","purchased_purges":0,"victory":false,"max_hp_per_floor":[65,65,65,65,65,65,65,65,65,65,65,65,65,65,65,65,65,65,65,65,65,65,65,65,65,65,65,65,65,65,65,65,65,65,65,65,65,65],"card_choices":[{"not_picked":["expansioncontent:Collect","Purity"],"picked":"expansioncontent:BronzeBeam","floor":0.0},{"not_picked":["FastForward","TimeWarp"],"picked":"Rearm","floor":1.0},{"not_picked":["Starlight","Advance"],"picked":"DoubleEdge","floor":2.0},{"not_picked":["Thinking Ahead","expansioncontent:DefensiveMode"],"picked":"Deep Breath","floor":3.0},{"not_picked":["TimeWarp","Rearm"],"picked":"Revamp","floor":7.0},{"not_picked":["Hightail","DoubleEdge"],"picked":"GearUp","floor":8.0},{"not_picked":["ShatteredReality","Unruled"],"picked":"SpecialFormula","floor":10.0},{"not_picked":["Rewind","InstantArmor"],"picked":"Barrier","floor":11.0},{"not_picked":["BottledTime","Read"],"picked":"Starlight","floor":12.0},{"not_picked":["Revamp","BottledTime"],"picked":"Solidify","floor":13.0},{"not_picked":["Ricochet","Gouge"],"picked":"ShatteredReality","floor":14.0},{"not_picked":["Duplication","MurderousAura"],"picked":"Embodiment","floor":16.0},{"not_picked":["Ricochet","Shuttle"],"picked":"Spin","floor":18.0},{"not_picked":["Shuttle","Desolation"],"picked":"Potential+1","floor":21.0},{"not_picked":["ShatteredReality","Rewind"],"picked":"BottledTime+1","floor":22.0},{"not_picked":["ReturningBlade+1","BottledTime+1"],"picked":"Duplication","floor":23.0},{"not_picked":["Rewind+1","Unruled"],"picked":"MoonPhase","floor":25.0},{"not_picked":["DoubleEdge","Snipe"],"picked":"Ricochet+1","floor":28.0},{"not_picked":["FastForward","ShatteredReality"],"picked":"Replace+1","floor":31.0},{"not_picked":["Deny","PendulumOfEternity"],"picked":"Dilation","floor":33.0},{"not_picked":["DoubleEdge","Rearm","Defy"],"picked":"Moonlight","floor":35.0},{"not_picked":["ReturningBlade","Contraction","Spin"],"picked":"Moonlight+1","floor":36.0}],"player_experience":165417,"relics_obtained":[{"floor":10.0,"key":"conspire:Boomerang"},{"floor":23.0,"key":"hubris:Potato"},{"floor":26.0,"key":"PreservedInsect"},{"floor":37,"key":"hubris:GlazedTorus"}],"event_choices":[{"damage_healed":0.0,"max_hp_gain":0.0,"max_hp_loss":0.0,"gold_gain":1.0,"event_name":"betterStone:BetterStone","player_choice":"1","floor":3.0,"gold_loss":0.0,"damage_taken":0.0},{"damage_healed":0.0,"max_hp_gain":0.0,"max_hp_loss":0.0,"gold_gain":0.0,"event_name":"conspire:Investor","player_choice":"Leave","floor":4.0,"gold_loss":0.0,"damage_taken":0.0},{"damage_healed":0.0,"max_hp_gain":0.0,"max_hp_loss":0.0,"gold_gain":0.0,"event_name":"FaceTrader","player_choice":"Trade","floor":5.0,"gold_loss":0.0,"damage_taken":0.0,"relics_obtained":["NlothsMask"]},{"damage_healed":0.0,"max_hp_gain":0.0,"max_hp_loss":0.0,"gold_gain":0.0,"event_name":"betterThird:BetterNest","player_choice":"Dagger","floor":19.0,"gold_loss":0.0,"damage_taken":6.0,"cards_obtained":["RitualDagger"]},{"damage_healed":0.0,"max_hp_gain":0.0,"max_hp_loss":0.0,"gold_gain":0.0,"event_name":"Designer","player_choice":"Upgrade","floor":20.0,"gold_loss":40.0,"damage_taken":0.0,"cards_upgraded":["Embodiment"]},{"damage_healed":0.0,"max_hp_gain":0.0,"max_hp_loss":0.0,"gold_gain":0.0,"event_name":"Mysterious Sphere","player_choice":"Fight","floor":37.0,"gold_loss":0.0,"damage_taken":0.0}],"is_beta":false,"boss_relics":[{"not_picked":["aspiration:RunicSpoon","Tiny House"],"picked":"hubris:GrandSneckoEye"},{"not_picked":["Coffee Dripper","conspire:SlowCooker"],"picked":"Honey Jar"}],"items_purged_floors":[],"is_endless":false,"potions_floor_spawned":[1,7,13,21,22,25,33,36],"ascension_level":0}}