{"host":"8pcehwtvb3b6plng","time":1611822849,"event":{"mods":["BaseMod","Minty Spire (QoL Compilation)","Replay The Spire","StSLib"],"gold_per_floor":[119,133,58,58,58,89,89,122,147,147,182,201,220,70,70,165,165,180,180,199,199,199],"floor_reached":21,"language":"ZHS","playtime":597,"items_purged":["Strike_B"],"score":333,"play_id":"bc2e0f5b-9e11-4133-8055-81e9e7f47267","local_time":"20210128163409","is_ascension_mode":true,"campfire_choices":[{"data":"Sunder","floor":10,"key":"SMITH"},{"data":"Creative AI","floor":15,"key":"SMITH"}],"circlet_count":0,"master_deck":["Strike_B","Strike_B","Defend_B","Defend_B","Defend_B","Defend_B","Zap","Dualcast","Sunder+1","Ball Lightning","Creative AI+1","Panic Button","Pot Of Greed","Pot Of Greed","White Noise","White Noise","Force Field","Amplify","Hologram+1","Panic Button"],"relics":["Cracked Core","NeowsBlessing","Blood Vial","StoneCalendar","Grinning Jar","Regal Pillow","Replay:Rubber Ducky","Black Star"],"acts_visited":["Exordium","TheCity"],"potions_floor_usage":[11,13,20],"damage_taken":[{"damage":0,"enemies":"Jaw Worm","floor":1,"turns":1},{"damage":0,"enemies":"Cultist","floor":2,"turns":1},{"damage":0,"enemies":"3 Sentries","floor":6,"turns":1},{"damage":32,"enemies":"Gremlin Nob","floor":8,"turns":4},{"damage":0,"enemies":"3 Sentries","floor":11,"turns":4},{"damage":0,"enemies":"2 Louse","floor":12,"turns":2},{"damage":11,"enemies":"Looter","floor":13,"turns":2},{"damage":13,"enemies":"Hexaghost","floor":16,"turns":9},{"damage":26,"enemies":"2 Thieves","floor":18,"turns":4},{"damage":13,"enemies":"Chosen","floor":20,"turns":7},{"damage":22,"enemies":"Snake Plant","floor":21,"turns":3}],"seed_played":"3897355516009056090","potions_obtained":[{"floor":2,"key":"Adrenaline Potion"},{"floor":11,"key":"Energy Potion"},{"floor":13,"key":"Fruit Juice"},{"floor":16,"key":"SneckoOil"},{"floor":20,"key":"Block Potion"}],"is_trial":false,"path_per_floor":["M","M","$","?","$","E","?","E","T","R","E","M","M","$","R","B",null,"M","?","M","M"],"character_chosen":"DEFECT","items_purchased":["Replay:Rubber Ducky"],"campfire_rested":0,"item_purchase_floors":[14],"current_hp_per_floor":[68,68,68,68,68,68,61,31,31,31,33,35,31,31,31,20,65,41,26,15,0,0],"gold":199,"neow_bonus":"THREE_ENEMY_KILL","is_daily":false,"chose_seed":false,"campfire_upgraded":2,"win_rate":0.0,"timestamp":1611822849,"path_taken":["M","M","$","?","?","E","?","E","T","R","E","M","M","$","R","BOSS","M","?","M","M"],"items_purchased_type":["Relic"],"build_version":"2020-12-22","purchased_purges":1,"victory":false,"max_hp_per_floor":[75,75,75,75,75,75,75,75,75,75,75,75,80,80,80,80,80,80,85,85,85,85],"card_choices":[{"not_picked":["Barrage","Coolheaded"],"picked":"Sunder","floor":1},{"not_picked":["Go for the Eyes","Rebound"],"picked":"Ball Lightning","floor":2},{"not_picked":["Recycle","White Noise"],"picked":"Creative AI","floor":6},{"not_picked":["Go for the Eyes","Skim"],"picked":"Panic Button","floor":8},{"not_picked":["Undo","Darkness"],"picked":"White Noise","floor":11},{"not_picked":["Loop","Turbo"],"picked":"White Noise","floor":12},{"not_picked":["Stack","Sunder"],"picked":"Force Field","floor":13},{"not_picked":["Buffer","Mirror Shield"],"picked":"Amplify","floor":16},{"not_picked":["Sweeping Beam","Conserve Battery+1"],"picked":"Hologram+1","floor":18},{"not_picked":["Streamline+1","BootSequence"],"picked":"Panic Button","floor":20}],"player_experience":158625,"relics_obtained":[{"floor":6,"key":"Blood Vial"},{"floor":8,"key":"StoneCalendar"},{"floor":9,"key":"Grinning Jar"},{"floor":11,"key":"Regal Pillow"}],"event_choices":[{"damage_healed":0,"gold_gain":0,"player_choice":"Bought 0 Potions","damage_taken":0,"max_hp_gain":0,"max_hp_loss":0,"event_name":"The Woman in Blue","floor":4,"gold_loss":0},{"cards_removed":["Strike_B"],"damage_healed":0,"gold_gain":0,"player_choice":"Card Removal","damage_taken":7,"max_hp_gain":0,"max_hp_loss":0,"event_name":"Golden Wing","floor":7,"gold_loss":0},{"damage_healed":0,"gold_gain":0,"player_choice":"Shed Blood","damage_taken":20,"max_hp_gain":5,"max_hp_loss":0,"event_name":"Forgotten Altar","floor":19,"gold_loss":0}],"is_beta":false,"boss_relics":[{"not_picked":["Nuclear Battery","Replay:Wanted Poster"],"picked":"Black Star"}],"items_purged_floors":[3],"is_endless":false,"potions_floor_spawned":[2,11,13,16,20],"killed_by":"Snake Plant","ascension_level":7}}