{"host":"7gewg82ormp6yt4e","time":1611834589,"event":{"mods":["BaseMod","Block Reminder","Colored Map","DeckTracker","Highlight Path","Minty Spire (QoL Compilation)","Relic Stats","StSLib","ojb\u0027s Info Mod"],"gold_per_floor":[111,111,27,40,40,68,68,95,120,120,130,145,165,185,185,259,259,279,239,239],"floor_reached":19,"language":"JPN","playtime":857,"items_purged":[],"score":408,"play_id":"16a2d3af-596a-4838-83f2-23a6806e0930","local_time":"20210128204949","is_ascension_mode":true,"campfire_choices":[{"data":"Rip and Tear","floor":7,"key":"SMITH"},{"data":"Defragment","floor":10,"key":"SMITH"},{"data":"Rip and Tear","floor":15,"key":"SMITH"}],"circlet_count":0,"master_deck":["AscendersBane","Strike_B","Strike_B","Strike_B","Defend_B","Defend_B","Defend_B","Defend_B","Zap","Dualcast","Rip and Tear+1","Creative AI","Rip and Tear+1","Defragment+1","Sweeping Beam","Skim","Seek","BootSequence","White Noise","Electrodynamics","Cold Snap"],"relics":["Cracked Core","NeowsBlessing","Ancient Tea Set","Omamori","Bag of Marbles","Philosopher\u0027s Stone"],"acts_visited":["Exordium","TheCity"],"potions_floor_usage":[8,13,16,19],"damage_taken":[{"damage":0,"enemies":"2 Louse","floor":1,"turns":1},{"damage":0,"enemies":"Cultist","floor":4,"turns":1},{"damage":0,"enemies":"Lagavulin","floor":6,"turns":1},{"damage":11,"enemies":"Gremlin Nob","floor":8,"turns":3},{"damage":7,"enemies":"Jaw Worm","floor":11,"turns":2},{"damage":3,"enemies":"Blue Slaver","floor":12,"turns":3},{"damage":5,"enemies":"Exordium Thugs","floor":13,"turns":3},{"damage":0,"enemies":"3 Louse","floor":14,"turns":3},{"damage":15,"enemies":"Hexaghost","floor":16,"turns":8},{"damage":51,"enemies":"Shell Parasite","floor":18,"turns":8},{"damage":9,"enemies":"2 Thieves","floor":19,"turns":1}],"seed_played":"-6168309969933329097","potions_obtained":[{"floor":1,"key":"EssenceOfDarkness"},{"floor":4,"key":"Ancient Potion"},{"floor":13,"key":"Block Potion"},{"floor":14,"key":"Explosive Potion"},{"floor":16,"key":"Dexterity Potion"}],"is_trial":false,"path_per_floor":["M","?","$","M","$","E","R","E","T","R","M","M","M","M","R","B",null,"M","M"],"character_chosen":"DEFECT","items_purchased":["Rip and Tear"],"campfire_rested":0,"item_purchase_floors":[3],"current_hp_per_floor":[64,64,64,64,64,64,64,53,53,53,46,43,38,38,38,23,59,8,0,0],"gold":239,"neow_bonus":"THREE_ENEMY_KILL","is_daily":false,"chose_seed":false,"campfire_upgraded":3,"win_rate":0.0,"timestamp":1611834589,"path_taken":["M","?","$","?","$","E","R","E","T","R","M","M","M","M","R","BOSS","M","M"],"items_purchased_type":["Card"],"build_version":"2020-12-22","purchased_purges":0,"victory":false,"max_hp_per_floor":[71,71,71,71,71,71,71,71,71,71,71,71,71,71,71,71,71,71,71,71],"relic_stats":{"counters":[11,34],"obtain_stats":[{"NeowsBlessing":0,"Philosopher\u0027s Stone":17,"Omamori":8,"Bag of Marbles":9,"Cracked Core":0,"Ancient Tea Set":6},{"NeowsBlessing":0,"Philosopher\u0027s Stone":9,"Omamori":4,"Bag of Marbles":4,"Cracked Core":0,"Ancient Tea Set":3},{"NeowsBlessing":0,"Philosopher\u0027s Stone":25,"Omamori":6,"Bag of Marbles":6,"Cracked Core":0,"Ancient Tea Set":3}]},"card_choices":[{"not_picked":["Consume","Streamline"],"picked":"Rip and Tear","floor":1},{"not_picked":["Melter","Tempest"],"picked":"Defragment","floor":4},{"not_picked":["Redo","Skim"],"picked":"Sweeping Beam","floor":6},{"not_picked":["Reprogram","Rebound"],"picked":"Skim","floor":8},{"not_picked":["Conserve Battery","Lockon"],"picked":"Seek","floor":11},{"not_picked":["Hologram","Rebound"],"picked":"BootSequence","floor":12},{"not_picked":["Compile Driver","Go for the Eyes","Rebound"],"picked":"SKIP","floor":13},{"not_picked":["Leap","Steam Power"],"picked":"White Noise","floor":14},{"not_picked":["Seek","Reboot"],"picked":"Electrodynamics","floor":16},{"not_picked":["Ball Lightning","BootSequence"],"picked":"Cold Snap","floor":18}],"player_experience":2710960,"relics_obtained":[{"floor":6,"key":"Ancient Tea Set"},{"floor":8,"key":"Omamori"},{"floor":9,"key":"Bag of Marbles"}],"event_choices":[{"damage_healed":0,"gold_gain":0,"cards_transformed":["Strike_B"],"player_choice":"Transformed","damage_taken":0,"max_hp_gain":0,"max_hp_loss":0,"event_name":"Transmorgrifier","floor":2,"gold_loss":0,"cards_obtained":["Creative AI"]}],"is_beta":false,"boss_relics":[{"not_picked":["Busted Crown","Empty Cage"],"picked":"Philosopher\u0027s Stone"}],"items_purged_floors":[],"is_endless":false,"potions_floor_spawned":[1,4,13,14,16],"killed_by":"2 Thieves","ascension_level":20}}