{"host":"56d873i5r3uhle0q","time":1611804862,"event":{"mods":["100% Spire Juice","Act Like it!","Aspiration","BaseMod","Block Reminder","Conspire","Dota2Spire","Downfall","Gensokyo","Hermit","Hubris","Infinite Spire","Jedi Mod","Lobotomy","LobotomyExtend","Marisa????????","Marked Mod","Minty Spire (QoL Compilation)","Reliquary","Replay The Spire","StSLib","The Animator","The Bug Knight","The Cursed","The Marked","The Servant 0.9.4","everything is the same but u backflip on backflip","??????REMEMod"],"gold_per_floor":[118,118,131,31,31,31,44,44,120,120,120,133,133,164,164,266,266,286,321,321,321,321],"floor_reached":21,"language":"ENG","playtime":2008,"items_purged":[],"score":325,"play_id":"5b72bbf7-568b-4073-9ee1-57e4d5cf6b08","local_time":"20210127203422","is_ascension_mode":false,"campfire_choices":[{"data":"Noxious Fumes","floor":6,"key":"SMITH"},{"data":"Poison Darts","floor":8,"key":"SMITH"},{"data":"ReplayTheSpireMod:Scrap Shanks","floor":10,"key":"SMITH"},{"data":"Survivor","floor":13,"key":"SMITH"},{"data":"jedi:collectorvenom","floor":15,"key":"SMITH"}],"circlet_count":0,"master_deck":["Strike_G","Strike_G","Strike_G","Strike_G","Strike_G","Defend_G","Defend_G","Defend_G","Defend_G","Defend_G","Survivor+1","Neutralize","Noxious Fumes+1","SpiderBud","ReplayTheSpireMod:Scrap Shanks+1","QueenOfHatred","Poison Darts+1","Clumsy","WhitesApple","jedi:collectorvenom+1","Parasite","Scorched","Alriune","Parasite","BlackSwan","Parasite","GalaxyChild","Parasite"],"relics":["Ring of the Snake","REME_ComplimentaryCards","CogitoBucket","LetterFromLob","reliquary:BoilingFlask","Dota2Spire:MonkeyKingBar","Gensokyo:NagashiBinaDoll","aspiration:TomeofQuesting","hubris:Stopwatch","SkinProphecy","conspire:TopHat"],"acts_visited":["Gensokyo:Gensokyo","Gensokyo:Gensokyoer"],"potions_floor_usage":[21,21,21],"damage_taken":[{"damage":5,"enemies":"Gensokyo:3_Fairies","floor":1,"turns":5},{"damage":1,"enemies":"Gensokyo:Python","floor":3,"turns":4},{"damage":3,"enemies":"Gensokyo:2_Kodama","floor":7,"turns":4},{"damage":0,"enemies":"Gensokyo:VengefulSpirit","floor":12,"turns":3},{"damage":0,"enemies":"Gensokyo:Mamizou","floor":14,"turns":4},{"damage":18,"enemies":"Gensokyo:Reimu","floor":16,"turns":6},{"damage":23,"enemies":"Gensokyo:AngelMirror","floor":18,"turns":3},{"damage":45,"enemies":"conspire:MimicChest","floor":19,"turns":6},{"damage":13,"enemies":"Gensokyo:CosmicMonolith","floor":21,"turns":3}],"seed_played":"-1374832229204305348","potions_obtained":[{"floor":1,"key":"Adrenaline Potion"},{"floor":3,"key":"Block Potion"},{"floor":12,"key":"Adrenaline Potion"}],"is_trial":false,"path_per_floor":["M","$","M","?","?","R","M","R","T","R","?","M","R","E","R","B",null,"M","?","$","M"],"character_chosen":"THE_SILENT","items_purchased":[],"campfire_rested":0,"item_purchase_floors":[],"current_hp_per_floor":[65,65,64,64,64,64,61,61,61,61,61,67,67,70,70,52,70,53,10,10,0,0],"gold":321,"neow_bonus":"","is_daily":false,"chose_seed":false,"campfire_upgraded":5,"win_rate":0.0,"timestamp":1611804862,"path_taken":["M","$","M","?","?","R","M","R","T","R","?","M","R","E","R","BOSS","M","?","$","M"],"items_purchased_type":[],"build_version":"2020-12-22","purchased_purges":0,"victory":false,"max_hp_per_floor":[70,70,70,70,70,70,70,70,70,70,70,70,70,70,70,70,70,70,72,72,74,74],"card_choices":[{"not_picked":["MeatLantern","WallGazer"],"picked":"SpiderBud","floor":1},{"not_picked":["Dagger Spray","Prepared"],"picked":"ReplayTheSpireMod:Scrap Shanks","floor":1},{"not_picked":["ShyLook","DespairKnight","CherryBlossoms"],"picked":"Singing Bowl","floor":3},{"not_picked":["Leg Sweep","Eviscerate","Setup"],"picked":"SKIP","floor":3},{"not_picked":["BigBird","Bloodbath"],"picked":"QueenOfHatred","floor":7},{"not_picked":["Outmaneuver","Deflect"],"picked":"Poison Darts","floor":7},{"not_picked":["Murderer","LittleHelper"],"picked":"WhitesApple","floor":12},{"not_picked":["PiercingWail","jedi:pocketpoison"],"picked":"jedi:collectorvenom","floor":12},{"not_picked":["UniverseFragment","ShyLook","PunishingBird"],"picked":"Singing Bowl","floor":14},{"not_picked":["MHz","BeautyBeast"],"picked":"Scorched","floor":14},{"not_picked":["jedi:pocketpoison","Dodge and Roll"],"picked":"jedi:collectorvenom","floor":14},{"not_picked":["BeautyBeast","Laetitia"],"picked":"Alriune","floor":16},{"not_picked":["Bullet Time","jedi:brewingpoison"],"picked":"jedi:collectorvenom+1","floor":16},{"not_picked":["QueenBee","UniverseFragment"],"picked":"BlackSwan","floor":18},{"not_picked":["Quick Slash","Underhanded Strike","Sucker Punch"],"picked":"SKIP","floor":18},{"not_picked":["Freischutz","Yin"],"picked":"GalaxyChild","floor":19},{"not_picked":["Replay:Poison Smokescreen","Dodge and Roll"],"picked":"jedi:collectorvenom+1","floor":19}],"player_experience":670783,"relics_obtained":[{"floor":1,"key":"LetterFromLob"},{"floor":9,"key":"Dota2Spire:MonkeyKingBar"},{"floor":14,"key":"aspiration:TomeofQuesting"},{"floor":19,"key":"conspire:TopHat"}],"event_choices":[],"is_beta":false,"boss_relics":[{"not_picked":["ReplayTheSpireMod:DimensionalGlitch","aspiration:WatcherSkillbook"],"picked":"hubris:Stopwatch"}],"items_purged_floors":[],"is_endless":false,"potions_floor_spawned":[1,3,12,18,19],"killed_by":"Gensokyo:CosmicMonolith","ascension_level":0}}