{"host":"vx9g5eyuglzorf3u","time":1611842507,"event":{"mods":["2.2 Compatiblity","BaseMod","DeckTracker","Keyboard Shortcuts","Minty Spire (QoL Compilation)","Relic Stats","StSLib","SuperFastMode","everything is the same but u backflip on backflip"],"gold_per_floor":[109,124,199,199,199,199,229,244,244,6,6,33,33,33,33,105,105,119,119,119,119,134,134,153,184,184,184,203,203,213,227,227,298,298,314,327,69,69,69,69,96,96,120,132,132,144,144,158,158,158,158,158,158,6,38,38,38],"floor_reached":56,"language":"KOR","playtime":1152,"items_purged":["Defend_R","Bash"],"score":1856,"play_id":"0141904c-7fd1-4a2f-94a4-41a9239d0eec","local_time":"20210128230147","is_ascension_mode":true,"campfire_choices":[{"data":"Searing Blow+1","floor":6.0,"key":"SMITH"},{"data":"Searing Blow+2","floor":11.0,"key":"SMITH"},{"data":"Searing Blow+3","floor":13.0,"key":"SMITH"},{"data":"Searing Blow+4","floor":15.0,"key":"SMITH"},{"data":"Searing Blow+5","floor":23.0,"key":"SMITH"},{"data":"Searing Blow+6","floor":27.0,"key":"SMITH"},{"data":"Searing Blow+7","floor":29.0,"key":"SMITH"},{"data":"Searing Blow+8","floor":32.0,"key":"SMITH"},{"data":"Searing Blow+9","floor":40.0,"key":"SMITH"},{"data":"Searing Blow+10","floor":45.0,"key":"SMITH"},{"data":"Searing Blow+11","floor":47.0,"key":"SMITH"},{"floor":49.0,"key":"RECALL"},{"data":"Feel No Pain","floor":53.0,"key":"SMITH"}],"circlet_count":0,"master_deck":["AscendersBane","Strike_R","Strike_R","Strike_R","Strike_R","Strike_R","Defend_R","Defend_R","Defend_R","Searing Blow+12","Perfected Strike","Perfected Strike+1","Perfected Strike+1","Shockwave","Power Through","Necronomicurse","Seeing Red","Impervious","Uppercut","Double Tap","Power Through","Shockwave","Feel No Pain+1","Dropkick+1","Evolve"],"relics":["Burning Blood","NeowsBlessing","PreservedInsect","The Courier","Medical Kit","Anchor","Bag of Preparation","Black Star","Necronomicon","Omamori","Centennial Puzzle","Busted Crown","Lee\u0027s Waffle","Sundial","Bottled Lightning","Whetstone","Charon\u0027s Ashes","CaptainsWheel"],"acts_visited":["Exordium","TheCity","TheBeyond","TheEnding"],"potions_floor_usage":[],"damage_taken":[{"damage":0.0,"enemies":"2 Louse","floor":1.0,"turns":1.0},{"damage":0.0,"enemies":"Small Slimes","floor":2.0,"turns":1.0},{"damage":0.0,"enemies":"Gremlin Nob","floor":7.0,"turns":1.0},{"damage":1.0,"enemies":"Cultist","floor":8.0,"turns":3.0},{"damage":10.0,"enemies":"Lagavulin","floor":12.0,"turns":5.0},{"damage":41.0,"enemies":"Slime Boss","floor":16.0,"turns":9.0},{"damage":3.0,"enemies":"2 Thieves","floor":18.0,"turns":4.0},{"damage":17.0,"enemies":"Shell Parasite","floor":22.0,"turns":3.0},{"damage":6.0,"enemies":"Centurion and Healer","floor":24.0,"turns":3.0},{"damage":8.0,"enemies":"Gremlin Leader","floor":25.0,"turns":3.0},{"damage":0.0,"enemies":"3 Cultists","floor":28.0,"turns":3.0},{"damage":0.0,"enemies":"Snecko","floor":30.0,"turns":1.0},{"damage":0.0,"enemies":"Sentry and Sphere","floor":31.0,"turns":3.0},{"damage":29.0,"enemies":"Automaton","floor":33.0,"turns":4.0},{"damage":0.0,"enemies":"Orb Walker","floor":35.0,"turns":1.0},{"damage":33.0,"enemies":"3 Darklings","floor":36.0,"turns":5.0},{"damage":46.0,"enemies":"Nemesis","floor":41.0,"turns":7.0},{"damage":0.0,"enemies":"Sphere and 2 Shapes","floor":44.0,"turns":3.0},{"damage":18.0,"enemies":"Writhing Mass","floor":46.0,"turns":3.0},{"damage":0.0,"enemies":"Spire Growth","floor":48.0,"turns":3.0},{"damage":21.0,"enemies":"Time Eater","floor":50.0,"turns":5.0},{"damage":34.0,"enemies":"Donu and Deca","floor":51.0,"turns":6.0},{"damage":7.0,"enemies":"Shield and Spear","floor":55.0,"turns":5.0},{"damage":86,"enemies":"The Heart","floor":56,"turns":5}],"seed_played":"3103682198560431023","potions_obtained":[{"floor":1.0,"key":"SteroidPotion"},{"floor":8.0,"key":"Explosive Potion"},{"floor":16.0,"key":"Energy Potion"},{"floor":18.0,"key":"FairyPotion"},{"floor":30.0,"key":"ElixirPotion"},{"floor":33.0,"key":"SteroidPotion"},{"floor":36.0,"key":"Block Potion"},{"floor":41.0,"key":"LiquidBronze"},{"floor":46.0,"key":"SkillPotion"}],"is_trial":false,"path_per_floor":["M","M","?","?","?","R","E","M","T","$","R","E","R","?","R","B",null,"M","?","$","?","M","R","M","E","T","R","M","R","M","M","R","B",null,"M","M","$","?","?","R","E","?","T","M","R","M","R","M","R","B","B",null,"R","$","E","B"],"character_chosen":"IRONCLAD","items_purchased":["Medical Kit","Perfected Strike","Shockwave","Lee\u0027s Waffle","Power Through","Evolve"],"campfire_rested":0,"item_purchase_floors":[10,10,10,37,37,54],"current_hp_per_floor":[74,75,64,64,64,64,70,75,75,75,75,71,71,45,45,10,59,62,41,41,41,30,30,30,28,28,28,34,34,40,46,46,23,62,68,41,82,82,82,82,42,42,42,48,48,36,36,42,42,27,29,69,69,69,68,0,0],"gold":38,"neow_bonus":"THREE_ENEMY_KILL","is_daily":false,"chose_seed":false,"campfire_upgraded":12,"win_rate":0.0,"timestamp":1611842507,"path_taken":["M","M","?","?","?","R","E","?","T","?","R","E","R","?","R","BOSS","M","?","$","?","?","R","M","E","T","R","?","R","M","M","R","BOSS","M","M","$","?","?","R","E","?","T","M","R","M","R","M","R","BOSS","BOSS","R","$","E","BOSS"],"items_purchased_type":["Relic","Card","Card","Relic","Card","Card"],"build_version":"2020-12-22","purchased_purges":2,"victory":false,"max_hp_per_floor":[75,75,75,75,75,75,75,75,75,75,75,75,75,75,75,75,75,75,75,75,75,75,75,75,75,75,75,75,75,75,75,75,75,75,75,75,82,82,82,82,82,82,82,82,82,82,82,82,82,82,82,82,82,82,82,82,82],"relic_stats":{"Lee\u0027s Waffle":41,"counters":[24,87],"PreservedInsect":201,"Charon\u0027s Ashes":[12],"Bag of Preparation":[38],"Whetstone":["Perfected Strike","Perfected Strike"],"Medical Kit":[22],"Burning Blood":133,"Centennial Puzzle":[24],"Busted Crown":16,"Sundial":[2],"Black Star":3,"Necronomicon":[53],"obtain_stats":[{"Lee\u0027s Waffle":37,"NeowsBlessing":0,"PreservedInsect":7,"The Courier":9,"Charon\u0027s Ashes":55,"Bag of Preparation":14,"Omamori":25,"Whetstone":43,"Medical Kit":10,"Burning Blood":0,"Anchor":12,"Centennial Puzzle":25,"CaptainsWheel":55,"Busted Crown":34,"Sundial":41,"Black Star":17,"Necronomicon":19,"Bottled Lightning":41},{"Lee\u0027s Waffle":16,"NeowsBlessing":0,"PreservedInsect":3,"The Courier":4,"Charon\u0027s Ashes":23,"Bag of Preparation":5,"Omamori":10,"Whetstone":17,"Medical Kit":4,"Burning Blood":0,"Anchor":5,"Centennial Puzzle":10,"CaptainsWheel":23,"Busted Crown":14,"Sundial":17,"Black Star":6,"Necronomicon":7,"Bottled Lightning":17},{"Lee\u0027s Waffle":50,"NeowsBlessing":0,"PreservedInsect":3,"The Courier":6,"Charon\u0027s Ashes":82,"Bag of Preparation":11,"Omamori":33,"Whetstone":57,"Medical Kit":6,"Burning Blood":0,"Anchor":11,"Centennial Puzzle":33,"CaptainsWheel":82,"Busted Crown":44,"Sundial":57,"Black Star":20,"Necronomicon":24,"Bottled Lightning":57}]},"card_choices":[{"not_picked":["Heavy Blade","Iron Wave"],"picked":"Searing Blow","floor":1.0},{"not_picked":["Second Wind","Havoc"],"picked":"Perfected Strike","floor":2.0},{"not_picked":["Blood for Blood","Demon Form"],"picked":"Perfected Strike","floor":7.0},{"not_picked":["Entrench","Searing Blow","Heavy Blade"],"picked":"SKIP","floor":8.0},{"not_picked":["Dropkick","Bloodletting","Rage"],"picked":"SKIP","floor":12.0},{"not_picked":["Armaments","Thunderclap"],"picked":"Power Through","floor":18.0},{"not_picked":["Sword Boomerang","Clothesline"],"picked":"Seeing Red","floor":22.0},{"not_picked":["True Grit","Inflame","Shockwave"],"picked":"SKIP","floor":24.0},{"not_picked":["Whirlwind","Disarm","Hemokinesis+1"],"picked":"SKIP","floor":25.0},{"not_picked":["True Grit","Warcry"],"picked":"Impervious","floor":28.0},{"not_picked":["Metallicize","Entrench","Sword Boomerang"],"picked":"SKIP","floor":30.0},{"not_picked":["Entrench","Sword Boomerang"],"picked":"Metallicize","floor":30.0},{"not_picked":["Clash","Wild Strike"],"picked":"Uppercut","floor":31.0},{"not_picked":["Exhume","Feed"],"picked":"Double Tap","floor":33.0},{"not_picked":["Heavy Blade"],"picked":"SKIP","floor":35.0},{"not_picked":["Entrench"],"picked":"SKIP","floor":36.0},{"not_picked":[],"picked":"Shockwave","floor":41.0},{"not_picked":["Feel No Pain"],"picked":"SKIP","floor":44.0},{"not_picked":[],"picked":"Feel No Pain","floor":44.0},{"not_picked":["Dropkick+1"],"picked":"SKIP","floor":46.0},{"not_picked":[],"picked":"Dropkick+1","floor":46.0},{"not_picked":["Iron Wave"],"picked":"SKIP","floor":48.0},{"not_picked":["Clothesline+1"],"picked":"SKIP","floor":55.0}],"player_experience":1486743,"relics_obtained":[{"floor":7.0,"key":"PreservedInsect"},{"floor":9.0,"key":"The Courier"},{"floor":12.0,"key":"Anchor"},{"floor":19.0,"key":"Necronomicon"},{"floor":25.0,"key":"Omamori"},{"floor":25.0,"key":"Centennial Puzzle"},{"floor":41.0,"key":"Sundial"},{"floor":41.0,"key":"Bottled Lightning"},{"floor":43.0,"key":"Whetstone"},{"floor":55.0,"key":"Charon\u0027s Ashes"},{"floor":55.0,"key":"CaptainsWheel"}],"event_choices":[{"damage_healed":0.0,"max_hp_gain":0.0,"max_hp_loss":0.0,"gold_gain":75.0,"event_name":"World of Goop","player_choice":"Gather Gold","floor":3.0,"gold_loss":0.0,"damage_taken":11.0},{"damage_healed":0.0,"max_hp_gain":0.0,"max_hp_loss":0.0,"gold_gain":0.0,"event_name":"Living Wall","player_choice":"Grow","floor":4.0,"gold_loss":0.0,"damage_taken":0.0,"cards_upgraded":["Searing Blow"]},{"damage_healed":0.0,"max_hp_gain":0.0,"max_hp_loss":0.0,"gold_gain":0.0,"event_name":"Match and Keep!","player_choice":"0 cards matched","floor":5.0,"gold_loss":0.0,"damage_taken":0.0,"cards_obtained":[]},{"damage_healed":0.0,"max_hp_gain":0.0,"max_hp_loss":0.0,"gold_gain":0.0,"event_name":"Scrap Ooze","player_choice":"Success","floor":14.0,"gold_loss":0.0,"damage_taken":26.0,"relics_obtained":["Bag of Preparation"]},{"damage_healed":0.0,"max_hp_gain":0.0,"max_hp_loss":0.0,"gold_gain":0.0,"event_name":"Cursed Tome","player_choice":"Obtained Book","floor":19.0,"gold_loss":0.0,"damage_taken":21.0},{"damage_healed":0.0,"max_hp_gain":0.0,"max_hp_loss":0.0,"gold_gain":0.0,"event_name":"N\u0027loth","player_choice":"Ignored","floor":21.0,"gold_loss":0.0,"damage_taken":0.0},{"cards_removed":["Metallicize"],"damage_healed":0.0,"max_hp_gain":0.0,"max_hp_loss":0.0,"gold_gain":0.0,"event_name":"Falling","player_choice":"Removed Power","floor":38.0,"gold_loss":0.0,"damage_taken":0.0},{"damage_healed":16.0,"max_hp_gain":0.0,"max_hp_loss":0.0,"gold_gain":0.0,"event_name":"Winding Halls","player_choice":"Writhe","floor":39.0,"gold_loss":0.0,"damage_taken":0.0,"cards_obtained":["Writhe"]},{"damage_healed":0.0,"max_hp_gain":0.0,"max_hp_loss":0.0,"gold_gain":0.0,"event_name":"SensoryStone","player_choice":"Memory 1","floor":42.0,"gold_loss":0.0,"damage_taken":0.0}],"is_beta":false,"boss_relics":[{"not_picked":["Runic Dome","Pandora\u0027s Box"],"picked":"Black Star"},{"not_picked":["SlaversCollar","Astrolabe"],"picked":"Busted Crown"}],"items_purged_floors":[37,54],"is_endless":false,"potions_floor_spawned":[1,8,16,18,30,31,33,36,41,46],"killed_by":"The Heart","ascension_level":20}}