{"host":"dbb4fkd1j4jczim2","time":1611810789,"event":{"mods":["BaseMod","Downfall","Marisa????????","Minty Spire (QoL Compilation)","Permanent Neow","StSLib"],"gold_per_floor":[99,113,131,147,158,333,333,361,51,51,71,101,1,35,53,53,53,53],"floor_reached":16,"language":"ENG","playtime":868,"items_purged":["Doubt"],"score":122,"play_id":"611b79b4-d88e-4dcd-b96d-79d864d5bd07","local_time":"20210127231309","is_ascension_mode":false,"campfire_choices":[{"data":"hexamod:Sear","floor":1,"key":"SMITH"},{"floor":13,"key":"REST"}],"circlet_count":0,"master_deck":["hexamod:Strike+1","hexamod:Strike+1","hexamod:Strike","hexamod:Defend+1","hexamod:Defend+1","hexamod:Defend","hexamod:Sear+1","hexamod:Float","hexamod:SwordOfDarkness+1","hexamod:SixthSeal","hexamod:PhantomFireball+1","hexamod:BurningTouch","hexamod:ShieldOfDarkness","hexamod:FastForward","hexamod:NightmareGuise","hexamod:DynamicBlow","expansioncontent:YouAreMine","hexamod:Incineration","hexamod:Defend+1","hexamod:DynamicBlow","downfall:Malfunctioning","hexamod:Firestarter","hexamod:InspiringFlames","hexamod:TurnItUp","hexamod:SecondSeal"],"relics":["hexamod:SpiritBrand","Singing Bowl","Prayer Wheel","downfall:HeartBlessingBlue","Blue Candle"],"acts_visited":["Exordium"],"potions_floor_usage":[8,12,16,16],"damage_taken":[{"damage":5,"enemies":"Small Slimes","floor":2,"turns":3},{"damage":6,"enemies":"2 Louse","floor":3,"turns":4},{"damage":1,"enemies":"Cultist","floor":4,"turns":3},{"damage":14,"enemies":"3 Louse","floor":5,"turns":4},{"damage":9,"enemies":"Lagavulin","floor":8,"turns":4},{"damage":0,"enemies":"downfall:FleeingMerchant","floor":9,"turns":4},{"damage":6,"enemies":"Exordium Wildlife","floor":11,"turns":4},{"damage":8,"enemies":"3 Sentries","floor":12,"turns":7},{"damage":26,"enemies":"Lagavulin","floor":14,"turns":6},{"damage":2,"enemies":"Blue Slaver","floor":15,"turns":2},{"damage":19,"enemies":"DF_ARCHETYPE_STREAMLINE","floor":16,"turns":3}],"seed_played":"-8514515007942741741","potions_obtained":[{"floor":4,"key":"ColorlessPotion"},{"floor":11,"key":"CultistPotion"},{"floor":12,"key":"SkillPotion"},{"floor":14,"key":"hexamod:SoulburnPotion"}],"is_trial":false,"path_per_floor":["R","M","M","M","M","?","T","E","$","?","M","E","R","E","M","B"],"character_chosen":"THE_SPIRIT","items_purchased":["expansioncontent:YouAreMine","hexamod:Incineration","ColorlessPotion"],"campfire_rested":1,"item_purchase_floors":[9,9,9],"current_hp_per_floor":[63,58,52,51,37,37,37,28,28,28,22,14,45,19,19,0,0,0],"gold":53,"neow_bonus":"TRANSFORM_TWO_CARDS","is_daily":false,"chose_seed":false,"campfire_upgraded":1,"win_rate":0.0,"timestamp":1611810789,"path_taken":["R","M","M","M","M","?","T","E","$","?","M","E","R","E","M","BOSS"],"items_purchased_type":["Card","Card","Potion"],"build_version":"2020-12-22","purchased_purges":1,"victory":false,"max_hp_per_floor":[63,63,63,63,63,63,63,63,63,63,63,63,73,73,75,75,75,75],"card_choices":[{"not_picked":["hexamod:FastForward","hexamod:NightmareGuise"],"picked":"hexamod:PhantomFireball","floor":2},{"not_picked":["hexamod:Hexaguard","hexamod:SpectersWail"],"picked":"hexamod:BurningTouch","floor":3},{"not_picked":["hexamod:AdvancingGuard","hexamod:Haunt"],"picked":"hexamod:ShieldOfDarkness","floor":4},{"not_picked":["hexamod:ShieldOfDarkness","hexamod:GhostShield"],"picked":"hexamod:FastForward","floor":5},{"not_picked":["hexamod:SearingWound","hexamod:HauntingEcho"],"picked":"hexamod:NightmareGuise","floor":8},{"not_picked":["hexamod:PhantomFireball","hexamod:EmpoweredFlame"],"picked":"hexamod:DynamicBlow","floor":9},{"not_picked":["hexamod:BacktrackSmack","hexamod:NecessarySacrifice"],"picked":"hexamod:Firestarter","floor":11},{"not_picked":["hexamod:DynamicBlow","hexamod:Again"],"picked":"hexamod:InspiringFlames","floor":12},{"not_picked":["hexamod:GhostShield","hexamod:EtherealExpedition"],"picked":"hexamod:TurnItUp","floor":14},{"not_picked":["hexamod:GhostLash","hexamod:Haunt","hexamod:EtherealExpedition"],"picked":"Singing Bowl","floor":15},{"not_picked":["hexamod:HeatMetal","hexamod:NecessarySacrifice"],"picked":"hexamod:SecondSeal","floor":15}],"player_experience":312081,"relics_obtained":[{"floor":8,"key":"Singing Bowl"},{"floor":12,"key":"Prayer Wheel"},{"floor":14,"key":"Blue Candle"}],"event_choices":[],"is_beta":false,"boss_relics":[],"items_purged_floors":[9],"is_endless":false,"potions_floor_spawned":[4,11,12,14,15],"killed_by":"DF_ARCHETYPE_STREAMLINE","ascension_level":0}}