{"host":"dcj2yvrgcvh5dl2s","time":1611804581,"event":{"mods":["BaseMod","Bestiary","Better Note","Block Reminder","Colored Powertips","Curses Come First","DeckTracker","Minty Spire (QoL Compilation)","Quick Restart","Rare Cards Sparkle","Relic Stats","StSLib"],"gold_per_floor":[109,109,122,140,140,140,168,168,168,41,69,69,130,130,130,130,130],"floor_reached":16,"language":"ENG","playtime":589,"items_purged":["Regret"],"score":255,"play_id":"d68ca0dc-a27b-488d-a1de-9fe7ca626b2f","local_time":"20210128132941","is_ascension_mode":true,"campfire_choices":[{"data":"Warcry","floor":6,"key":"SMITH"},{"floor":8,"key":"REST"},{"data":"Seeing Red","floor":12,"key":"SMITH"},{"floor":15,"key":"REST"}],"circlet_count":0,"master_deck":["AscendersBane","Strike_R","Strike_R","Strike_R","Strike_R","Defend_R","Defend_R","Defend_R","Defend_R","Bash","Infernal Blade+1","Warcry+1","Seeing Red+1","Shrug It Off","Disarm"],"relics":["Burning Blood","NeowsBlessing","FossilizedHelix","PreservedInsect","Calipers","Ancient Tea Set","Sundial"],"acts_visited":["Exordium"],"potions_floor_usage":[11,11,16],"damage_taken":[{"damage":0,"enemies":"Small Slimes","floor":1,"turns":1},{"damage":0,"enemies":"Cultist","floor":3,"turns":1},{"damage":0,"enemies":"Jaw Worm","floor":4,"turns":1},{"damage":64,"enemies":"3 Sentries","floor":7,"turns":11},{"damage":0,"enemies":"Lagavulin","floor":11,"turns":3},{"damage":30,"enemies":"3 Sentries","floor":13,"turns":10},{"damage":36,"enemies":"Hexaghost","floor":16,"turns":12}],"seed_played":"-1243765220031176038","potions_obtained":[{"floor":1,"key":"CultistPotion"},{"floor":7,"key":"AttackPotion"},{"floor":13,"key":"BlessingOfTheForge"}],"is_trial":false,"path_per_floor":["M","?","M","M","?","R","E","R","T","$","E","R","?","?","R","B"],"character_chosen":"IRONCLAD","items_purchased":["Shrug It Off"],"campfire_rested":2,"item_purchase_floors":[10],"current_hp_per_floor":[74,74,75,75,75,75,17,39,39,39,45,45,21,14,36,0,0],"gold":130,"neow_bonus":"THREE_ENEMY_KILL","is_daily":false,"chose_seed":false,"campfire_upgraded":2,"win_rate":0.0,"timestamp":1611804581,"path_taken":["M","?","M","?","?","R","E","R","T","?","E","R","?","?","R","BOSS"],"items_purchased_type":["Card"],"build_version":"2020-12-22","purchased_purges":1,"victory":false,"max_hp_per_floor":[75,75,75,75,75,75,75,75,75,75,75,75,75,75,75,75,75],"relic_stats":{"counters":[7,39],"Sundial":[2],"PreservedInsect":61,"obtain_stats":[{"Calipers":9,"NeowsBlessing":0,"Sundial":13,"PreservedInsect":7,"Ancient Tea Set":11,"Burning Blood":0,"FossilizedHelix":5},{"Calipers":4,"NeowsBlessing":0,"Sundial":6,"PreservedInsect":4,"Ancient Tea Set":5,"Burning Blood":0,"FossilizedHelix":3},{"Calipers":14,"NeowsBlessing":0,"Sundial":27,"PreservedInsect":14,"Ancient Tea Set":17,"Burning Blood":0,"FossilizedHelix":3}],"Burning Blood":25},"card_choices":[{"not_picked":["Flame Barrier","Twin Strike"],"picked":"Infernal Blade","floor":1},{"not_picked":["Flex","Thunderclap"],"picked":"Warcry","floor":3},{"not_picked":["Iron Wave","Twin Strike","Hemokinesis"],"picked":"SKIP","floor":4},{"not_picked":["Havoc","Ghostly Armor"],"picked":"Seeing Red","floor":7},{"not_picked":["Flame Barrier","Sever Soul","Sentinel"],"picked":"SKIP","floor":11},{"not_picked":["Sever Soul","Havoc"],"picked":"Disarm","floor":13}],"player_experience":2271010,"relics_obtained":[{"floor":7,"key":"PreservedInsect"},{"floor":9,"key":"Calipers"},{"floor":11,"key":"Ancient Tea Set"},{"floor":13,"key":"Sundial"}],"event_choices":[{"damage_healed":0,"gold_gain":0,"player_choice":"Upgraded","damage_taken":0,"max_hp_gain":0,"max_hp_loss":0,"event_name":"Upgrade Shrine","floor":2,"gold_loss":0,"cards_upgraded":["Infernal Blade"]},{"damage_healed":0,"gold_gain":0,"player_choice":"Box","damage_taken":0,"relics_obtained":["FossilizedHelix"],"max_hp_gain":0,"max_hp_loss":0,"event_name":"Big Fish","floor":5,"gold_loss":0,"cards_obtained":["Regret"]},{"damage_healed":0,"gold_gain":0,"player_choice":"Searched \u00272\u0027 times","damage_taken":0,"max_hp_gain":0,"max_hp_loss":0,"event_name":"Dead Adventurer","floor":13,"gold_loss":0},{"cards_removed":["Strike_R"],"damage_healed":0,"gold_gain":0,"player_choice":"Card Removal","damage_taken":7,"max_hp_gain":0,"max_hp_loss":0,"event_name":"Golden Wing","floor":14,"gold_loss":0}],"is_beta":false,"boss_relics":[],"items_purged_floors":[10],"is_endless":false,"potions_floor_spawned":[1,7,13],"killed_by":"Hexaghost","ascension_level":19}}