{"host":"Bilverbakes","time":1611796598,"event":{"mods":["2.2 Compatiblity","AchievementEnabler","BaseMod","Bestiary","Colored Map","Minty Spire (QoL Compilation)","Relic Stats","StSLib","ojb\u0027s Info Mod"],"gold_per_floor":[367,367,384,397,104,104,117,145,145,179,179,191,191,206,206,277,277,295,308,42,42,42,42,67,77,77,111,11,43,43,58,58,132,132,142,142,142,194,89,108,142,142,142,167,177,177,177],"floor_reached":46,"language":"ENG","playtime":2222,"items_purged":["Strike_G","Strike_G"],"score":1136,"play_id":"f7ed800f-31b9-4490-8691-102403088d96","local_time":"20210127191638","is_ascension_mode":true,"campfire_choices":[{"data":"Skewer","floor":6.0,"key":"SMITH"},{"data":"Neutralize","floor":13.0,"key":"SMITH"},{"floor":15.0,"key":"DIG"},{"floor":23.0,"key":"REST"},{"floor":30.0,"key":"DIG"},{"floor":32.0,"key":"DIG"},{"data":"Malaise","floor":42,"key":"SMITH"}],"circlet_count":0,"master_deck":["AscendersBane","Strike_G","Strike_G","Strike_G","Defend_G","Defend_G","Defend_G","Defend_G","Defend_G","Survivor","Neutralize+1","Deadly Poison","Escape Plan","Skewer+1","Blade Dance","Masterful Stab","Blade Dance","Caltrops","PiercingWail","Malaise+1","Dash","Concentrate+1","Prepared+1","Eviscerate+1","Cloak And Dagger+1","Blade Dance+1","Accuracy","Backflip+1","Trip+1","Tactician+1","Footwork"],"relics":["Ring of the Snake","Chemical X","Regal Pillow","Strawberry","Ninja Scroll","Shovel","Oddly Smooth Stone","WristBlade","Toxic Egg 2","Enchiridion","Prayer Wheel","Pantograph","Tough Bandages","Bag of Preparation","Turnip","Omamori","Coffee Dripper","TungstenRod","Centennial Puzzle","Tingsha"],"acts_visited":["Exordium","TheCity","TheBeyond"],"potions_floor_usage":[41],"damage_taken":[{"damage":1.0,"enemies":"Small Slimes","floor":1.0,"turns":5.0},{"damage":0.0,"enemies":"Cultist","floor":3.0,"turns":4.0},{"damage":12.0,"enemies":"Jaw Worm","floor":4.0,"turns":4.0},{"damage":0.0,"enemies":"Blue Slaver","floor":7.0,"turns":2.0},{"damage":7.0,"enemies":"3 Sentries","floor":8.0,"turns":6.0},{"damage":15.0,"enemies":"Lagavulin","floor":10.0,"turns":4.0},{"damage":0.0,"enemies":"2 Fungi Beasts","floor":12.0,"turns":2.0},{"damage":0.0,"enemies":"Large Slime","floor":14.0,"turns":1.0},{"damage":20.0,"enemies":"Hexaghost","floor":16.0,"turns":8.0},{"damage":21.0,"enemies":"Shell Parasite","floor":18.0,"turns":3.0},{"damage":0.0,"enemies":"3 Byrds","floor":19.0,"turns":3.0},{"damage":2.0,"enemies":"Book of Stabbing","floor":24.0,"turns":5.0},{"damage":2.0,"enemies":"Centurion and Healer","floor":25.0,"turns":5.0},{"damage":0.0,"enemies":"Gremlin Leader","floor":27.0,"turns":3.0},{"damage":11.0,"enemies":"Book of Stabbing","floor":29.0,"turns":5.0},{"damage":0.0,"enemies":"Snake Plant","floor":31.0,"turns":4.0},{"damage":52.0,"enemies":"Collector","floor":33.0,"turns":9.0},{"damage":0.0,"enemies":"3 Shapes","floor":35.0,"turns":9.0},{"damage":5.0,"enemies":"3 Darklings","floor":37.0,"turns":2.0},{"damage":10.0,"enemies":"2 Orb Walkers","floor":38.0,"turns":4.0},{"damage":0.0,"enemies":"Transient","floor":40.0,"turns":6.0},{"damage":0,"enemies":"Nemesis","floor":41,"turns":2},{"damage":0,"enemies":"Mind Bloom Boss Battle","floor":44,"turns":6},{"damage":0,"enemies":"Jaw Worm Horde","floor":45,"turns":2},{"damage":76,"enemies":"Giant Head","floor":46,"turns":7}],"seed_played":"-488489788766769922","potions_obtained":[{"floor":4.0,"key":"Fire Potion"},{"floor":10.0,"key":"SneckoOil"},{"floor":14.0,"key":"Energy Potion"},{"floor":25.0,"key":"LiquidMemories"},{"floor":27.0,"key":"Fruit Juice"},{"floor":33.0,"key":"SmokeBomb"},{"floor":40.0,"key":"SteroidPotion"},{"floor":44,"key":"Dexterity Potion"}],"is_trial":false,"path_per_floor":["M","?","M","M","$","R","M","E","T","E","T","M","R","M","R","B",null,"M","M","$","?","?","R","E","M","T","E","$","E","R","M","R","B",null,"M","?","M","?","$","M","E","R","T","?","M","E"],"character_chosen":"THE_SILENT","items_purchased":["Chemical X","FearPotion","Toxic Egg 2","Trip+1"],"campfire_rested":1,"item_purchase_floors":[5,5,20,39],"current_hp_per_floor":[58,58,58,46,46,46,46,39,46,31,31,31,31,31,31,11,53,32,32,32,32,11,46,44,42,42,42,42,31,31,31,36,9,56,56,56,51,41,41,41,41,41,41,66,66,0,0],"gold":177,"neow_bonus":"TWO_FIFTY_GOLD","is_daily":false,"chose_seed":false,"campfire_upgraded":3,"win_rate":0.0,"timestamp":1611796598,"path_taken":["M","?","M","M","$","R","?","E","T","E","?","M","R","M","R","BOSS","M","M","$","?","?","R","E","M","T","E","$","E","R","M","R","BOSS","M","?","M","?","$","M","E","R","T","?","M","E"],"items_purchased_type":["Relic","Potion","Relic","Card"],"build_version":"2020-12-18","purchased_purges":2,"victory":false,"max_hp_per_floor":[60,60,60,60,60,60,60,60,67,67,67,67,67,67,67,67,67,67,67,67,67,67,67,67,67,67,67,67,67,67,67,72,72,72,72,72,72,72,72,72,72,72,72,72,72,72,72],"relic_stats":{"Regal Pillow":15,"counters":[25,111],"Tingsha":[24],"Bag of Preparation":[0],"Tough Bandages":[117],"Centennial Puzzle":[3],"Shovel":3,"Pantograph":50,"Prayer Wheel":5,"Turnip":[7],"Chemical X":[39],"obtain_stats":[{"Regal Pillow":8,"Oddly Smooth Stone":15,"Enchiridion":22,"Tingsha":44,"Bag of Preparation":29,"Omamori":32,"Tough Bandages":27,"Centennial Puzzle":41,"Shovel":11,"WristBlade":17,"Ninja Scroll":10,"Strawberry":9,"Pantograph":26,"Prayer Wheel":24,"Turnip":30,"Coffee Dripper":34,"Chemical X":5,"Toxic Egg 2":20,"TungstenRod":38,"Ring of the Snake":0},{"Regal Pillow":5,"Oddly Smooth Stone":8,"Enchiridion":11,"Tingsha":23,"Bag of Preparation":15,"Omamori":16,"Tough Bandages":14,"Centennial Puzzle":22,"Shovel":6,"WristBlade":9,"Ninja Scroll":6,"Strawberry":5,"Pantograph":13,"Prayer Wheel":12,"Turnip":15,"Coffee Dripper":17,"Chemical X":3,"Toxic Egg 2":11,"TungstenRod":20,"Ring of the Snake":0},{"Regal Pillow":21,"Oddly Smooth Stone":28,"Enchiridion":42,"Tingsha":102,"Bag of Preparation":60,"Omamori":64,"Tough Bandages":55,"Centennial Puzzle":96,"Shovel":25,"WristBlade":36,"Ninja Scroll":25,"Strawberry":21,"Pantograph":52,"Prayer Wheel":47,"Turnip":60,"Coffee Dripper":73,"Chemical X":13,"Toxic Egg 2":42,"TungstenRod":88,"Ring of the Snake":0}],"TungstenRod":3,"Ring of the Snake":[36]},"card_choices":[{"not_picked":["Quick Slash","Concentrate"],"picked":"Deadly Poison","floor":1.0},{"not_picked":["Distraction","Quick Slash"],"picked":"Skewer","floor":3.0},{"not_picked":["Sucker Punch","Endless Agony"],"picked":"Blade Dance","floor":4.0},{"not_picked":["Distraction","Eviscerate"],"picked":"Masterful Stab","floor":7.0},{"not_picked":["Acrobatics","Heel Hook"],"picked":"Blade Dance","floor":8.0},{"not_picked":["Concentrate","Dagger Throw"],"picked":"Caltrops","floor":10.0},{"not_picked":["Deflect","Deadly Poison"],"picked":"PiercingWail","floor":12.0},{"not_picked":["Grand Finale","All Out Attack","Quick Slash"],"picked":"SKIP","floor":14.0},{"not_picked":["Glass Knife","Envenom"],"picked":"Malaise","floor":16.0},{"not_picked":["Riddle With Holes","Slice","Catalyst"],"picked":"SKIP","floor":18.0},{"not_picked":["Acrobatics","Underhanded Strike"],"picked":"Dash","floor":19.0},{"not_picked":["Leg Sweep+1","Infinite Blades"],"picked":"Concentrate+1","floor":24.0},{"not_picked":["Choke","Acrobatics+1"],"picked":"Prepared+1","floor":25.0},{"not_picked":["Unload","Underhanded Strike"],"picked":"Eviscerate+1","floor":25.0},{"not_picked":["Backflip+1","Poisoned Stab+1"],"picked":"Cloak And Dagger+1","floor":27.0},{"not_picked":["Dash","Slice","Dagger Spray"],"picked":"SKIP","floor":29.0},{"not_picked":["Endless Agony","Quick Slash"],"picked":"Blade Dance+1","floor":31.0},{"not_picked":["Dagger Spray","Flying Knee","Setup+1"],"picked":"SKIP","floor":31.0},{"not_picked":["Dash","Setup+1"],"picked":"Accuracy","floor":35.0},{"not_picked":["Dagger Spray","All Out Attack+1","Dagger Throw"],"picked":"SKIP","floor":35.0},{"not_picked":["Dagger Spray","Deadly Poison+1"],"picked":"Backflip+1","floor":38.0},{"not_picked":["Noxious Fumes+1","Dodge and Roll+1"],"picked":"Tactician+1","floor":40.0},{"not_picked":["Backflip+1","All Out Attack+1","Finisher"],"picked":"SKIP","floor":40.0},{"not_picked":["Underhanded Strike","Deadly Poison+1","Glass Knife"],"picked":"SKIP","floor":41},{"not_picked":["Poisoned Stab+1","Dodge and Roll+1"],"picked":"Footwork","floor":45},{"not_picked":["Slice","Escape Plan+1","Distraction+1"],"picked":"SKIP","floor":45}],"player_experience":824829,"relics_obtained":[{"floor":8.0,"key":"Regal Pillow"},{"floor":9.0,"key":"Strawberry"},{"floor":10.0,"key":"Ninja Scroll"},{"floor":11.0,"key":"Shovel"},{"floor":15.0,"key":"Oddly Smooth Stone"},{"floor":22.0,"key":"Enchiridion"},{"floor":24.0,"key":"Prayer Wheel"},{"floor":26.0,"key":"Pantograph"},{"floor":27.0,"key":"Tough Bandages"},{"floor":29.0,"key":"Bag of Preparation"},{"floor":30.0,"key":"Turnip"},{"floor":32.0,"key":"Omamori"},{"floor":38.0,"key":"TungstenRod"},{"floor":41,"key":"Centennial Puzzle"},{"floor":44,"key":"Tingsha"}],"event_choices":[{"damage_healed":0.0,"max_hp_gain":0.0,"max_hp_loss":0.0,"gold_gain":0.0,"event_name":"Match and Keep!","player_choice":"1 cards matched","floor":2.0,"gold_loss":0.0,"damage_taken":0.0,"cards_obtained":["Escape Plan"]},{"damage_healed":0.0,"max_hp_gain":0.0,"max_hp_loss":0.0,"gold_gain":0.0,"event_name":"Cursed Tome","player_choice":"Obtained Book","floor":22.0,"gold_loss":0.0,"damage_taken":21.0},{"damage_healed":0.0,"max_hp_gain":0.0,"max_hp_loss":0.0,"gold_gain":0.0,"event_name":"Tomb of Lord Red Mask","player_choice":"Ignored","floor":36.0,"gold_loss":0.0,"damage_taken":0.0},{"damage_healed":0.0,"max_hp_gain":0.0,"max_hp_loss":0.0,"gold_gain":0.0,"event_name":"Mysterious Sphere","player_choice":"Fight","floor":38.0,"gold_loss":0.0,"damage_taken":0.0},{"damage_healed":0,"gold_gain":0,"player_choice":"Fight","damage_taken":0,"max_hp_gain":0,"max_hp_loss":0,"event_name":"MindBloom","floor":44,"gold_loss":0}],"is_beta":true,"boss_relics":[{"not_picked":["Tiny House","Runic Dome"],"picked":"WristBlade"},{"not_picked":["Snecko Eye","Velvet Choker"],"picked":"Coffee Dripper"}],"items_purged_floors":[5,28],"is_endless":false,"potions_floor_spawned":[4,10,14,25,27,33,37,40,44],"killed_by":"Giant Head","ascension_level":20}}