{"host":"3498uni0c31c9bdm","time":1611827234,"event":{"mods":["BaseMod","Better Third Choice","Minty Spire (QoL Compilation)","Replay The Spire","StSLib"],"gold_per_floor":[110,110,110,130,148,148,148,148,148,178,208,118,118,81,81,216,216,230,265,502,15,15,46,46,46,94,94,106,106,106,106],"floor_reached":30,"language":"ENG","playtime":832,"items_purged":[],"score":486,"play_id":"ba64e424-b9a3-4cf8-ae4d-fcae34e9dfc0","local_time":"20210128204714","is_ascension_mode":true,"campfire_choices":[{"floor":6,"key":"RECALL"},{"floor":13,"key":"REST"},{"data":"Alpha","floor":15,"key":"SMITH"},{"floor":24,"key":"REST"},{"floor":27,"key":"REST"}],"circlet_count":0,"master_deck":["Strike_P+1","Strike_P","Strike_P","Strike_P","Defend_P","Defend_P+1","Defend_P","Defend_P","Eruption","Vigilance+1","Alpha+1","Consecrate","CarveReality","CrushJoints","Apotheosis+1","Wish+1","Establishment","Sickly","Tantrum+1","Devotion+1","Decay","Hallucinations","CurseOfTheBell","BattleHymn+1","Prostrate","ReplayTheSpireMod:Splinters","SashWhip+1","ReplayTheSpireMod:IOU","Prostrate","PathToVictory","MentalFortress","Wallop+1"],"relics":["PureWater","Juzu Bracelet","Replay:Ringing Soul","Odd Mushroom","Molten Egg 2","ReplayTheSpireMod:CursedCoin","Pantograph","Replay:Ancient Bell","PreservedInsect","Matryoshka","Turnip","Red Mask","War Paint","Replay:Purple Gloves","Replay:Wax Seal","Guide Book","Replay:Baseball","Potion Belt","Gremlin Food"],"acts_visited":["Exordium","TheCity"],"potions_floor_usage":[4,11,16,19,19,19,19,23,23],"damage_taken":[{"damage":0,"enemies":"2 Louse","floor":1,"turns":4},{"damage":2,"enemies":"Cultist","floor":4,"turns":3},{"damage":2,"enemies":"Jaw Worm","floor":5,"turns":4},{"damage":14,"enemies":"The Mushroom Lair","floor":10,"turns":4},{"damage":23,"enemies":"3 Sentries","floor":11,"turns":3},{"damage":4,"enemies":"Fading Forest","floor":16,"turns":11},{"damage":58,"enemies":"Spheric Guardian","floor":18,"turns":6},{"damage":8,"enemies":"Masked Bandits","floor":19,"turns":3},{"damage":33,"enemies":"Slavers","floor":23,"turns":5},{"damage":10,"enemies":"Chosen","floor":28,"turns":8},{"damage":76,"enemies":"Book of Stabbing","floor":30,"turns":5}],"seed_played":"7820435059147804132","potions_obtained":[{"floor":3,"key":"Block Potion"},{"floor":3,"key":"Fruit Juice"},{"floor":3,"key":"LifebloodPotion"},{"floor":4,"key":"EntropicBrew"},{"floor":11,"key":"Reflective Coating"},{"floor":18,"key":"Elixir"},{"floor":19,"key":"Fire Potion"}],"is_trial":false,"path_per_floor":["M","$","?","M","M","R","?","T","T","?","E","$","R","$","R","B",null,"M","?","?","$","?","E","R","?","T","R","M","?","E"],"character_chosen":"WATCHER","items_purchased":["ReplayTheSpireMod:CursedCoin","Pantograph","Tantrum+1","Replay:Purple Gloves","Replay:Wax Seal","Guide Book","Prostrate","PathToVictory"],"campfire_rested":3,"item_purchase_floors":[12,12,14,21,21,21,21,21],"current_hp_per_floor":[65,65,65,68,66,66,66,66,66,55,35,38,63,66,66,88,94,39,34,37,40,43,13,46,46,46,79,72,72,0,0],"gold":106,"neow_bonus":"ONE_RANDOM_RARE_CARD","is_daily":false,"chose_seed":false,"campfire_upgraded":1,"win_rate":0.0,"timestamp":1611827234,"path_taken":["M","$","?","?","M","R","?","?","T","?","E","$","R","$","R","BOSS","M","?","?","?","?","E","R","?","T","R","M","?","E"],"items_purchased_type":["Relic","Relic","Card","Relic","Relic","Relic","Card","Card"],"build_version":"2020-12-22","purchased_purges":0,"victory":false,"max_hp_per_floor":[72,72,72,77,77,77,77,77,77,80,83,86,86,89,89,92,95,98,101,104,107,110,113,113,113,113,113,116,116,116,116],"card_choices":[{"not_picked":["BowlingBash","Replay:BluntJabs"],"picked":"Consecrate","floor":1},{"not_picked":["Protect","BowlingBash"],"picked":"CarveReality","floor":4},{"not_picked":["FlyingSleeves","Replay:ManipulateFuture"],"picked":"CrushJoints","floor":5},{"not_picked":["Indignation","Crescendo"],"picked":"Wish","floor":10},{"not_picked":["Adaptation","Replay:ManipulateFuture"],"picked":"Establishment","floor":11},{"not_picked":["ConjureBlade","Establishment"],"picked":"Devotion","floor":16},{"not_picked":["Pain","Regret"],"picked":"Decay","floor":17},{"not_picked":["Normality","ReplayTheSpireMod:Restless Dread"],"picked":"Hallucinations","floor":17},{"not_picked":["Replay:Hysterical Blindness","Sickly"],"picked":"CurseOfTheBell","floor":17},{"not_picked":["Nirvana","ThirdEye+1"],"picked":"BattleHymn+1","floor":18},{"not_picked":["Adaptation","Scrawl"],"picked":"Prostrate","floor":19},{"not_picked":["Replay:BluntJabs+1","ThirdEye+1"],"picked":"SashWhip+1","floor":20},{"not_picked":["ClearTheMind","Scrawl"],"picked":"MentalFortress","floor":23},{"not_picked":["FearNoEvil+1","FollowUp+1"],"picked":"Wallop+1","floor":28}],"player_experience":758332,"relics_obtained":[{"floor":8,"key":"Juzu Bracelet"},{"floor":9,"key":"Replay:Ringing Soul"},{"floor":10,"key":"Odd Mushroom"},{"floor":11,"key":"Molten Egg 2"},{"floor":19,"key":"Red Mask"},{"floor":20,"key":"War Paint"},{"floor":23,"key":"Replay:Baseball"},{"floor":26,"key":"Potion Belt"},{"floor":26,"key":"Gremlin Food"}],"event_choices":[{"damage_healed":0,"gold_gain":0,"player_choice":"Got Potions","damage_taken":0,"max_hp_gain":0,"max_hp_loss":0,"event_name":"Lab","floor":3,"gold_loss":0},{"damage_healed":66,"gold_gain":0,"player_choice":"Embrace","damage_taken":0,"max_hp_gain":0,"max_hp_loss":77,"event_name":"betterThird:BetterShining","floor":7,"gold_loss":0},{"damage_healed":0,"gold_gain":0,"player_choice":"Fought Mushrooms","damage_taken":0,"max_hp_gain":0,"max_hp_loss":0,"event_name":"Mushrooms","floor":10,"gold_loss":0},{"damage_healed":0,"gold_gain":0,"player_choice":"Fought Bandits","damage_taken":0,"max_hp_gain":0,"max_hp_loss":0,"event_name":"Masked Bandits","floor":19,"gold_loss":0},{"damage_healed":0,"gold_gain":0,"player_choice":"Smashed Altar","damage_taken":0,"max_hp_gain":0,"max_hp_loss":0,"event_name":"Forgotten Altar","floor":22,"gold_loss":0,"cards_obtained":["Decay"]},{"cards_removed":["Decay"],"damage_healed":0,"gold_gain":0,"player_choice":"Purged","damage_taken":0,"max_hp_gain":0,"max_hp_loss":0,"event_name":"Purifier","floor":25,"gold_loss":0},{"damage_healed":0,"gold_gain":0,"player_choice":"Ignored","damage_taken":0,"max_hp_gain":0,"max_hp_loss":0,"event_name":"Beggar","floor":29,"gold_loss":0}],"is_beta":false,"boss_relics":[{"not_picked":["Astrolabe","Philosopher\u0027s Stone"],"picked":"Replay:Ancient Bell"},{"not_picked":["Oddly Smooth Stone","Happy Flower"],"picked":"PreservedInsect"},{"not_picked":["Mirror","White Beast Statue"],"picked":"Matryoshka"},{"not_picked":["CaptainsWheel","Gambling Chip"],"picked":"Turnip"}],"items_purged_floors":[],"is_endless":false,"potions_floor_spawned":[4,11,18,19],"killed_by":"Book of Stabbing","ascension_level":8}}