{"host":"lxihx0b6awoz2w1j","time":1611871866,"event":{"mods":["Act Like it!","BaseMod","Better Third Choice","BetterRewards","CapriCore","Colored Powertips","Conspire","Downfall","Fox Events","Gensokyo","Hermit","Hubris","Infinite Spire","JesterMod","Luminous","Marisa????????","Melee Mod","Minty Spire (QoL Compilation)","Permanent Neow","Prisma Mod","Quick Restart","Relic Stats","Reliquary","Replay The Spire","Shade Mod","Spicy Shops","StSLib","Td1madao Mod","The Alterego","The Blue Laboratory","The Cursed","The Death Knight","The Disciple","The Forsaken","The Gatherer","The Immortal","The Jungle","The Marked","The Runesmith","The Senshi","The Servant 0.9.4","The Spell Scribe","Waifu the Spire"],"gold_per_floor":[119,137,137,154,38,38,69,80,107,207,219,219,5,19,19,122,122,139,149,166,166,166,194,194,206,232,232,232,244,276,276,276,378,378,394,394,57,70,84,84,84,115,139,149,176,176,176,176],"floor_reached":47,"language":"ENG","playtime":2032,"items_purged":["Shame","Amnesia"],"score":600,"play_id":"a140cdf2-4ad0-47b9-98c5-3e86e92dc7f3","local_time":"20210128231106","is_ascension_mode":false,"campfire_choices":[{"data":"Shade:SkeletonArmy","floor":6.0,"key":"SMITH"},{"data":"Shade:OpenGraves","floor":12.0,"key":"SMITH"},{"data":"Shade:PressTheAttack","floor":15.0,"key":"SMITH"},{"floor":24.0,"key":"REST"},{"floor":32.0,"key":"REST"},{"data":"infinitespire:Oblivion","floor":40.0,"key":"SMITH"}],"circlet_count":0,"master_deck":["Shade:Strike_Shade+1","Shade:Strike_Shade+1","Shade:Strike_Shade+1","Shade:Strike_Shade+1","Shade:Defend_Shade","Shade:Defend_Shade","Shade:Defend_Shade","Shade:Defend_Shade","Shade:AnimateDead","Shade:CarefulCut","Shade:GoDigging+1","Shade:CommandSoldier","Shade:FeralStrike","Shade:FingerOfDeath","Shade:FuneraryArmor","Shade:FingerOfDeath","Shade:CommandSoldier","Shade:SkeletonArmy+1","Shade:AncientSpear","Shade:OpenGraves+1","Shade:FeralStrike","Shade:CoffinDance","Shade:GraveStillness","Shade:GraveStillness","Shade:CloudOfShrapnel","Shade:PressTheAttack+1","Shade:Coordination","Shade:FuneraryJewels","Shade:AuraOfUnlife+1","Shade:FingerOfDeath+1","Shade:FuneraryArmor","Shade:PotionOfRestlessness","Shade:SkeletonArmy+1","infinitespire:Oblivion+1","Shade:WallOfFlesh","Shade:PoundOfFlesh","Shade:Tombstone","Shade:Trample","ReplayTheSpireMod:Private Reserves","Shade:SkeletonHug","Shade:CommandSoldier+1","Shade:Putrefaction","Shade:CommandSoldier","Shade:Frenzy"],"relics":["Shade:YorickSkull","White Beast Statue","Replay:Bottled Eggs","theForsaken:Lifeblossom","Centennial Puzzle","reliquary:RosewoodLute","ReplayTheSpireMod:CursedCoin","Art of War","Philosopher\u0027s Stone","MutagenicStrength","theMarked:ArtifactOfAir","reliquary:TuningFork","Bag of Preparation","hubris:Zylophone","Sozu","Snack Pack","bronze:MakeshiftBattery","Letter Opener","reliquary:WeakTea","conspire:TopHat","Ancient Tea Set","theForsaken:Kindling"],"acts_visited":["Exordium","TheCity","TheBeyond"],"potions_floor_usage":[],"damage_taken":[{"damage":2.0,"enemies":"Jaw Worm","floor":1.0,"turns":4.0},{"damage":2.0,"enemies":"Cultist","floor":2.0,"turns":3.0},{"damage":0.0,"enemies":"2 Louse","floor":4.0,"turns":1.0},{"damage":0.0,"enemies":"3 Sentries","floor":7.0,"turns":4.0},{"damage":0.0,"enemies":"Large Slime","floor":8.0,"turns":3.0},{"damage":0.0,"enemies":"2 Fungi Beasts","floor":11.0,"turns":2.0},{"damage":9.0,"enemies":"Lots of Slimes","floor":14.0,"turns":2.0},{"damage":34.0,"enemies":"The Guardian","floor":16.0,"turns":9.0},{"damage":17.0,"enemies":"3 Byrds","floor":18.0,"turns":4.0},{"damage":0.0,"enemies":"Spheric Guardian","floor":19.0,"turns":1.0},{"damage":1.0,"enemies":"Snake Plant","floor":20.0,"turns":3.0},{"damage":31.0,"enemies":"Nightmare","floor":23.0,"turns":7.0},{"damage":10.0,"enemies":"conspire:HollyBat","floor":25.0,"turns":8.0},{"damage":5.0,"enemies":"Centurion and Healer","floor":29.0,"turns":4.0},{"damage":10.0,"enemies":"Book of Stabbing","floor":30.0,"turns":4.0},{"damage":2.0,"enemies":"hubris:MusketHawk","floor":33.0,"turns":8.0},{"damage":3.0,"enemies":"3 Shapes","floor":35.0,"turns":2.0},{"damage":0.0,"enemies":"Orb Walker","floor":38.0,"turns":2.0},{"damage":8.0,"enemies":"3 Darklings","floor":39.0,"turns":3.0},{"damage":1.0,"enemies":"Reptomancer","floor":42.0,"turns":4.0},{"damage":13.0,"enemies":"Spire Growth","floor":44.0,"turns":4.0},{"damage":38.0,"enemies":"Nightmare","floor":45.0,"turns":7.0},{"damage":37,"enemies":"Nemesis","floor":47,"turns":2}],"seed_played":"-7676710503306327078","potions_obtained":[{"floor":1.0,"key":"DistilledChaos"},{"floor":2.0,"key":"Elixir"},{"floor":4.0,"key":"Dexterity Potion"},{"floor":7.0,"key":"blueLaboratory:Moonshine"},{"floor":8.0,"key":"LifebloodPotion"},{"floor":14.0,"key":"blueLaboratory:BottleOfVodka"},{"floor":20.0,"key":"DeathKnight:RimePotion"},{"floor":23.0,"key":"DeathKnight:BottledBloodEchoes"},{"floor":25.0,"key":"blueLaboratory:PyrophylliteBrew"}],"is_trial":false,"path_per_floor":["M","M","?","M","$","R","E","M","T","?","M","R","$","M","R","B",null,"M","M","M","?","?","NM","R","M","T","?","AVR","M","E","?","R","B",null,"M","?","$","M","M","R","?","E","T","M","NM","AVR","E"],"character_chosen":"SHADE","items_purchased":["White Beast Statue","Replay:Bottled Eggs","theForsaken:Lifeblossom","Shade:GoDigging","Shade:CommandSoldier","Shade:FeralStrike","Shade:FingerOfDeath","Shade:SkeletonArmy","Shade:AncientSpear","ReplayTheSpireMod:CursedCoin","Art of War","Shade:GraveStillness","Shade:CloudOfShrapnel","Letter Opener","ReplayTheSpireMod:Private Reserves"],"campfire_rested":2,"item_purchase_floors":[0,0,0,0,0,0,0,5,5,13,13,13,13,37,37],"current_hp_per_floor":[55,58,58,58,58,58,64,65,65,65,65,65,65,56,56,28,65,49,49,53,53,53,28,47,43,43,43,43,44,40,29,50,54,70,69,69,69,70,64,64,64,70,70,58,30,30,0,0],"gold":176,"neow_bonus":"","is_daily":false,"chose_seed":false,"campfire_upgraded":4,"win_rate":0.0,"timestamp":1611871866,"path_taken":["M","M","?","M","?","R","E","M","T","?","M","R","$","M","R","BOSS","M","?","M","?","?","NM","R","M","T","?","AVR","?","E","?","R","BOSS","M","?","$","?","M","R","?","E","T","?","NM","AVR","E"],"items_purchased_type":["Relic","Relic","Relic","Card","Card","Card","Card","Card","Card","Relic","Relic","Card","Card","Relic","Card"],"build_version":"2020-12-22","purchased_purges":2,"victory":false,"max_hp_per_floor":[65,65,65,65,65,65,65,65,65,65,65,65,65,65,65,65,65,65,65,65,65,65,65,65,65,65,65,65,65,65,70,70,70,70,70,70,70,70,70,70,70,70,70,70,70,70,70,70],"relic_stats":{"Sozu":9,"Centennial Puzzle":[42],"counters":[56,223],"Art of War":[16],"Bag of Preparation":[20],"Letter Opener":[35],"obtain_stats":[{"Golden Egg":61,"conspire:RoyalGoblet":0,"Blood Vial":6,"Sozu":34,"Centennial Puzzle":26,"hubris:AstralHammer":0,"MealTicket":0,"Philosopher\u0027s Stone":17,"HandDrill":10,"Toxic Egg 2":0,"Replay:Bottled Steam":8,"ReplayTheSpireMod:CursedCoin":0,"Oddly Smooth Stone":49,"Eternal Feather":24,"Letter Opener":37,"reliquary:WeakTea":42,"War Paint":43,"hubris:Zylophone":28,"infinitespire:Broken Mirror":28,"MutagenicStrength":21,"Black Star":20,"hubris:TenFootPole":24,"bronze:MakeshiftBattery":34,"Shade:YorickSkull":0,"theForsaken:Lifeblossom":40,"Painkiller Herb":53,"Bag of Preparation":44,"hubris:RunicObelisk":17,"Replay:Mystery Machine":37,"Smiling Mask":28,"Ancient Tea Set":45,"conspire:TopHat":43,"infinitespire:Bottled Soul":62,"theForsaken:Kindling":46,"hubris:FunFungus":44,"Replay:Bottled Eggs":0,"InkBottle":9,"BargainBundle":0,"reliquary:RosewoodLute":9,"White Beast Statue":0,"theMarked:ArtifactOfAir":22,"Anchor":61,"hubris:BundleOfHerbs":0,"Art of War":13,"reliquary:TuningFork":23,"Snack Pack":30,"Runesmith:AutoHammer":59,"ReplayTheSpireMod:Lightbulb":46,"Toy Ornithopter":40},{"Golden Egg":32,"conspire:RoyalGoblet":33,"Blood Vial":4,"Sozu":17,"Centennial Puzzle":11,"hubris:AstralHammer":33,"MealTicket":33,"Philosopher\u0027s Stone":41,"HandDrill":5,"Toxic Egg 2":33,"Replay:Bottled Steam":5,"ReplayTheSpireMod:CursedCoin":33,"Oddly Smooth Stone":23,"Eternal Feather":11,"Letter Opener":50,"reliquary:WeakTea":53,"War Paint":22,"hubris:Zylophone":46,"infinitespire:Broken Mirror":13,"MutagenicStrength":44,"Black Star":9,"hubris:TenFootPole":11,"bronze:MakeshiftBattery":49,"Shade:YorickSkull":0,"theForsaken:Lifeblossom":21,"Painkiller Herb":25,"Bag of Preparation":23,"hubris:RunicObelisk":7,"Replay:Mystery Machine":19,"Smiling Mask":13,"Ancient Tea Set":55,"conspire:TopHat":53,"infinitespire:Bottled Soul":32,"theForsaken:Kindling":55,"hubris:FunFungus":23,"Replay:Bottled Eggs":33,"InkBottle":5,"BargainBundle":33,"reliquary:RosewoodLute":38,"White Beast Statue":33,"theMarked:ArtifactOfAir":44,"Anchor":32,"hubris:BundleOfHerbs":33,"Art of War":39,"reliquary:TuningFork":45,"Snack Pack":48,"Runesmith:AutoHammer":31,"ReplayTheSpireMod:Lightbulb":23,"Toy Ornithopter":21},{"Golden Egg":127,"conspire:RoyalGoblet":132,"Blood Vial":18,"Sozu":75,"Centennial Puzzle":48,"hubris:AstralHammer":132,"MealTicket":132,"Philosopher\u0027s Stone":160,"HandDrill":22,"Toxic Egg 2":132,"Replay:Bottled Steam":22,"ReplayTheSpireMod:CursedCoin":132,"Oddly Smooth Stone":99,"Eternal Feather":48,"Letter Opener":201,"reliquary:WeakTea":210,"War Paint":94,"hubris:Zylophone":183,"infinitespire:Broken Mirror":57,"MutagenicStrength":168,"Black Star":41,"hubris:TenFootPole":48,"bronze:MakeshiftBattery":199,"Shade:YorickSkull":0,"theForsaken:Lifeblossom":91,"Painkiller Herb":112,"Bag of Preparation":99,"hubris:RunicObelisk":33,"Replay:Mystery Machine":81,"Smiling Mask":57,"Ancient Tea Set":221,"conspire:TopHat":210,"infinitespire:Bottled Soul":127,"theForsaken:Kindling":221,"hubris:FunFungus":99,"Replay:Bottled Eggs":132,"InkBottle":22,"BargainBundle":132,"reliquary:RosewoodLute":147,"White Beast Statue":132,"theMarked:ArtifactOfAir":168,"Anchor":127,"hubris:BundleOfHerbs":132,"Art of War":149,"reliquary:TuningFork":175,"Snack Pack":191,"Runesmith:AutoHammer":124,"ReplayTheSpireMod:Lightbulb":99,"Toy Ornithopter":91}]},"card_choices":[{"not_picked":["Shade:Carnophage","Shade:SpectralStrikes"],"picked":"Shade:FuneraryArmor","floor":1.0},{"not_picked":["Shade:CallOfTheGrave","Shade:Brains"],"picked":"Shade:FingerOfDeath","floor":2.0},{"not_picked":["Shade:GreyBargain","Shade:GraveStillness"],"picked":"Shade:CommandSoldier","floor":4.0},{"not_picked":["Shade:AblativeArmor","Shade:MadHubris"],"picked":"Shade:OpenGraves","floor":7.0},{"not_picked":["Shade:Premonition","Shade:RavenousHorde"],"picked":"Shade:FeralStrike","floor":8.0},{"not_picked":["Shade:BoneShards","Shade:FleshOffering"],"picked":"Shade:CoffinDance","floor":11.0},{"not_picked":["Shade:DangerousRitual","Shade:CoffinDance"],"picked":"Shade:PressTheAttack","floor":14.0},{"not_picked":["Shade:LastGasp","Shade:LoseControl"],"picked":"Shade:Coordination","floor":16.0},{"not_picked":["Shade:StitchTogether","Shade:FeralStrike"],"picked":"Shade:FuneraryJewels","floor":18.0},{"not_picked":["Shade:RavenousHorde+1","Shade:Tombstone"],"picked":"Shade:AuraOfUnlife+1","floor":19.0},{"not_picked":["Shade:FleshToFlesh","Shade:Bonestorm+1"],"picked":"Shade:FingerOfDeath+1","floor":20.0},{"not_picked":["Shade:FeralStrike","Shade:AncientSpear+1"],"picked":"Shade:FuneraryArmor","floor":23.0},{"not_picked":["Shade:Haruspicy","Shade:BoneShards"],"picked":"Shade:PotionOfRestlessness","floor":25.0},{"not_picked":["Shade:Trample","Shade:FuneraryArmor"],"picked":"Shade:WallOfFlesh","floor":29.0},{"not_picked":["Shade:Frenzy+1","Shade:MadHubris"],"picked":"Shade:PoundOfFlesh","floor":30.0},{"not_picked":["Shade:DarkOfNight","Shade:SelfBurial"],"picked":"Shade:Tombstone","floor":33.0},{"not_picked":["Shade:SkeletonHug+1","Shade:Premonition"],"picked":"Shade:Trample","floor":35.0},{"not_picked":["Shade:PotionOfRestlessness+1","Shade:FleshOffering+1"],"picked":"Shade:SkeletonHug","floor":38.0},{"not_picked":["Shade:PoundOfFlesh","Shade:AncientSpear+1"],"picked":"Shade:CommandSoldier+1","floor":39.0},{"not_picked":["Shade:RitualOffering","Shade:PressTheAttack+1"],"picked":"Shade:Putrefaction","floor":42.0},{"not_picked":["Shade:GraveStillness","Shade:Premonition"],"picked":"Shade:CommandSoldier","floor":44.0},{"not_picked":["Shade:AncientSpear+1","Shade:Awaken+1"],"picked":"Shade:Frenzy","floor":45.0}],"player_experience":682566,"relics_obtained":[{"floor":7.0,"key":"Centennial Puzzle"},{"floor":9.0,"key":"reliquary:RosewoodLute"},{"floor":23.0,"key":"reliquary:TuningFork"},{"floor":26.0,"key":"Bag of Preparation"},{"floor":30.0,"key":"Snack Pack"},{"floor":42.0,"key":"reliquary:WeakTea"},{"floor":43.0,"key":"conspire:TopHat"},{"floor":45.0,"key":"Ancient Tea Set"}],"event_choices":[{"damage_healed":0.0,"max_hp_gain":0.0,"max_hp_loss":0.0,"gold_gain":0.0,"event_name":"Accursed Blacksmith","player_choice":"Forge","floor":3.0,"gold_loss":0.0,"damage_taken":0.0,"cards_upgraded":["Shade:GoDigging"]},{"damage_healed":0.0,"max_hp_gain":0.0,"max_hp_loss":0.0,"gold_gain":100.0,"event_name":"Wheel of Change","player_choice":"Gold","floor":10.0,"gold_loss":0.0,"damage_taken":0.0},{"damage_healed":0.0,"max_hp_gain":0.0,"max_hp_loss":0.0,"gold_gain":0.0,"event_name":"Drug Dealer","player_choice":"Inject Mutagens","floor":21.0,"gold_loss":0.0,"damage_taken":0.0,"relics_obtained":["MutagenicStrength"]},{"damage_healed":0.0,"max_hp_gain":0.0,"max_hp_loss":0.0,"gold_gain":0.0,"event_name":"Duplicator","player_choice":"Copied","floor":27.0,"gold_loss":0.0,"damage_taken":0.0,"cards_obtained":["Shade:SkeletonArmy"]},{"damage_healed":0.0,"max_hp_gain":5.0,"max_hp_loss":0.0,"gold_gain":0.0,"event_name":"Forgotten Altar","player_choice":"Shed Blood","floor":31.0,"gold_loss":0.0,"damage_taken":16.0},{"damage_healed":0.0,"max_hp_gain":0.0,"max_hp_loss":0.0,"gold_gain":0.0,"event_name":"The Woman in Blue","player_choice":"Bought 0 Potions","floor":36.0,"gold_loss":0.0,"damage_taken":0.0},{"damage_healed":0.0,"max_hp_gain":0.0,"max_hp_loss":0.0,"gold_gain":0.0,"event_name":"Match and Keep!","player_choice":"0 cards matched","floor":41.0,"gold_loss":0.0,"damage_taken":0.0,"cards_obtained":[]}],"is_beta":false,"boss_relics":[{"not_picked":["conspire:RunicOctahedron","SacredBark"],"picked":"Philosopher\u0027s Stone"},{"not_picked":["ReplayTheSpireMod:DimensionalGlitch","conspire:SeveredTorchhead"],"picked":"bronze:MakeshiftBattery"}],"items_purged_floors":[0,13],"is_endless":true,"potions_floor_spawned":[1,2,4,7,8,11,14,16,18,19,20,23,25,29,30,33,35,38,39,42,44,45],"killed_by":"Nemesis","ascension_level":0}}