{"host":"q6gu1aul14zxqpxq","time":1611842276,"event":{"mods":["AchievementEnabler","BaseMod","Colored Map","Colored Powertips","Googly Eyes","Highlight Path","Minty Spire (QoL Compilation)","Rare Cards Sparkle","StSLib","everything is the same but u backflip on backflip"],"gold_per_floor":[113,128,146,158,5,5,5,19,19,39,39,77,77,30,30,153,153,167,118,118,142,158,158,158],"floor_reached":23,"language":"ENG","playtime":989,"items_purged":[],"score":276,"play_id":"c41fb7d9-60ec-42b7-ab81-50a80bdacdb8","local_time":"20210128145756","is_ascension_mode":true,"campfire_choices":[{"data":"Streamline","floor":6.0,"key":"SMITH"},{"floor":13.0,"key":"REST"},{"data":"Go for the Eyes","floor":15.0,"key":"SMITH"}],"circlet_count":0,"master_deck":["Strike_B","Strike_B","Strike_B","Strike_B","Defend_B","Defend_B","Defend_B","Defend_B","Zap","Dualcast","Writhe","Streamline+1","Sweeping Beam","Go for the Eyes+1","Gash","Scrape","Gash","Electrodynamics","Beam Cell","Gash","Gash","Steam"],"relics":["Cracked Core","TungstenRod","TheAbacus","Singing Bowl","Golden Idol","DataDisk","Sozu"],"acts_visited":[],"potions_floor_usage":[22,23],"damage_taken":[{"damage":0.0,"enemies":"Cultist","floor":1.0,"turns":3.0},{"damage":6.0,"enemies":"Jaw Worm","floor":2.0,"turns":3.0},{"damage":4.0,"enemies":"Small Slimes","floor":3.0,"turns":2.0},{"damage":0.0,"enemies":"Exordium Thugs","floor":4.0,"turns":4.0},{"damage":7.0,"enemies":"Large Slime","floor":8.0,"turns":3.0},{"damage":1.0,"enemies":"2 Fungi Beasts","floor":10.0,"turns":4.0},{"damage":17.0,"enemies":"Lagavulin","floor":12.0,"turns":5.0},{"damage":18.0,"enemies":"Hexaghost","floor":16.0,"turns":10.0},{"damage":12.0,"enemies":"Chosen","floor":18.0,"turns":4.0},{"damage":10,"enemies":"Spheric Guardian","floor":21,"turns":3},{"damage":27,"enemies":"Shelled Parasite and Fungi","floor":22,"turns":3},{"damage":21,"enemies":"Gremlin Leader","floor":23,"turns":4}],"seed_played":"-1240129587653392923","potions_obtained":[{"floor":1.0,"key":"SkillPotion"},{"floor":3.0,"key":"PotionOfCapacity"},{"floor":8.0,"key":"SneckoOil"},{"floor":10.0,"key":"AttackPotion"},{"floor":12.0,"key":"DistilledChaos"}],"is_trial":false,"path_per_floor":["M","M","M","M","$","R","$","M","T","M","?","E","R","$","R","B",null,"M","$","?","M","M","E"],"character_chosen":"DEFECT","items_purchased":["TheAbacus","Gash","Beam Cell"],"campfire_rested":1,"item_purchase_floors":[5,14,19],"current_hp_per_floor":[68,62,58,58,58,58,58,51,51,50,33,16,38,38,38,20,61,51,51,51,41,14,0,0],"gold":158,"neow_bonus":"ONE_RARE_RELIC","is_daily":false,"chose_seed":false,"campfire_upgraded":2,"win_rate":0.0,"timestamp":1611842276,"path_taken":["M","?","?","M","$","R","?","M","T","M","?","E","R","$","R","BOSS","M","$","?","M","M","E"],"items_purchased_type":["Relic","Card","Card"],"build_version":"2020-12-22","purchased_purges":0,"victory":false,"max_hp_per_floor":[75,75,75,75,75,75,75,75,75,75,75,75,75,75,75,75,75,77,77,77,77,77,77,77],"card_choices":[{"not_picked":["Cold Snap","Blizzard"],"picked":"Streamline","floor":1.0},{"not_picked":["Steam","Hologram"],"picked":"Sweeping Beam","floor":2.0},{"not_picked":["Rainbow","Defragment","Hologram"],"picked":"SKIP","floor":3.0},{"not_picked":["Sweeping Beam","Streamline"],"picked":"Go for the Eyes","floor":4.0},{"not_picked":["Hologram","Barrage","Cold Snap"],"picked":"SKIP","floor":8.0},{"not_picked":["Steam Power","Barrage"],"picked":"Gash","floor":10.0},{"not_picked":["Blizzard","Stack"],"picked":"Scrape","floor":12.0},{"not_picked":["Buffer","Amplify"],"picked":"Electrodynamics","floor":16.0},{"not_picked":["Rebound","Conserve Battery","Sunder"],"picked":"Singing Bowl","floor":18},{"not_picked":["Redo","Steam"],"picked":"Gash","floor":21},{"not_picked":["Undo","Recycle"],"picked":"Steam","floor":22}],"player_experience":347820,"relics_obtained":[{"floor":9.0,"key":"Singing Bowl"},{"floor":12.0,"key":"DataDisk"}],"event_choices":[{"damage_healed":0.0,"max_hp_gain":0.0,"max_hp_loss":0.0,"gold_gain":0.0,"event_name":"Golden Idol","player_choice":"Take Damage","floor":11.0,"gold_loss":0.0,"damage_taken":18.0,"relics_obtained":["Golden Idol"]},{"damage_healed":0,"gold_gain":0,"player_choice":"Copied","damage_taken":0,"max_hp_gain":0,"max_hp_loss":0,"event_name":"Duplicator","floor":20,"gold_loss":0,"cards_obtained":["Gash"]}],"is_beta":false,"boss_relics":[{"not_picked":["Velvet Choker","Pandora\u0027s Box"],"picked":"Sozu"}],"items_purged_floors":[],"is_endless":false,"potions_floor_spawned":[1,3,8,10,12,18],"killed_by":"Gremlin Leader","ascension_level":6}}