{"host":"j0rajrfs2q3wozdq","time":1611842342,"event":{"mods":["BaseMod","Colored Powertips","HololiveMod","Koishi","Lobotomy","LobotomyExtend","Minty Spire (QoL Compilation)","Prisma Mod","Quick Restart","Remilia¡]Á¢¦Ì²ú?¡^","Replay The Spire","Shop Mod","StSLib","The Alterego","WarShipGirlsR/??¤Ö¤kR mod","Yakumo Yukari mod","Youmu¡]»î¾z§¯?¡^"],"gold_per_floor":[114,134,148,16,16,26,26,36,36,36,53,71,89,89,89,192,192,207,207,226,241,241,241],"floor_reached":22,"language":"ZHS","playtime":2339,"items_purged":["alterego_mod:Impale"],"score":182,"play_id":"83cc100d-85b2-4e69-b3ea-df3addacc051","local_time":"20210128215902","is_ascension_mode":false,"campfire_choices":[{"data":"alterego_mod:Venus","floor":7,"key":"SMITH"},{"floor":15,"key":"DIG"}],"circlet_count":0,"master_deck":["alterego_mod:Strike","alterego_mod:Strike","alterego_mod:Strike","alterego_mod:Strike","alterego_mod:Defend","alterego_mod:Defend","alterego_mod:Defend+1","alterego_mod:Defend","alterego_mod:BigMeatyClaws","alterego_mod:BrynhildrsRune","alterego_mod:Venus+1","MHz","Wellcheers","alterego_mod:Schoolgirl+1","Bloodbath","alterego_mod:Undulate","alterego_mod:PainIsPleasure","AbeCurse","alterego_mod:Clones"],"relics":["alterego_mod:MasochisticConstitution","CogitoBucket","Garlic","Divine Protection","Abe\u0027s Treasure"],"acts_visited":["Exordium","TheCity"],"potions_floor_usage":[16,22],"damage_taken":[{"damage":2,"enemies":"2 Louse","floor":1,"turns":4},{"damage":6,"enemies":"Small Slimes","floor":2,"turns":3},{"damage":5,"enemies":"Jaw Worm","floor":3,"turns":4},{"damage":6,"enemies":"3 Louse","floor":6,"turns":6},{"damage":7,"enemies":"2 Fungi Beasts","floor":8,"turns":4},{"damage":12,"enemies":"Looter","floor":11,"turns":7},{"damage":0,"enemies":"Exordium Wildlife","floor":12,"turns":5},{"damage":2,"enemies":"Blue Slaver","floor":13,"turns":5},{"damage":30,"enemies":"Hexaghost","floor":16,"turns":16},{"damage":0,"enemies":"3 Byrds","floor":18,"turns":5},{"damage":0,"enemies":"Spheric Guardian","floor":20,"turns":16},{"damage":5,"enemies":"Snecko","floor":21,"turns":8},{"damage":94,"enemies":"Cultist and Chosen","floor":22,"turns":10}],"seed_played":"3440306657574365463","potions_obtained":[{"floor":6,"key":"PanachePotion"},{"floor":8,"key":"BlessingOfTheForge"},{"floor":12,"key":"Milkshake"},{"floor":16,"key":"ColorlessPotion"}],"is_trial":false,"path_per_floor":["M","M","M","$","?","M","R","M","T","?","M","M","M","?","R","B",null,"M","?","M","M","M"],"character_chosen":"The_Alterego","items_purchased":["alterego_mod:Schoolgirl+1"],"campfire_rested":0,"item_purchase_floors":[4],"current_hp_per_floor":[71,66,62,62,67,79,79,77,77,77,76,81,82,82,82,63,83,83,83,83,80,0,0],"gold":241,"neow_bonus":"","is_daily":false,"chose_seed":false,"campfire_upgraded":1,"win_rate":0.0,"timestamp":1611842342,"path_taken":["M","M","M","$","?","M","R","M","T","?","M","M","M","?","R","BOSS","M","?","M","M","M"],"items_purchased_type":["Card"],"build_version":"2020-12-22","purchased_purges":1,"victory":false,"max_hp_per_floor":[71,72,73,73,78,79,79,80,80,80,81,81,82,82,82,83,83,83,83,83,84,84,84],"card_choices":[{"not_picked":["MHz","FairyFestival","SpiderBud"],"picked":"Singing Bowl","floor":1},{"not_picked":["alterego_mod:Belle","alterego_mod:Mirror"],"picked":"alterego_mod:Venus","floor":1},{"not_picked":["QueenOfHatred","OldLady"],"picked":"MHz","floor":2},{"not_picked":["alterego_mod:Cycle","alterego_mod:Complex","alterego_mod:Skirt"],"picked":"SKIP","floor":2},{"not_picked":["OSAHOGD","SpiderBud"],"picked":"Wellcheers","floor":3},{"not_picked":["alterego_mod:DustData","alterego_mod:Maid","alterego_mod:PurpleHair"],"picked":"SKIP","floor":3},{"not_picked":["SpiderBud","PunishingBird","SnowQueen"],"picked":"Singing Bowl","floor":6},{"not_picked":["OSAHOGD","FairyFestival"],"picked":"Bloodbath","floor":6},{"not_picked":["alterego_mod:Mirror","alterego_mod:GachaTicket","alterego_mod:Jiggle"],"picked":"SKIP","floor":6},{"not_picked":["FairyFestival","UniverseFragment","Scorched"],"picked":"Singing Bowl","floor":8},{"not_picked":["alterego_mod:1TonWallop","alterego_mod:Support","alterego_mod:RocketPunch"],"picked":"SKIP","floor":8},{"not_picked":["BigBird","LittleHelper","Scorched"],"picked":"Singing Bowl","floor":11},{"not_picked":["alterego_mod:Maid","alterego_mod:Lingerie","alterego_mod:Complex"],"picked":"SKIP","floor":11},{"not_picked":["DreamingCurrent","Scarecrow","CrumblingArmor"],"picked":"Singing Bowl","floor":12},{"not_picked":["alterego_mod:Rip","alterego_mod:Exercise"],"picked":"alterego_mod:Undulate","floor":12},{"not_picked":["SnowQueen","GalaxyChild","Rudolta"],"picked":"Singing Bowl","floor":13},{"not_picked":["alterego_mod:PresenceConcealment","alterego_mod:Skirt","alterego_mod:DestructionOfProperty"],"picked":"SKIP","floor":13},{"not_picked":["FairyFestival","WallGazer","Porccubus"],"picked":"Singing Bowl","floor":16},{"not_picked":["alterego_mod:Venus","alterego_mod:Lift"],"picked":"alterego_mod:PainIsPleasure","floor":16},{"not_picked":["SpiderBud","Alriune","VoidDream"],"picked":"Singing Bowl","floor":18},{"not_picked":["alterego_mod:Jiggle+1","alterego_mod:Cycle+1"],"picked":"alterego_mod:Clones","floor":18},{"not_picked":["Rudolta","Scorched","BeautyBeast"],"picked":"Singing Bowl","floor":20},{"not_picked":["alterego_mod:Rake","alterego_mod:1TonWallop","alterego_mod:Undulate"],"picked":"SKIP","floor":20},{"not_picked":["Murderer","VoidDream","BigBird"],"picked":"Singing Bowl","floor":21},{"not_picked":["alterego_mod:MagicResistance","alterego_mod:Collar","alterego_mod:Rip+1"],"picked":"SKIP","floor":21}],"player_experience":39316,"relics_obtained":[{"floor":9,"key":"Garlic"},{"floor":15,"key":"Divine Protection"}],"event_choices":[{"damage_healed":0,"gold_gain":0,"player_choice":"Donut","damage_taken":0,"max_hp_gain":5,"max_hp_loss":0,"event_name":"Big Fish","floor":5,"gold_loss":0},{"damage_healed":0,"gold_gain":0,"player_choice":"Leave","damage_taken":0,"max_hp_gain":0,"max_hp_loss":0,"event_name":"The Cleric","floor":10,"gold_loss":0},{"damage_healed":0,"gold_gain":0,"player_choice":"Ignored","damage_taken":0,"max_hp_gain":0,"max_hp_loss":0,"event_name":"Ghosts","floor":19,"gold_loss":0}],"is_beta":false,"boss_relics":[{"not_picked":["Busted Crown","Painkiller Herb"],"picked":"Abe\u0027s Treasure"}],"items_purged_floors":[4],"is_endless":false,"potions_floor_spawned":[6,8,12,16,18,21],"killed_by":"Cultist and Chosen","ascension_level":0}}