{"host":"gbsupkmj5cka9iw4","time":1611851657,"event":{"mods":["BaseMod","Better Note","BetterRewards","Minty Spire (QoL Compilation)","Say the Spire","Shop Mod","StSLib"],"gold_per_floor":[109,121,141,66,66,66,93,93,93,93,108,28,28,53,53,127,127,143,193,193,35,35,35,65,78,78,78,78,78,78],"floor_reached":29,"language":"ENG","playtime":1308,"items_purged":["Combust"],"score":659,"play_id":"5fcda8f4-0945-472b-8339-20b9af7839ec","local_time":"20210129013417","is_ascension_mode":true,"campfire_choices":[{"data":"Armaments","floor":6.0,"key":"SMITH"},{"data":"Pommel Strike","floor":8.0,"key":"SMITH"},{"floor":10.0,"key":"REST"},{"floor":15.0,"key":"REST"},{"data":"Trip","floor":23,"key":"SMITH"},{"data":"Whirlwind","floor":27,"key":"SMITH"}],"circlet_count":0,"master_deck":["AscendersBane","Bash","Pommel Strike+1","Twin Strike","Flex","Clothesline","Flex","Twin Strike","Trip+1","True Grit","Shrug It Off+1","Feed","Armaments+1","Shrug It Off","Whirlwind+1","Evolve","Demon Form","Feel No Pain","Corruption","Rage","Intimidate+1","Whirlwind","Intimidate","Shrug It Off","Ghostly","Ghostly","Ghostly","Disarm","J.A.X.","Flame Barrier+1"],"relics":["Burning Blood","Orrery","Singing Bowl","Akabeko","Anchor","Pandora\u0027s Box","War Paint","Frozen Egg 2","Bottled Lightning"],"acts_visited":["Exordium","TheCity"],"potions_floor_usage":[24,25],"damage_taken":[{"damage":12.0,"enemies":"Jaw Worm","floor":1.0,"turns":2.0},{"damage":2.0,"enemies":"Small Slimes","floor":2.0,"turns":3.0},{"damage":0.0,"enemies":"Cultist","floor":3.0,"turns":2.0},{"damage":22.0,"enemies":"Lagavulin","floor":7.0,"turns":5.0},{"damage":12.0,"enemies":"Exordium Thugs","floor":11.0,"turns":3.0},{"damage":24.0,"enemies":"Gremlin Nob","floor":14.0,"turns":4.0},{"damage":46.0,"enemies":"Slime Boss","floor":16.0,"turns":8.0},{"damage":37,"enemies":"3 Byrds","floor":18,"turns":5},{"damage":14,"enemies":"Gremlin Leader","floor":24,"turns":7},{"damage":6,"enemies":"Chosen","floor":25,"turns":5},{"damage":41,"enemies":"Slavers","floor":29,"turns":3}],"seed_played":"8596585089168780483","potions_obtained":[{"floor":2.0,"key":"ElixirPotion"},{"floor":3.0,"key":"ColorlessPotion"},{"floor":16.0,"key":"SkillPotion"},{"floor":18,"key":"Block Potion"},{"floor":25,"key":"LiquidBronze"}],"is_trial":false,"path_per_floor":["M","M","M","?","?","R","E","R","T","R","M","$","?","E","R","B",null,"M","?","?","$","?","R","E","M","T","R","T","E"],"character_chosen":"IRONCLAD","items_purchased":["Orrery","Twin Strike","Trip","True Grit","Whirlwind","Disarm"],"campfire_rested":2,"item_purchase_floors":[0,0,0,0,12,21],"current_hp_per_floor":[42,46,55,55,55,55,42,42,42,66,62,62,55,37,61,21,68,40,40,40,40,40,40,32,34,34,34,34,0,0],"gold":78,"neow_bonus":"","is_daily":false,"chose_seed":false,"campfire_upgraded":4,"win_rate":0.0,"timestamp":1611851657,"path_taken":["M","M","M","?","?","R","E","R","T","R","?","?","?","E","R","BOSS","M","?","?","$","?","R","E","M","T","R","?","E"],"items_purchased_type":["Relic","Card","Card","Card","Card","Card"],"build_version":"2020-12-22","purchased_purges":1,"victory":false,"max_hp_per_floor":[75,75,78,78,78,78,81,81,81,81,83,83,83,83,83,83,83,86,86,43,43,43,43,43,45,45,45,45,45,45],"card_choices":[{"not_picked":["Juggernaut","Infernal Blade"],"picked":"Pommel Strike","floor":0.0},{"not_picked":["Havoc","Clash"],"picked":"Twin Strike","floor":0.0},{"not_picked":["Perfected Strike","Iron Wave"],"picked":"Flex","floor":0.0},{"not_picked":["True Grit","Hemokinesis"],"picked":"Clothesline","floor":0.0},{"not_picked":["Clothesline","Anger"],"picked":"Flex","floor":0.0},{"not_picked":["Anger","Pummel"],"picked":"Shrug It Off","floor":1.0},{"not_picked":["Uppercut","Thunderclap"],"picked":"Feed","floor":2.0},{"not_picked":["Dual Wield","Flex"],"picked":"Armaments","floor":3.0},{"not_picked":["Dark Embrace","Spot Weakness"],"picked":"Shrug It Off","floor":7.0},{"not_picked":["Power Through","Clash","Clothesline"],"picked":"Singing Bowl","floor":11.0},{"not_picked":["Perfected Strike","Ghostly Armor"],"picked":"Evolve","floor":14.0},{"not_picked":["Impervious","Bludgeon"],"picked":"Demon Form","floor":16.0},{"not_picked":["Anger+1","Pommel Strike"],"picked":"Shrug It Off","floor":18},{"not_picked":["Intimidate","Sentinel"],"picked":"Flame Barrier+1","floor":24},{"not_picked":["Carnage","Clash","Burning Pact"],"picked":"Singing Bowl","floor":25}],"player_experience":805887,"relics_obtained":[{"floor":7.0,"key":"Singing Bowl"},{"floor":9.0,"key":"Akabeko"},{"floor":14.0,"key":"Anchor"},{"floor":24,"key":"War Paint"},{"floor":26,"key":"Frozen Egg 2"},{"floor":28,"key":"Bottled Lightning"}],"event_choices":[{"cards_removed":["Strike_R"],"damage_healed":0.0,"max_hp_gain":0.0,"max_hp_loss":0.0,"gold_gain":0.0,"event_name":"The Cleric","player_choice":"Card Removal","floor":4.0,"gold_loss":75.0,"damage_taken":0.0},{"damage_healed":0.0,"max_hp_gain":0.0,"max_hp_loss":0.0,"gold_gain":0.0,"event_name":"Match and Keep!","player_choice":"0 cards matched","floor":5.0,"gold_loss":0.0,"damage_taken":0.0,"cards_obtained":[]},{"cards_removed":["Strike_R"],"damage_healed":0.0,"max_hp_gain":0.0,"max_hp_loss":0.0,"gold_gain":0.0,"event_name":"Golden Wing","player_choice":"Card Removal","floor":13.0,"gold_loss":0.0,"damage_taken":7.0},{"damage_healed":0,"gold_gain":50,"player_choice":"Stole From Cult","damage_taken":0,"max_hp_gain":0,"max_hp_loss":0,"event_name":"Nest","floor":19,"gold_loss":0},{"damage_healed":0,"gold_gain":0,"player_choice":"Became a Ghost","damage_taken":0,"max_hp_gain":0,"max_hp_loss":43,"event_name":"Ghosts","floor":20,"gold_loss":0,"cards_obtained":["Ghostly","Ghostly","Ghostly"]},{"damage_healed":0,"gold_gain":0,"player_choice":"Obtain J.A.X.","damage_taken":0,"max_hp_gain":0,"max_hp_loss":0,"event_name":"Drug Dealer","floor":22,"gold_loss":0,"cards_obtained":["J.A.X."]}],"is_beta":false,"boss_relics":[{"not_picked":["Runic Cube","Sozu"],"picked":"Pandora\u0027s Box"}],"items_purged_floors":[21],"is_endless":false,"potions_floor_spawned":[2,3,16,18,25],"killed_by":"Slavers","ascension_level":18}}