{"host":"1ewexarttg8tjb6w","time":1611846006,"event":{"mods":["ATMod(°¢èªMod)","Act Like it!","Arknights The Spire","BaseMod","Downfall","Gensokyo","Marisa£¨ìFÓê¡¡Ä§ÀíÉ³£©","Minty Spire (QoL Compilation)","SIMod","StSLib","The Jungle","The Servant 0.9.4"],"gold_per_floor":[119,194,210,29,48,74,86,86,86,86,97,112,37,67,67,170,170,180,191,191,47,47,82,100,116,116,128,128,12,12,12,12,113,113,126,126,145,145,55,55,66,83,106,120,153,153,153,2,2,2],"floor_reached":51,"language":"ZHS","playtime":3959,"items_purged":["Strike_S"],"score":774,"play_id":"613765e2-5bec-4e4a-b23d-3080ebcf3c7c","local_time":"20210128230006","is_ascension_mode":false,"campfire_choices":[{"data":"AT_FamilyPortrait","floor":8,"key":"SMITH"},{"floor":15,"key":"REST"},{"data":"Duplication","floor":30,"key":"SMITH"},{"data":"Comet","floor":32,"key":"SMITH"},{"data":"FloweringNight","floor":40,"key":"SMITH"},{"floor":47,"key":"REST"},{"data":"Apotheosis","floor":49,"key":"SMITH"}],"circlet_count":0,"master_deck":["Strike_S","Strike_S","Strike_S","Defend_S","Defend_S","Defend_S","Defend_S","KidneyShot","Exchange","AT_FamilyPortrait+1","Ricochet","Comet+1","Apotheosis+1","Rewind","Hightail","Sunlight","Barrier","BottledTime","Duplication+1","Collapse","Defy+1","SilverBlades","SpecialFormula+1","ShatteredReality","Advance","Doubt","Sabotage","FloweringNight+1","Potential+1","BottledTime","Gensokyo:CustomPotion","Unruled","Starlight+1","Pain","ReturningBlade","Revamp","Spin"],"relics":["Uniform","AT_ATBox","NeowsBlessing","Potion Belt","Vajra","Boot","Darkstone Periapt","Cursed Key","Orichalcum","Happy Flower","AT_TrinityForce","Incense Burner","AT_SunfireAegis","Ornamental Fan"],"acts_visited":["Exordium","TheCity","Gensokyo:Gensokyoest"],"potions_floor_usage":[6,25,33,46,48],"damage_taken":[{"damage":0,"enemies":"Cultist","floor":1,"turns":1},{"damage":0,"enemies":"Jaw Worm","floor":3,"turns":1},{"damage":0,"enemies":"2 Louse","floor":5,"turns":1},{"damage":26,"enemies":"Gremlin Nob","floor":6,"turns":5},{"damage":3,"enemies":"Looter","floor":7,"turns":4},{"damage":5,"enemies":"Gremlin Gang","floor":11,"turns":2},{"damage":1,"enemies":"Exordium Wildlife","floor":12,"turns":3},{"damage":0,"enemies":"Hexaghost","floor":16,"turns":15},{"damage":4,"enemies":"Spheric Guardian","floor":18,"turns":3},{"damage":0,"enemies":"3 Byrds","floor":19,"turns":5},{"damage":42,"enemies":"Slavers","floor":23,"turns":5},{"damage":0,"enemies":"Snake Plant","floor":24,"turns":6},{"damage":30,"enemies":"Centurion and Healer","floor":25,"turns":8},{"damage":6,"enemies":"3 Cultists","floor":27,"turns":3},{"damage":20,"enemies":"Collector","floor":33,"turns":9},{"damage":10,"enemies":"Gensokyo:AncientGuardian","floor":35,"turns":4},{"damage":0,"enemies":"Gensokyo:3_Bats","floor":37,"turns":2},{"damage":4,"enemies":"Gensokyo:Dusk_and_Dawn","floor":41,"turns":2},{"damage":0,"enemies":"Gensokyo:3_Boulders","floor":42,"turns":3},{"damage":1,"enemies":"Gensokyo:AtlasGolem","floor":44,"turns":3},{"damage":1,"enemies":"Gensokyo:Doremy","floor":45,"turns":4},{"damage":9,"enemies":"Gensokyo:Rafflesia","floor":46,"turns":3},{"damage":10,"enemies":"Gensokyo:Shinki","floor":50,"turns":7}],"seed_played":"7618705186637831820","potions_obtained":[{"floor":5,"key":"Fire Potion"},{"floor":11,"key":"GamblersBrew"},{"floor":18,"key":"FairyPotion"},{"floor":24,"key":"FearPotion"},{"floor":25,"key":"ColorlessPotion"},{"floor":41,"key":"Fire Potion"},{"floor":42,"key":"SmokeBomb"},{"floor":45,"key":"SneckoOil"}],"is_trial":false,"path_per_floor":["M","?","M","$","M","E","M","R","T","T","M","M","$","?","R","B",null,"M","M","?","$","?","E","M","M","T","M","?","$","R","$","R","B",null,"M","?","M","?","?","R","M","M","T","M","E","M","R","$","R","B",null],"character_chosen":"THE_SERVANT","items_purchased":["Apotheosis","SilverBlades","InstantArmor","Sabotage","Swift Potion","Fruit Juice","Spin"],"campfire_rested":2,"item_purchase_floors":[4,21,21,29,29,48,48],"current_hp_per_floor":[65,54,54,54,54,28,25,25,25,25,20,19,19,19,38,38,65,61,61,50,50,50,8,16,15,21,23,48,48,48,48,48,36,76,66,66,74,44,44,44,40,40,46,53,60,51,75,80,80,77],"gold":2,"neow_bonus":"THREE_ENEMY_KILL","is_daily":false,"chose_seed":false,"campfire_upgraded":5,"win_rate":0.0,"timestamp":1611846006,"path_taken":["M","?","M","$","M","E","M","R","T","?","M","M","$","?","R","BOSS","M","M","?","$","?","E","M","?","T","M","?","$","R","?","R","BOSS","M","?","?","?","?","R","M","M","T","M","E","M","?","$","R","BOSS"],"items_purchased_type":["Card","Card","Card","Card","Potion","Potion","Card"],"build_version":"2020-12-22","purchased_purges":1,"victory":true,"max_hp_per_floor":[65,65,65,65,65,65,65,65,65,65,65,65,65,65,65,65,65,65,65,70,70,70,70,70,70,76,76,76,76,76,76,76,76,76,76,76,76,76,76,76,76,76,82,82,82,82,82,87,87,87],"card_choices":[{"not_picked":["Spin","ReturningBlade"],"picked":"Ricochet","floor":1},{"not_picked":["Luminosity","SilverBlades"],"picked":"Comet","floor":3},{"not_picked":["Unruled","ShatteredReality"],"picked":"Rewind","floor":5},{"not_picked":["Rearm","Desolation"],"picked":"Hightail","floor":6},{"not_picked":["Revamp","Rearm"],"picked":"Sunlight","floor":7},{"not_picked":["Revamp","Sabotage"],"picked":"Barrier","floor":11},{"not_picked":["ShatteredReality","Starlight"],"picked":"BottledTime","floor":12},{"not_picked":["LightFlow","Deny"],"picked":"Duplication","floor":16},{"not_picked":["Barrier+1","FanOfKnives"],"picked":"Collapse","floor":18},{"not_picked":["WasteNot","Starlight"],"picked":"Defy+1","floor":19},{"not_picked":["DualDimension","DoubleEdge"],"picked":"SpecialFormula+1","floor":23},{"not_picked":["Alleviate","Replace"],"picked":"ShatteredReality","floor":24},{"not_picked":["Defy+1","WasteNot"],"picked":"Advance","floor":25},{"not_picked":["TimeWarp","Shuttle+1","WasteNot"],"picked":"SKIP","floor":27},{"not_picked":["Duplication","LightFlow"],"picked":"FloweringNight","floor":33},{"not_picked":["Ricochet","Rearm+1"],"picked":"Potential+1","floor":35},{"not_picked":["Read","BestPractice+1"],"picked":"BottledTime","floor":37},{"not_picked":["Advance+1","Misdirection"],"picked":"Unruled","floor":41},{"not_picked":["ShatteredReality","Comet"],"picked":"Starlight+1","floor":42},{"not_picked":["Comet","Alleviate+1"],"picked":"ReturningBlade","floor":44},{"not_picked":["FastForward+1","Misdirection+1"],"picked":"Revamp","floor":45}],"player_experience":32821,"relics_obtained":[{"floor":6,"key":"Potion Belt"},{"floor":9,"key":"Vajra"},{"floor":10,"key":"Boot"},{"floor":23,"key":"Orichalcum"},{"floor":26,"key":"Happy Flower"},{"floor":43,"key":"AT_SunfireAegis"},{"floor":45,"key":"Ornamental Fan"}],"event_choices":[{"damage_healed":0,"gold_gain":75,"player_choice":"Gather Gold","damage_taken":11,"max_hp_gain":0,"max_hp_loss":0,"event_name":"World of Goop","floor":2,"gold_loss":0},{"damage_healed":0,"gold_gain":30,"player_choice":"Searched \u00272\u0027 times","damage_taken":0,"relics_obtained":["Darkstone Periapt"],"max_hp_gain":0,"max_hp_loss":0,"event_name":"Dead Adventurer","floor":14,"gold_loss":0},{"damage_healed":0,"gold_gain":0,"player_choice":"Shed Blood","damage_taken":16,"max_hp_gain":5,"max_hp_loss":0,"event_name":"Forgotten Altar","floor":20,"gold_loss":0},{"damage_healed":0,"gold_gain":0,"player_choice":"Ignored","damage_taken":0,"max_hp_gain":0,"max_hp_loss":0,"event_name":"NoteForYourself","floor":22,"gold_loss":0},{"damage_healed":25,"gold_gain":0,"player_choice":"Heal","damage_taken":0,"max_hp_gain":0,"max_hp_loss":0,"event_name":"The Library","floor":28,"gold_loss":0}],"is_beta":false,"boss_relics":[{"not_picked":["SacredBark","Sozu"],"picked":"Cursed Key"},{"not_picked":["SlaversCollar","Black Star"],"picked":"AT_TrinityForce"}],"items_purged_floors":[13],"is_endless":false,"potions_floor_spawned":[5,11,18,24,25,41,42,45],"ascension_level":0}}