{"host":"brnfk772nsb90w3t","time":1611833851,"event":{"mods":["AchievementEnabler","BaseMod","Colored Powertips","Downfall","Highlight Path","Minty Spire (QoL Compilation)","Quick Restart","Shop Mod","StSLib","SuperFastMode"],"gold_per_floor":[116,135,146,71,71,71,71,81,131,156,156,170,182,210,210,314,314,333,347,365,380,18,18,35,35,35],"floor_reached":25,"language":"ENG","playtime":1524,"items_purged":["Strike_G"],"score":217,"play_id":"3b3c264b-0f0f-42c1-94df-f01804e17f1a","local_time":"20210128193731","is_ascension_mode":false,"campfire_choices":[{"data":"Terror","floor":6.0,"key":"SMITH"},{"floor":11.0,"key":"REST"},{"data":"Footwork","floor":15.0,"key":"SMITH"},{"floor":23,"key":"REST"}],"circlet_count":0,"master_deck":["Strike_G","Strike_G","Strike_G","Strike_G","Defend_G","Defend_G","Defend_G+1","Defend_G","Defend_G","Survivor","Neutralize+1","Deflect","Terror+1","Deflect","Neutralize","Footwork+1","Noxious Fumes","Caltrops","Grand Finale","Outmaneuver","Distraction+1","Dodge and Roll+1","Cloak And Dagger","Footwork","Bullet Time"],"relics":["Ring of the Snake","NeowsBlessing","Centennial Puzzle","Lantern","Gremlin Horn","SacredBark","Membership Card","Pantograph","Anchor"],"acts_visited":["Exordium","TheCity"],"potions_floor_usage":[21,21,25],"damage_taken":[{"damage":0.0,"enemies":"Cultist","floor":1.0,"turns":1.0},{"damage":0.0,"enemies":"Jaw Worm","floor":2.0,"turns":1.0},{"damage":0.0,"enemies":"Small Slimes","floor":3.0,"turns":1.0},{"damage":1.0,"enemies":"Red Slaver","floor":8.0,"turns":3.0},{"damage":35.0,"enemies":"Gremlin Nob","floor":10.0,"turns":7.0},{"damage":0.0,"enemies":"2 Fungi Beasts","floor":12.0,"turns":5.0},{"damage":5.0,"enemies":"Large Slime","floor":13.0,"turns":7.0},{"damage":4.0,"enemies":"Lagavulin","floor":14.0,"turns":7.0},{"damage":12.0,"enemies":"The Guardian","floor":16.0,"turns":11.0},{"damage":0.0,"enemies":"Shell Parasite","floor":18.0,"turns":8.0},{"damage":27.0,"enemies":"3 Byrds","floor":19.0,"turns":7.0},{"damage":10,"enemies":"Centurion and Healer","floor":20,"turns":9},{"damage":19,"enemies":"Cultist and Chosen","floor":21,"turns":11},{"damage":1,"enemies":"Snecko","floor":24,"turns":12},{"damage":34,"enemies":"Gremlin Leader","floor":25,"turns":4}],"seed_played":"-1989746525462033386","potions_obtained":[{"floor":3.0,"key":"GhostInAJar"},{"floor":12.0,"key":"champ:CounterPotion"},{"floor":13.0,"key":"DuplicationPotion"},{"floor":19.0,"key":"LiquidMemories"}],"is_trial":false,"path_per_floor":["M","M","M","$","?","R","?","M","T","E","R","M","M","E","R","B",null,"M","M","M","M","$","R","M","E"],"character_chosen":"THE_SILENT","items_purchased":["Membership Card","Pantograph","Anchor","Footwork"],"campfire_rested":2,"item_purchase_floors":[22,22,22,22],"current_hp_per_floor":[70,70,70,70,56,56,56,55,55,20,41,41,36,32,32,20,70,70,43,33,14,14,35,34,0,0],"gold":35,"neow_bonus":"THREE_ENEMY_KILL","is_daily":false,"chose_seed":false,"campfire_upgraded":2,"win_rate":0.0,"timestamp":1611833851,"path_taken":["M","?","M","$","?","R","?","M","T","E","R","?","M","E","R","BOSS","M","M","M","M","$","R","M","E"],"items_purchased_type":["Relic","Relic","Relic","Card"],"build_version":"2020-12-22","purchased_purges":1,"victory":false,"max_hp_per_floor":[70,70,70,70,70,70,70,70,70,70,70,70,70,70,70,70,70,70,70,70,70,70,70,70,70,70],"card_choices":[{"not_picked":["Endless Agony","Dagger Throw"],"picked":"Deflect","floor":1.0},{"not_picked":["Dagger Throw","Bane"],"picked":"Terror","floor":2.0},{"not_picked":["Dagger Spray","Sucker Punch"],"picked":"Deflect","floor":3.0},{"not_picked":["Acrobatics","Deflect"],"picked":"Footwork","floor":8.0},{"not_picked":["Distraction","Dagger Spray"],"picked":"Noxious Fumes","floor":10.0},{"not_picked":["Underhanded Strike","Deflect"],"picked":"Caltrops","floor":12.0},{"not_picked":["Acrobatics","Backflip","Flechettes"],"picked":"SKIP","floor":13.0},{"not_picked":["Poisoned Stab","Riddle With Holes","Terror"],"picked":"SKIP","floor":14.0},{"not_picked":["Glass Knife","Wraith Form v2"],"picked":"Grand Finale","floor":16.0},{"not_picked":["Poisoned Stab","Dagger Spray"],"picked":"Outmaneuver","floor":18.0},{"not_picked":["Crippling Poison","Deadly Poison"],"picked":"Distraction+1","floor":19.0},{"not_picked":["PiercingWail","Reflex+1"],"picked":"Dodge and Roll+1","floor":20},{"not_picked":["Slice","Poisoned Stab"],"picked":"Cloak And Dagger","floor":21},{"not_picked":["Underhanded Strike","Cloak And Dagger"],"picked":"Bullet Time","floor":24}],"player_experience":624799,"relics_obtained":[{"floor":9.0,"key":"Centennial Puzzle"},{"floor":10.0,"key":"Lantern"},{"floor":14.0,"key":"Gremlin Horn"}],"event_choices":[{"damage_healed":0.0,"max_hp_gain":0.0,"max_hp_loss":0.0,"gold_gain":0.0,"event_name":"Shining Light","player_choice":"Entered Light","floor":5.0,"gold_loss":0.0,"damage_taken":14.0,"cards_upgraded":["Defend_G","Neutralize"]},{"damage_healed":0.0,"max_hp_gain":0.0,"max_hp_loss":0.0,"gold_gain":0.0,"event_name":"Match and Keep!","player_choice":"1 cards matched","floor":7.0,"gold_loss":0.0,"damage_taken":0.0,"cards_obtained":["Neutralize"]}],"is_beta":false,"boss_relics":[{"not_picked":["Runic Pyramid","Fusion Hammer"],"picked":"SacredBark"}],"items_purged_floors":[4],"is_endless":false,"potions_floor_spawned":[3,12,13,14,18,19],"killed_by":"Gremlin Leader","ascension_level":0}}