{"host":"otdcrrn8ri3oipri","time":1611851643,"event":{"mods":["BaseMod","Downfall","Minty Spire (QoL Compilation)","StSLib"],"gold_per_floor":[99,116,126,144,157,173,198,232,242,269,269,269,287,317,335,437,437,437,448,464,564,583,598,598,598,629,629,642,667,667,677,692,795,795,795,812,38,61,61,81,81,94,94,107,185,185,213,47,67,67,67,67],"floor_reached":50,"language":"ENG","playtime":3071,"items_purged":[],"score":620,"play_id":"8720bbf1-f452-4115-aeff-558517a5901e","local_time":"20210128103403","is_ascension_mode":true,"campfire_choices":[{"data":"bronze:Replicate","floor":1,"key":"SMITH"},{"data":"bronze:ChosenStrike","floor":12,"key":"SMITH"},{"data":"bronze:Virus","floor":18,"key":"SMITH"},{"data":"bronze:Repair","floor":25,"key":"SMITH"},{"data":"bronze:Constructor","floor":30,"key":"SMITH"},{"data":"bronze:ChosenStrike","floor":35,"key":"SMITH"},{"data":"bronze:Constructor","floor":43,"key":"SMITH"},{"data":"bronze:BronzeOrb","floor":46,"key":"SMITH"}],"circlet_count":0,"master_deck":["bronze:Strike","bronze:Strike","bronze:Strike","bronze:Defend","bronze:Defend","bronze:Defend","bronze:Defend","bronze:Replicate+1","bronze:Goto","bronze:DelayedGuard","bronze:Frontload","bronze:CutThrough","bronze:CutThrough","bronze:DelayedGuard","bronze:ChosenStrike+1","bronze:BronzeOrb+1","bronze:ChosenStrike+1","bronze:Repair+1","bronze:DelayedSlice","bronze:Constructor+1","bronze:Virus+1","bronze:Flail+1","bronze:WhirlingStrike","bronze:Frontload","bronze:Branch","bronze:Constructor+1","bronze:BronzeOrb","bronze:DelayedGuard+1","bronze:DelayedSlice+1","bronze:Terminator+1"],"relics":["bronze:BronzeCore","Bag of Preparation","MealTicket","Bag of Marbles","Meat on the Bone","Busted Crown","StoneCalendar","Bottled Flame","Gremlin Horn","HornCleat","Pocketwatch","SacredBark","Eternal Feather","Unceasing Top","Frozen Eye","PreservedInsect","Oddly Smooth Stone","Mummified Hand","Molten Egg 2","Lee\u0027s Waffle"],"acts_visited":["Exordium","TheCity","TheBeyond"],"potions_floor_usage":[6,8,50,50],"damage_taken":[{"damage":0,"enemies":"2 Louse","floor":2,"turns":2},{"damage":1,"enemies":"Cultist","floor":3,"turns":3},{"damage":0,"enemies":"Jaw Worm","floor":4,"turns":4},{"damage":0,"enemies":"2 Fungi Beasts","floor":5,"turns":3},{"damage":0,"enemies":"Lots of Slimes","floor":6,"turns":1},{"damage":9,"enemies":"Lagavulin","floor":8,"turns":8},{"damage":3,"enemies":"3 Louse","floor":9,"turns":3},{"damage":4,"enemies":"3 Sentries","floor":10,"turns":7},{"damage":0,"enemies":"Blue Slaver","floor":13,"turns":1},{"damage":1,"enemies":"Lagavulin","floor":14,"turns":5},{"damage":0,"enemies":"2 Fungi Beasts","floor":15,"turns":2},{"damage":43,"enemies":"DF_ARCHETYPE_STREAMLINE","floor":16,"turns":12},{"damage":0,"enemies":"Spheric Guardian","floor":19,"turns":3},{"damage":0,"enemies":"Chosen","floor":20,"turns":4},{"damage":5,"enemies":"WA_ARCHETYPE_RETAIN","floor":21,"turns":5},{"damage":15,"enemies":"Snake Plant","floor":22,"turns":4},{"damage":12,"enemies":"Centurion and Healer","floor":23,"turns":2},{"damage":0,"enemies":"Gremlin Leader","floor":26,"turns":2},{"damage":0,"enemies":"Cultist and Chosen","floor":28,"turns":3},{"damage":0,"enemies":"Slavers","floor":29,"turns":4},{"damage":0,"enemies":"Snecko","floor":31,"turns":1},{"damage":0,"enemies":"Snake Plant","floor":32,"turns":2},{"damage":57,"enemies":"IC_MUSHROOM_ARCHETYPE","floor":33,"turns":7},{"damage":0,"enemies":"3 Shapes","floor":36,"turns":1},{"damage":0,"enemies":"downfall:FleeingMerchant","floor":37,"turns":4},{"damage":0,"enemies":"Orb Walker","floor":40,"turns":1},{"damage":0,"enemies":"Jaw Worm Horde","floor":42,"turns":3},{"damage":6,"enemies":"Maw","floor":44,"turns":6},{"damage":6,"enemies":"Reptomancer","floor":47,"turns":4},{"damage":0,"enemies":"downfall:FleeingMerchant","floor":48,"turns":4},{"damage":0,"enemies":"Writhing Mass","floor":49,"turns":3},{"damage":229,"enemies":"SI_POISON_ARCHETYPE","floor":50,"turns":6}],"seed_played":"-8358376465772904298","potions_obtained":[{"floor":3,"key":"LiquidMemories"},{"floor":5,"key":"Explosive Potion"},{"floor":9,"key":"SpeedPotion"},{"floor":14,"key":"Explosive Potion"},{"floor":15,"key":"FairyPotion"},{"floor":40,"key":"LiquidBronze"}],"is_trial":false,"path_per_floor":["R","M","M","M","M","M","T","E","M","E","?","R","M","E","M","B",null,"R","M","M","?","M","M","T","R","E","?","M","E","R","M","M","B",null,"R","M","$","?","?","M","T","M","R","M","T","R","E","$","M","B"],"character_chosen":"THE_AUTOMATON","items_purchased":["Eternal Feather","Unceasing Top","Frozen Eye","bronze:BronzeOrb","Lee\u0027s Waffle"],"campfire_rested":0,"item_purchase_floors":[37,37,37,37,48],"current_hp_per_floor":[70,70,69,69,69,69,69,60,57,53,53,53,53,59,66,39,70,70,70,70,65,57,52,52,52,52,52,62,70,70,70,70,35,70,70,70,70,70,70,70,70,70,70,64,64,70,70,77,77,0,0,0],"gold":67,"neow_bonus":"REMOVE_CARD","is_daily":false,"chose_seed":false,"campfire_upgraded":8,"win_rate":0.0,"timestamp":1611851643,"path_taken":["R","M","M","M","M","M","T","E","M","E","?","R","?","E","M","BOSS","R","M","M","?","M","M","T","R","E","?","?","E","R","M","M","BOSS","R","M","$","?","?","M","T","M","R","M","?","R","E","$","M","BOSS"],"items_purchased_type":["Relic","Relic","Relic","Card","Relic"],"build_version":"2020-12-22","purchased_purges":0,"victory":false,"max_hp_per_floor":[70,70,70,70,70,70,70,70,70,70,70,70,70,70,70,70,70,70,70,70,70,70,70,70,70,70,70,70,70,70,70,70,70,70,70,70,70,70,70,70,70,70,70,70,70,70,70,77,77,77,77,77],"card_choices":[{"not_picked":["bronze:Deprecate","bronze:BugBarrage"],"picked":"bronze:DelayedGuard","floor":2},{"not_picked":["bronze:Deprecate","bronze:Shield","bronze:BugBarrage"],"picked":"SKIP","floor":3},{"not_picked":["bronze:DelayedGuard","bronze:NullPointer"],"picked":"bronze:Frontload","floor":4},{"not_picked":["bronze:Mutator","bronze:FineTuning"],"picked":"bronze:CutThrough","floor":5},{"not_picked":["bronze:Overload","bronze:Deprecate"],"picked":"bronze:CutThrough","floor":6},{"not_picked":["bronze:Deprecate","bronze:Overheat"],"picked":"bronze:DelayedGuard","floor":8},{"not_picked":["bronze:OilSpill","bronze:Safeguard"],"picked":"bronze:ChosenStrike","floor":9},{"not_picked":["bronze:ForceShield","bronze:WhirlingStrike"],"picked":"bronze:BronzeOrb","floor":10},{"not_picked":["bronze:Deprecate","bronze:ClassDefault"],"picked":"bronze:Repair","floor":13},{"not_picked":["bronze:BuggyMess","bronze:GetLatest"],"picked":"bronze:DelayedSlice","floor":14},{"not_picked":["bronze:FollowUp","bronze:Allocate"],"picked":"bronze:Constructor","floor":15},{"not_picked":["bronze:Assembly","bronze:CleanCode"],"picked":"bronze:Virus","floor":16},{"not_picked":[],"picked":"bronze:Flail+1","floor":19},{"not_picked":[],"picked":"bronze:WhirlingStrike","floor":20},{"not_picked":[],"picked":"bronze:Frontload","floor":22},{"not_picked":["bronze:Allocate"],"picked":"SKIP","floor":23},{"not_picked":["bronze:DarkDash"],"picked":"SKIP","floor":26},{"not_picked":[],"picked":"bronze:Branch","floor":28},{"not_picked":["bronze:BuggyMess"],"picked":"SKIP","floor":29},{"not_picked":["bronze:Iterate"],"picked":"SKIP","floor":31},{"not_picked":["bronze:BugBarrage"],"picked":"SKIP","floor":32},{"not_picked":["bronze:Allocate"],"picked":"SKIP","floor":36},{"not_picked":[],"picked":"bronze:Constructor","floor":37},{"not_picked":[],"picked":"bronze:DelayedGuard+1","floor":40},{"not_picked":["bronze:Shield"],"picked":"SKIP","floor":42},{"not_picked":[],"picked":"bronze:DelayedSlice+1","floor":44},{"not_picked":["bronze:Repulsor+1"],"picked":"SKIP","floor":47},{"not_picked":[],"picked":"bronze:Terminator+1","floor":48},{"not_picked":["bronze:Shield+1"],"picked":"SKIP","floor":49}],"player_experience":39750,"relics_obtained":[{"floor":7,"key":"Bag of Preparation"},{"floor":8,"key":"MealTicket"},{"floor":10,"key":"Bag of Marbles"},{"floor":14,"key":"Meat on the Bone"},{"floor":21,"key":"StoneCalendar"},{"floor":21,"key":"Bottled Flame"},{"floor":24,"key":"Gremlin Horn"},{"floor":26,"key":"HornCleat"},{"floor":29,"key":"Pocketwatch"},{"floor":38,"key":"PreservedInsect"},{"floor":41,"key":"Oddly Smooth Stone"},{"floor":45,"key":"Mummified Hand"},{"floor":47,"key":"Molten Egg 2"}],"event_choices":[],"is_beta":false,"boss_relics":[{"not_picked":["Coffee Dripper","Snecko Eye"],"picked":"Busted Crown"},{"not_picked":["Runic Dome","Black Star"],"picked":"SacredBark"}],"items_purged_floors":[],"is_endless":false,"potions_floor_spawned":[3,5,9,14,15,20,23,29,40,42,44,49],"killed_by":"SI_POISON_ARCHETYPE","ascension_level":1}}