{"host":"6gl4z8x6qhx9xtfj","time":1611836434,"event":{"mods":["2.2 Compatiblity","AchievementEnabler","BaseMod","Bestiary","Colored Map","Colored Powertips","Evolution","Minty Spire (QoL Compilation)","Quick Restart","Relic Stats","StSLib","SuperFastMode"],"gold_per_floor":[109,62,74,87,105,105,140,150,177,196,226,241,241,253,253,350,350,368,382,382,382,94,94,110,130,180,180,208,218,218,232,232,329,329,341,360,226,76,87,87,87,87,111,161,36,67,67,86,86,86],"floor_reached":51,"language":"RUS","playtime":3238,"items_purged":["Defend_P","Strike_P","Defend_P"],"score":761,"play_id":"e35d274e-a790-4be7-9408-542b5635f23d","local_time":"20210128152034","is_ascension_mode":false,"campfire_choices":[{"data":"Eruption","floor":6,"key":"SMITH"},{"data":"BattleHymn","floor":13,"key":"SMITH"},{"data":"Study","floor":15,"key":"SMITH"},{"data":"Vigilance","floor":23,"key":"SMITH"},{"data":"Adaptation","floor":27,"key":"SMITH"},{"data":"FollowUp","floor":30,"key":"SMITH"},{"floor":32,"key":"REST"},{"floor":40,"key":"REST"},{"data":"Blasphemy","floor":42,"key":"SMITH"},{"floor":49,"key":"REST"}],"circlet_count":0,"master_deck":["FollowUp","FollowUp+1","FollowUp","Defend_P","Defend_P","Eruption+1","Vigilance+1","BattleHymn+1","CutThroughFate","TalkToTheHand","EmptyFist","ClearTheMind","CrushJoints","Study+1","CarveReality","DeusExMachina","FlurryOfBlows","Tantrum","Establishment","SashWhip","Writhe","Adaptation+1","EmptyFist+1","SandsOfTime+1","EmptyBody","BattleHymn","Blasphemy+1","Adaptation+1","ReachHeaven","FlyingSleeves+1","Shame","DevaForm","Pain","EmptyMind+1"],"relics":["PureWater","EVO:Axolotl","Happy Flower","Centennial Puzzle","Orichalcum","SacredBark","Regal Pillow","Bag of Marbles","Ancient Tea Set","Incense Burner","Cursed Key","PreservedInsect","Potion Belt","TungstenRod","Bag of Preparation","Bottled Tornado"],"acts_visited":["Exordium","TheCity","TheBeyond"],"potions_floor_usage":[7,24,28,33,33,36,44,50],"damage_taken":[{"damage":0,"enemies":"Cultist","floor":1,"turns":3},{"damage":1,"enemies":"Jaw Worm","floor":3,"turns":3},{"damage":0,"enemies":"Small Slimes","floor":4,"turns":2},{"damage":1,"enemies":"Exordium Wildlife","floor":5,"turns":3},{"damage":2,"enemies":"Gremlin Nob","floor":7,"turns":3},{"damage":8,"enemies":"Lots of Slimes","floor":8,"turns":3},{"damage":0,"enemies":"2 Fungi Beasts","floor":10,"turns":2},{"damage":0,"enemies":"Lagavulin","floor":11,"turns":3},{"damage":3,"enemies":"Large Slime","floor":12,"turns":3},{"damage":6,"enemies":"Blue Slaver","floor":14,"turns":3},{"damage":0,"enemies":"Slime Boss","floor":16,"turns":4},{"damage":4,"enemies":"Chosen","floor":18,"turns":2},{"damage":15,"enemies":"2 Thieves","floor":19,"turns":2},{"damage":4,"enemies":"3 Cultists","floor":24,"turns":4},{"damage":15,"enemies":"Centurion and Healer","floor":25,"turns":3},{"damage":8,"enemies":"Book of Stabbing","floor":28,"turns":2},{"damage":9,"enemies":"Chosen and Byrds","floor":29,"turns":3},{"damage":5,"enemies":"Cultist and Chosen","floor":31,"turns":4},{"damage":17,"enemies":"Champ","floor":33,"turns":8},{"damage":13,"enemies":"3 Shapes","floor":35,"turns":2},{"damage":10,"enemies":"3 Darklings","floor":36,"turns":3},{"damage":29,"enemies":"Jaw Worm Horde","floor":39,"turns":3},{"damage":0,"enemies":"Mind Bloom Boss Battle","floor":44,"turns":3},{"damage":35,"enemies":"Giant Head","floor":46,"turns":6},{"damage":17,"enemies":"Writhing Mass","floor":48,"turns":4},{"damage":55,"enemies":"Awakened One","floor":50,"turns":9}],"seed_played":"-4527572877062263140","potions_obtained":[{"floor":1,"key":"Block Potion"},{"floor":4,"key":"LiquidMemories"},{"floor":7,"key":"DuplicationPotion"},{"floor":8,"key":"StancePotion"},{"floor":14,"key":"Ambrosia"},{"floor":28,"key":"SneckoOil"},{"floor":29,"key":"PowerPotion"},{"floor":31,"key":"PowerPotion"},{"floor":35,"key":"Weak Potion"},{"floor":44,"key":"Fruit Juice"},{"floor":48,"key":"Swift Potion"}],"is_trial":false,"path_per_floor":["M","$","M","M","M","R","E","M","T","M","E","M","R","M","R","B",null,"M","M","?","?","$","R","M","M","T","R","E","M","R","M","R","B",null,"M","M","$","$","M","R","?","R","T","?","$","E","T","M","R","B",null],"character_chosen":"WATCHER","items_purchased":["CutThroughFate","Bag of Marbles","Adaptation","ReachHeaven","PreservedInsect"],"campfire_rested":3,"item_purchase_floors":[2,22,22,37,38],"current_hp_per_floor":[79,79,78,78,77,77,75,67,67,67,67,64,64,58,58,58,79,75,60,60,60,60,60,56,41,41,41,33,24,24,19,57,40,79,66,56,56,56,27,65,65,65,65,75,75,40,40,23,63,8],"gold":86,"neow_bonus":"TEN_PERCENT_HP_BONUS","is_daily":false,"chose_seed":false,"campfire_upgraded":7,"win_rate":0.0,"timestamp":1611836434,"path_taken":["M","$","?","M","M","R","E","M","T","M","E","M","R","M","R","BOSS","M","M","?","?","$","R","?","M","T","R","E","M","R","M","R","BOSS","M","M","?","$","M","R","?","R","T","?","$","E","?","M","R","BOSS"],"items_purchased_type":["Card","Relic","Card","Card","Relic"],"build_version":"2020-12-22","purchased_purges":3,"victory":true,"max_hp_per_floor":[79,79,79,79,79,79,79,79,79,79,79,79,79,79,79,79,79,79,79,79,79,79,79,79,79,79,79,79,79,79,79,79,79,79,79,79,79,79,79,79,75,75,75,85,85,85,85,85,85,85],"relic_stats":{"Centennial Puzzle":[50],"Regal Pillow":45,"Happy Flower":[25],"counters":[26,90],"PreservedInsect":125,"Bag of Preparation":[4],"Orichalcum":[114],"Cursed Key":2,"obtain_stats":[{"Potion Belt":43,"Regal Pillow":21,"Happy Flower":7,"SacredBark":17,"PreservedInsect":38,"Incense Burner":28,"Bag of Preparation":46,"EVO:Axolotl":0,"Orichalcum":11,"Bottled Tornado":47,"Ancient Tea Set":26,"Cursed Key":34,"Centennial Puzzle":9,"Bag of Marbles":22,"PureWater":0,"TungstenRod":44},{"Potion Belt":22,"Regal Pillow":13,"Happy Flower":5,"SacredBark":11,"PreservedInsect":21,"Incense Burner":16,"Bag of Preparation":24,"EVO:Axolotl":0,"Orichalcum":8,"Bottled Tornado":24,"Ancient Tea Set":15,"Cursed Key":19,"Centennial Puzzle":6,"Bag of Marbles":13,"PureWater":0,"TungstenRod":23},{"Potion Belt":68,"Regal Pillow":36,"Happy Flower":14,"SacredBark":32,"PreservedInsect":65,"Incense Burner":45,"Bag of Preparation":77,"EVO:Axolotl":0,"Orichalcum":22,"Bottled Tornado":77,"Ancient Tea Set":43,"Cursed Key":60,"Centennial Puzzle":17,"Bag of Marbles":36,"PureWater":0,"TungstenRod":71}],"TungstenRod":23},"card_choices":[{"not_picked":["Crescendo","CrushJoints"],"picked":"BattleHymn","floor":1},{"not_picked":["Pray","EmptyFist"],"picked":"TalkToTheHand","floor":3},{"not_picked":["DeceiveReality","SashWhip"],"picked":"EmptyFist","floor":4},{"not_picked":["CutThroughFate","BowlingBash"],"picked":"ClearTheMind","floor":5},{"not_picked":["WindmillStrike","ClearTheMind"],"picked":"CrushJoints","floor":7},{"not_picked":["Prostrate","Sanctity"],"picked":"Study","floor":8},{"not_picked":["CrushJoints","EmptyMind"],"picked":"CarveReality","floor":10},{"not_picked":["Prostrate","ClearTheMind"],"picked":"DeusExMachina","floor":11},{"not_picked":["BowlingBash","Study"],"picked":"FlurryOfBlows","floor":12},{"not_picked":["Pray","SashWhip"],"picked":"Tantrum","floor":14},{"not_picked":["LessonLearned","Judgement"],"picked":"Establishment","floor":16},{"not_picked":["JustLucky","ThirdEye","EmptyMind"],"picked":"SKIP","floor":18},{"not_picked":["CutThroughFate","PathToVictory"],"picked":"SashWhip","floor":19},{"not_picked":["Sanctity","PathToVictory+1"],"picked":"EmptyFist+1","floor":24},{"not_picked":["Conclude+1","SashWhip"],"picked":"SandsOfTime+1","floor":25},{"not_picked":["FollowUp","ConjureBlade","BowlingBash"],"picked":"SKIP","floor":28},{"not_picked":["InnerPeace","WindmillStrike"],"picked":"EmptyBody","floor":29},{"not_picked":["Nirvana","Crescendo"],"picked":"BattleHymn","floor":31},{"not_picked":["Ragnarok","DeusExMachina"],"picked":"Blasphemy","floor":33},{"not_picked":["FollowUp","Evaluate","CrushJoints+1"],"picked":"SKIP","floor":35},{"not_picked":["CarveReality+1","Evaluate+1"],"picked":"Adaptation+1","floor":36},{"not_picked":["Halt","BowlingBash"],"picked":"FlyingSleeves+1","floor":39},{"not_picked":["SashWhip","PathToVictory+1"],"picked":"DevaForm","floor":46},{"not_picked":["Tantrum","ThirdEye"],"picked":"EmptyMind+1","floor":48}],"player_experience":73019,"relics_obtained":[{"floor":7,"key":"Happy Flower"},{"floor":9,"key":"Centennial Puzzle"},{"floor":11,"key":"Orichalcum"},{"floor":26,"key":"Ancient Tea Set"},{"floor":28,"key":"Incense Burner"},{"floor":43,"key":"Potion Belt"},{"floor":44,"key":"TungstenRod"},{"floor":46,"key":"Bag of Preparation"},{"floor":47,"key":"Bottled Tornado"}],"event_choices":[{"damage_healed":0,"gold_gain":0,"player_choice":"Ignored","damage_taken":0,"max_hp_gain":0,"max_hp_loss":0,"event_name":"Vampires","floor":20,"gold_loss":0},{"damage_healed":0,"gold_gain":0,"player_choice":"Opened","damage_taken":0,"relics_obtained":["Regal Pillow"],"max_hp_gain":0,"max_hp_loss":0,"event_name":"The Mausoleum","floor":21,"gold_loss":0,"cards_obtained":["Writhe"]},{"damage_healed":0,"gold_gain":0,"player_choice":"Max HP","damage_taken":0,"max_hp_gain":0,"max_hp_loss":4,"event_name":"Winding Halls","floor":41,"gold_loss":0},{"damage_healed":0,"gold_gain":0,"player_choice":"Fight","damage_taken":0,"max_hp_gain":0,"max_hp_loss":0,"event_name":"MindBloom","floor":44,"gold_loss":0}],"is_beta":false,"boss_relics":[{"not_picked":["Ectoplasm","Fusion Hammer"],"picked":"SacredBark"},{"not_picked":["Tiny House","Calling Bell"],"picked":"Cursed Key"}],"items_purged_floors":[22,37,45],"is_endless":false,"potions_floor_spawned":[1,4,7,8,14,18,28,29,31,35,44,48],"ascension_level":0}}