{"host":"svzwxdz1ap0f6fks","time":1611818523,"event":{"mods":["AchievementEnabler","BaseMod","Downfall","Marisa????????","Minty Spire (QoL Compilation)","Replay The Spire","Shop Mod","StSLib","The Animator","The Cursed","The Disciple","The Servant 0.9.4"],"gold_per_floor":[99,111,142,153,178,178,178],"floor_reached":6,"language":"ENG","playtime":603,"items_purged":[],"score":38,"play_id":"ddb01452-b819-4dfc-90f9-aa523c1739c6","local_time":"20210128152203","is_ascension_mode":false,"campfire_choices":[{"floor":1,"key":"RECALL"}],"circlet_count":0,"master_deck":["animator:Strike_Konosuba","animator:Defend_Konosuba","animator:Strike","animator:Strike","animator:Strike","animator:Defend","animator:Defend","animator:Defend","animator:Kazuma","animator:Aqua","animator:Shion","animator:KyokoSakura","animator:GazelDwargon","animator:Genos"],"relics":["animator:LivingPicture","animator:TheMissingPiece"],"acts_visited":["Exordium"],"potions_floor_usage":[6],"damage_taken":[{"damage":3,"enemies":"Cultist","floor":2,"turns":4},{"damage":12,"enemies":"Small Slimes","floor":3,"turns":4},{"damage":0,"enemies":"2 Louse","floor":4,"turns":3},{"damage":21,"enemies":"Blue Slaver","floor":5,"turns":3},{"damage":48,"enemies":"3 Sentries","floor":6,"turns":8}],"seed_played":"3732360484279340172","potions_obtained":[{"floor":4,"key":"Block Potion"},{"floor":5,"key":"Adrenaline Potion"}],"is_trial":false,"path_per_floor":["R","M","M","M","M","E"],"character_chosen":"THE_ANIMATOR","items_purchased":[],"campfire_rested":0,"item_purchase_floors":[],"current_hp_per_floor":[72,71,61,63,44,0,0],"gold":178,"neow_bonus":"TEN_PERCENT_HP_BONUS","is_daily":false,"chose_seed":false,"campfire_upgraded":0,"win_rate":0.0,"timestamp":1611818523,"path_taken":["R","M","M","M","M","E"],"items_purchased_type":[],"build_version":"2020-12-22","purchased_purges":0,"victory":false,"max_hp_per_floor":[72,72,72,72,72,72,72],"card_choices":[{"not_picked":["animator:Verdia","animator:ShinjiMatou"],"picked":"animator:Shion","floor":2},{"not_picked":["animator:PandorasActor","animator:Rider"],"picked":"animator:KyokoSakura","floor":3},{"not_picked":["animator:IrohaTamaki","animator:MetalKnight"],"picked":"animator:GazelDwargon","floor":4},{"not_picked":["animator:Geryuganshoop","animator:Tatsumaki"],"picked":"animator:Genos","floor":5}],"player_experience":17699,"relics_obtained":[],"event_choices":[],"is_beta":false,"boss_relics":[],"items_purged_floors":[],"is_endless":false,"potions_floor_spawned":[4,5],"killed_by":"3 Sentries","ascension_level":0}}