{"host":"awsx6hu75lh7tsqd","time":1611816432,"event":{"mods":["AchievementEnabler","BaseMod","BetterRewards","Colored Map","Evolution","Minty Spire (QoL Compilation)","Shop Mod","StSLib"],"gold_per_floor":[14,34,49,49,25,54,54,68,95,184,196,219,231,268,280,389,401,427,439,464,496,508,520,520],"floor_reached":23,"language":"ENG","playtime":1323,"items_purged":[],"score":211,"play_id":"744e73b9-8bc2-432c-90d4-46857b5c8d60","local_time":"20210127234712","is_ascension_mode":true,"campfire_choices":[{"data":"Reprogram","floor":7,"key":"SMITH"},{"floor":11,"key":"REST"},{"floor":13,"key":"REST"},{"floor":15,"key":"REST"}],"circlet_count":0,"master_deck":["Strike_B","Strike_B","Strike_B","Defend_B","Defend_B","Defend_B","Zap","Reprogram+1","Go for the Eyes","Gash","All For One","Go for the Eyes","Steam","Meteor Strike","Beam Cell+1","Gash"],"relics":["FrozenCore","EVO:Axolotl","Nunchaku","MawBank","Oddly Smooth Stone"],"acts_visited":["Exordium","TheCity"],"potions_floor_usage":[23,23,23],"damage_taken":[{"damage":6,"enemies":"Jaw Worm","floor":1,"turns":3},{"damage":0,"enemies":"Cultist","floor":2,"turns":3},{"damage":3,"enemies":"Small Slimes","floor":3,"turns":4},{"damage":47,"enemies":"3 Sentries","floor":6,"turns":12},{"damage":7,"enemies":"2 Fungi Beasts","floor":8,"turns":4},{"damage":4,"enemies":"Gremlin Gang","floor":12,"turns":4},{"damage":10,"enemies":"Gremlin Nob","floor":14,"turns":4},{"damage":29,"enemies":"The Guardian","floor":16,"turns":9},{"damage":16,"enemies":"Shell Parasite","floor":18,"turns":9},{"damage":22,"enemies":"Spheric Guardian","floor":20,"turns":6},{"damage":16,"enemies":"Shelled Parasite and Fungi","floor":21,"turns":6},{"damage":21,"enemies":"Book of Stabbing","floor":23,"turns":3}],"seed_played":"-3156908510872028475","potions_obtained":[{"floor":3,"key":"LiquidMemories"},{"floor":8,"key":"LiquidBronze"},{"floor":14,"key":"SpeedPotion"},{"floor":20,"key":"CultistPotion"}],"is_trial":false,"path_per_floor":["M","M","M","?","$","E","R","M","T","?","R","M","R","E","R","B",null,"M","?","M","M","?","E"],"character_chosen":"DEFECT","items_purchased":["Gash"],"campfire_rested":3,"item_purchase_floors":[5],"current_hp_per_floor":[69,69,66,66,66,19,19,12,12,12,34,30,52,42,64,35,75,59,59,37,21,21,0,0],"gold":520,"neow_bonus":"REMOVE_TWO","is_daily":false,"chose_seed":false,"campfire_upgraded":1,"win_rate":0.0,"timestamp":1611816432,"path_taken":["M","M","M","?","$","E","R","?","T","?","R","M","R","E","R","BOSS","M","?","M","M","?","E"],"items_purchased_type":["Card"],"build_version":"2020-12-22","purchased_purges":0,"victory":false,"max_hp_per_floor":[75,75,75,75,75,75,75,75,75,75,75,75,75,75,75,75,75,75,75,75,75,75,75,75],"card_choices":[{"not_picked":["Sweeping Beam","Undo"],"picked":"Reprogram","floor":1},{"not_picked":["Streamline","Coolheaded"],"picked":"Go for the Eyes","floor":2},{"not_picked":["Sweeping Beam","Barrage","Storm"],"picked":"SKIP","floor":3},{"not_picked":["Lockon","Redo"],"picked":"All For One","floor":6},{"not_picked":["Coolheaded","Sweeping Beam"],"picked":"Go for the Eyes","floor":8},{"not_picked":["Ball Lightning","Recycle"],"picked":"Steam","floor":12},{"not_picked":["Static Discharge","Doom and Gloom","Rebound"],"picked":"SKIP","floor":14},{"not_picked":["Reboot","Seek"],"picked":"Meteor Strike","floor":16},{"not_picked":["Aggregate","Reinforced Body+1","Skim"],"picked":"SKIP","floor":18},{"not_picked":["Lockon+1","Redo"],"picked":"Beam Cell","floor":20},{"not_picked":["Rip and Tear","Sweeping Beam"],"picked":"Gash","floor":21}],"player_experience":104639,"relics_obtained":[{"floor":6,"key":"Nunchaku"},{"floor":9,"key":"MawBank"},{"floor":14,"key":"Oddly Smooth Stone"}],"event_choices":[{"cards_removed":["Dualcast"],"damage_healed":0,"gold_gain":0,"player_choice":"Card Removal","damage_taken":0,"max_hp_gain":0,"max_hp_loss":0,"event_name":"Wheel of Change","floor":4,"gold_loss":0},{"damage_healed":0,"gold_gain":77,"player_choice":"Gained Gold","damage_taken":0,"max_hp_gain":0,"max_hp_loss":0,"event_name":"Golden Wing","floor":10,"gold_loss":0},{"damage_healed":0,"gold_gain":0,"player_choice":"Ignored","damage_taken":0,"max_hp_gain":0,"max_hp_loss":0,"event_name":"Cursed Tome","floor":19,"gold_loss":0},{"damage_healed":0,"gold_gain":0,"player_choice":"Forge","damage_taken":0,"max_hp_gain":0,"max_hp_loss":0,"event_name":"Accursed Blacksmith","floor":22,"gold_loss":0,"cards_upgraded":["Beam Cell"]}],"is_beta":false,"boss_relics":[{"not_picked":["Astrolabe","Ectoplasm"],"picked":"FrozenCore"}],"items_purged_floors":[],"is_endless":false,"potions_floor_spawned":[3,8,14,16,20,21],"killed_by":"Book of Stabbing","ascension_level":1}}