{"host":"w8hjdfrntrrvtiu5","time":1611801448,"event":{"mods":["AchievementEnabler","BaseMod","BetterRewards","Conspire","Hubris","Marisa????????","Minty Spire (QoL Compilation)","Shop Mod","StSLib","Td1madao Mod","The Animator","egg","everything is the same but u backflip on backflip"],"gold_per_floor":[114,125,71,85,111,111,143,154,179,179,214,2,2,21,21,97,97,71,71,91,91,6,6,36,51,51,65,65,65,65,83,83,83,83],"floor_reached":33,"language":"ENG","playtime":1233,"items_purged":["Strike_R"],"score":454,"play_id":"0cf9f8a7-6251-4d1c-84af-b04bd4e7d783","local_time":"20210127213728","is_ascension_mode":true,"campfire_choices":[{"data":"Carnage","floor":6,"key":"SMITH"},{"floor":10,"key":"REST"},{"data":"Cleave","floor":13,"key":"SMITH"},{"floor":15,"key":"REST"},{"floor":23,"key":"REST"},{"data":"Reaper","floor":30,"key":"SMITH"},{"data":"True Grit","floor":32,"key":"SMITH"}],"circlet_count":0,"master_deck":["AscendersBane","Strike_R","Defend_R","Defend_R","Bash","Reaper+1","Carnage+1","Thunderclap","Cleave+1","Power Through","True Grit+1","Battle Trance","Spot Weakness","Finesse","Pommel Strike","conspire:Purge","Power Through+1","Carnage+1","hubris:CleavingFinish+1","Pommel Strike+1","Jack Of All Trades","Shrug It Off","Havoc+1"],"relics":["Burning Blood","hubris:Zylophone","Juzu Bracelet","Boot","Ginger","Astrolabe","hubris:Icosahedron","Nunchaku","hubris:ToyBattleship","Red Skull"],"acts_visited":["Exordium","TheCity"],"potions_floor_usage":[5,16,25],"damage_taken":[{"damage":14,"enemies":"Jaw Worm","floor":1,"turns":3},{"damage":3,"enemies":"Small Slimes","floor":2,"turns":3},{"damage":1,"enemies":"Cultist","floor":4,"turns":3},{"damage":29,"enemies":"conspire:MimicChest","floor":5,"turns":4},{"damage":40,"enemies":"Lagavulin","floor":7,"turns":7},{"damage":11,"enemies":"Looter","floor":8,"turns":3},{"damage":25,"enemies":"3 Sentries","floor":11,"turns":4},{"damage":0,"enemies":"Blue Slaver","floor":14,"turns":2},{"damage":40,"enemies":"Slime Boss","floor":16,"turns":11},{"damage":35,"enemies":"2 Thieves","floor":18,"turns":5},{"damage":4,"enemies":"3 Byrds","floor":20,"turns":4},{"damage":46,"enemies":"conspire:Head Lice","floor":24,"turns":7},{"damage":1,"enemies":"Shelled Parasite and Fungi","floor":25,"turns":3},{"damage":21,"enemies":"Centurion and Healer","floor":27,"turns":4},{"damage":0,"enemies":"Snake Plant","floor":31,"turns":2},{"damage":59,"enemies":"Champ","floor":33,"turns":9}],"seed_played":"3752472585754760605","potions_obtained":[{"floor":4,"key":"Energy Potion"},{"floor":5,"key":"ElixirPotion"},{"floor":8,"key":"GamblersBrew"},{"floor":16,"key":"AttackPotion"}],"is_trial":false,"path_per_floor":["M","M","$","M","?","R","E","M","T","R","E","$","R","M","R","B",null,"M","?","M","?","?","R","E","M","T","M","$","?","R","M","R","B"],"character_chosen":"IRONCLAD","items_purchased":["Cleave","Finesse","Pommel Strike"],"campfire_rested":3,"item_purchase_floors":[3,12,12],"current_hp_per_floor":[64,67,67,72,49,49,17,12,12,33,29,29,29,35,56,22,60,31,19,33,33,33,54,14,19,19,24,24,48,48,54,54,0,0],"gold":83,"neow_bonus":"THREE_RARE_CARDS","is_daily":false,"chose_seed":false,"campfire_upgraded":4,"win_rate":0.0,"timestamp":1611801448,"path_taken":["M","M","$","M","?","R","E","M","T","R","E","$","R","M","R","BOSS","M","?","M","?","?","R","E","M","T","M","$","?","R","M","R","BOSS"],"items_purchased_type":["Card","Card","Card"],"build_version":"2020-12-22","purchased_purges":1,"victory":false,"max_hp_per_floor":[72,72,72,72,72,72,72,72,72,72,72,72,72,72,72,72,72,72,72,72,72,72,72,72,72,72,72,72,72,72,72,72,72,72],"card_choices":[{"not_picked":["Fiend Fire","Impervious"],"picked":"Reaper","floor":0.0},{"not_picked":["Warcry","Clash"],"picked":"Carnage","floor":1},{"not_picked":["Twin Strike","True Grit"],"picked":"Thunderclap","floor":2},{"not_picked":["Armaments","Iron Wave"],"picked":"Power Through","floor":4},{"not_picked":["Searing Blow","hubris:SharpeningStone"],"picked":"True Grit","floor":5},{"not_picked":["Hemokinesis","Shrug It Off"],"picked":"Battle Trance","floor":7},{"not_picked":["Warcry","Wild Strike"],"picked":"Spot Weakness","floor":8},{"not_picked":["Sentinel","Twin Strike","Perfected Strike"],"picked":"SKIP","floor":11},{"not_picked":["Sentinel","Anger","Reckless Charge"],"picked":"SKIP","floor":14},{"not_picked":["Exhume","Juggernaut"],"picked":"conspire:Purge","floor":16},{"not_picked":["Searing Blow+1","hubris:ReadiedAction"],"picked":"Pommel Strike+1","floor":18},{"not_picked":["Rampage","Spot Weakness","Anger"],"picked":"SKIP","floor":20},{"not_picked":["Entrench","Clash","Anger"],"picked":"SKIP","floor":24},{"not_picked":["Combust","hubris:ReadiedAction"],"picked":"Shrug It Off","floor":25},{"not_picked":["Carnage","Evolve"],"picked":"Havoc+1","floor":27},{"not_picked":["Clothesline","Brutality","Flex"],"picked":"SKIP","floor":31}],"player_experience":2404498,"relics_obtained":[{"floor":5,"key":"hubris:Zylophone"},{"floor":7,"key":"Juzu Bracelet"},{"floor":9,"key":"Boot"},{"floor":11,"key":"Ginger"},{"floor":24,"key":"hubris:ToyBattleship"},{"floor":26,"key":"Red Skull"}],"event_choices":[{"damage_healed":0,"gold_gain":0,"player_choice":"CARD ","damage_taken":12,"max_hp_gain":0,"max_hp_loss":0,"event_name":"Knowing Skull","floor":19,"potions_obtained":[],"gold_loss":0,"cards_obtained":["Jack Of All Trades"]},{"damage_healed":0,"gold_gain":0,"player_choice":"Obtained Relic","damage_taken":0,"relics_obtained":["Nunchaku"],"max_hp_gain":0,"max_hp_loss":0,"event_name":"Addict","floor":22,"gold_loss":85},{"damage_healed":24,"gold_gain":0,"player_choice":"Heal","damage_taken":0,"max_hp_gain":0,"max_hp_loss":0,"event_name":"The Library","floor":29,"gold_loss":0}],"is_beta":false,"boss_relics":[{"not_picked":["conspire:SlowCooker","hubris:Stopwatch"],"picked":"Astrolabe"}],"items_purged_floors":[12],"is_endless":false,"potions_floor_spawned":[4,5,8,16,24],"killed_by":"Champ","ascension_level":13}}