{"host":"7wagoesq7cf4lu47","time":1611845602,"event":{"mods":["Act Like it!","BaseMod","Minty Spire (QoL Compilation)","StSLib","Yakumo Yukari mod"],"gold_per_floor":[130,130,155,6,25,52,67,87,112,112,112,73,73,108,108,212,212,228,214,214,139,156,191,191,211,211,230,282,282,282],"floor_reached":29,"language":"ZHS","playtime":1565,"items_purged":[],"score":328,"play_id":"f6a5962b-68bf-4431-acda-f07d64458229","local_time":"20210128225322","is_ascension_mode":false,"campfire_choices":[{"floor":11,"key":"REST"},{"data":"Observe_purple_2","floor":13,"key":"SMITH"},{"data":"D_absorption_purple","floor":15,"key":"SMITH"},{"floor":24,"key":"REST"}],"circlet_count":0,"master_deck":["AT_purpleEX","AT_purpleEX","Defend_purpleEX","Defend_purpleEX","Defend_purpleEX","Observe_purple_1","Observe_purple_2+1","MonsterNeedle_purple","D_absorption_purple+1","WeekHit_purple","ProofOfUnderstanding_purple","ExistenceContinue_purple","MonsterNeedle_purple+1","MNeedle_purple"],"relics":["Boundary_crack","Memoryfragments_purpleEX","NeowsBlessing","Strawberry","Boot","Strange Spoon","Regal Pillow","Orichalcum","Ornamental Fan","Pear","Empty Cage","Smiling Mask","Darkstone Periapt","Omamori"],"acts_visited":["Exordium","TheCity"],"potions_floor_usage":[23],"damage_taken":[{"damage":0.0,"enemies":"Cultist","floor":1.0,"turns":1.0},{"damage":0,"enemies":"Jaw Worm","floor":5,"turns":1},{"damage":23,"enemies":"Gremlin Nob","floor":6,"turns":1},{"damage":5,"enemies":"2 Louse","floor":7,"turns":2},{"damage":21,"enemies":"Lots of Slimes","floor":8,"turns":5},{"damage":0,"enemies":"Lagavulin","floor":14,"turns":8},{"damage":38,"enemies":"Slime Boss","floor":16,"turns":16},{"damage":0,"enemies":"Chosen","floor":18,"turns":7},{"damage":5,"enemies":"2 Thieves","floor":19,"turns":4},{"damage":0,"enemies":"Snecko","floor":22,"turns":6},{"damage":83,"enemies":"Slavers","floor":23,"turns":10},{"damage":21,"enemies":"Snake Plant","floor":25,"turns":7},{"damage":16,"enemies":"Centurion and Healer","floor":27,"turns":10},{"damage":11,"enemies":"Sentry and Sphere","floor":29,"turns":2}],"seed_played":"5266952686282849023","potions_obtained":[{"floor":1.0,"key":"Strength Potion"},{"floor":5,"key":"BlessingOfTheForge"},{"floor":6,"key":"LiquidBronze"}],"is_trial":false,"path_per_floor":["M","T","T","$","M","E","M","M","T","?","R","$","R","E","R","B",null,"M","M","?","?","M","E","R","M","T","M","T","M"],"character_chosen":"Youkari","items_purchased":["Strange Spoon","WeekHit_purple"],"campfire_rested":2,"item_purchase_floors":[4,12],"current_hp_per_floor":[70,77,77,77,77,54,50,29,29,29,67,67,67,77,77,39,87,87,84,84,84,84,1,42,21,21,5,5,0,0],"gold":282,"neow_bonus":"THREE_ENEMY_KILL","is_daily":false,"chose_seed":false,"campfire_upgraded":2,"win_rate":0.0,"timestamp":1611845602,"path_taken":["M","?","?","$","M","E","M","M","T","?","R","$","R","E","R","BOSS","M","?","?","?","M","E","R","M","T","?","?","M"],"items_purchased_type":["Relic","Card"],"build_version":"2020-12-22","purchased_purges":0,"victory":false,"max_hp_per_floor":[70,77,77,77,77,77,77,77,77,77,77,77,77,87,87,87,87,87,87,87,87,87,87,87,87,87,87,87,87,87],"card_choices":[{"not_picked":["Line_surface_state_purple","WatchEChange_purple"],"picked":"MonsterNeedle_purple","floor":1.0},{"not_picked":["SfantasyHide_purple","ButterflyHabitatTemple_purple","AdvanceAttack_purple"],"picked":"SKIP","floor":5},{"not_picked":["Umbrella_purple","MNeedle_purple"],"picked":"D_absorption_purple","floor":6},{"not_picked":["Mirror_FormAndEmptin_purple","ExistenceContinue_purple","MeetDecomposer_purple"],"picked":"SKIP","floor":7},{"not_picked":["OmniscientAndOmnipotent_Monster_purple","SfantasyHide_purple","Shallow_ocean_purpleEX"],"picked":"SKIP","floor":8},{"not_picked":["PurpleNeedle_purple","D_absorption_purple","CommonSense_AntiCommonSense_purple"],"picked":"SKIP","floor":14},{"not_picked":["WangLiang_LineAndCurveDreams_purple","Mirror_TwoAndThreeElementRealm_purple"],"picked":"ProofOfUnderstanding_purple","floor":16},{"not_picked":["DimensionStaggered_purple","SfantasyHide_purple"],"picked":"ExistenceContinue_purple","floor":18},{"not_picked":["RuleDissolution_purple","SfantasyHide_purple+1","AdvanceAttack_purple"],"picked":"SKIP","floor":19},{"not_picked":["Line_surface_state_purple","MeetDecomposer_purple","ExistenceContinue_purple"],"picked":"SKIP","floor":22},{"not_picked":["RealityDreamConfluencek_purple","WeekHit_purple"],"picked":"MonsterNeedle_purple+1","floor":23},{"not_picked":["Shallow_ocean_purpleEX","RuleDissolution_purple","OmniscientAndOmnipotent_Monster_purple+1"],"picked":"SKIP","floor":25},{"not_picked":["Mirror_FormAndEmptin_purple","Realm_recovery_purpleEX"],"picked":"MNeedle_purple","floor":27}],"player_experience":167689,"relics_obtained":[{"floor":2.0,"key":"Strawberry"},{"floor":3.0,"key":"Boot"},{"floor":6,"key":"Regal Pillow"},{"floor":9,"key":"Orichalcum"},{"floor":10,"key":"Ornamental Fan"},{"floor":14,"key":"Pear"},{"floor":23,"key":"Smiling Mask"},{"floor":26,"key":"Darkstone Periapt"},{"floor":28,"key":"Omamori"}],"event_choices":[{"damage_healed":0,"gold_gain":0,"player_choice":"Relic","damage_taken":0,"max_hp_gain":0,"max_hp_loss":0,"event_name":"Wheel of Change","floor":10,"gold_loss":0},{"damage_healed":0,"gold_gain":0,"player_choice":"Ignored","damage_taken":0,"max_hp_gain":0,"max_hp_loss":0,"event_name":"Vampires","floor":20,"gold_loss":0},{"cards_removed":["Defend_purpleEX"],"damage_healed":0,"gold_gain":0,"player_choice":"Gave Gold","damage_taken":0,"max_hp_gain":0,"max_hp_loss":0,"event_name":"Beggar","floor":21,"gold_loss":75}],"is_beta":false,"boss_relics":[{"not_picked":["Fusion Hammer","Philosopher\u0027s Stone"],"picked":"Empty Cage"}],"items_purged_floors":[],"is_endless":false,"potions_floor_spawned":[1,5,6,16,18,19],"killed_by":"Sentry and Sphere","ascension_level":0}}