{"host":"sc0o2qwpf9j16a4i","time":1611837981,"event":{"mods":["AchievementEnabler","BaseMod","BetterRewards","Block Reminder","Colored Map","Colored Powertips","Custom Start","Highlight Path","Minty Spire (QoL Compilation)","Relic Stats"],"gold_per_floor":[114,134,153,153,153,153,184,195,195,214,214,243,243,258,258,337,337,349,18,18,34,34,59,78,78,78,78,78],"floor_reached":27,"language":"ENG","playtime":873,"items_purged":[],"score":736,"play_id":"52060b0b-6b43-4bb7-9cc6-e73e6864edb4","local_time":"20210128144621","is_ascension_mode":true,"campfire_choices":[{"floor":6,"key":"REST"},{"floor":11,"key":"REST"},{"floor":13,"key":"REST"},{"data":"Limit Break","floor":15,"key":"SMITH"},{"floor":25,"key":"REST"}],"circlet_count":0,"master_deck":["AscendersBane","Strike_R","Strike_R","Strike_R","Strike_R","Strike_R","Defend_R","Defend_R","Defend_R","Defend_R","Bash","Bludgeon","Offering+1","Pommel Strike","Wild Strike","Inflame+1","Pain","Feed","Headbutt","Shrug It Off","Limit Break+1","Flame Barrier","Feed","Pommel Strike","Entrench+1","Disarm","Heavy Blade"],"relics":["Burning Blood","Strawberry","Frozen Egg 2","Oddly Smooth Stone","WarpedTongs","CaptainsWheel","Pear","Mummified Hand","Philosopher\u0027s Stone","ClockworkSouvenir","Bag of Preparation","HornCleat","White Beast Statue"],"acts_visited":["Exordium","TheCity"],"potions_floor_usage":[21,23],"damage_taken":[{"damage":6,"enemies":"Cultist","floor":1,"turns":2},{"damage":1,"enemies":"2 Louse","floor":2,"turns":3},{"damage":6,"enemies":"Jaw Worm","floor":3,"turns":2},{"damage":39,"enemies":"Lagavulin","floor":7,"turns":6},{"damage":8,"enemies":"Lots of Slimes","floor":8,"turns":4},{"damage":20,"enemies":"Large Slime","floor":10,"turns":4},{"damage":22,"enemies":"Gremlin Nob","floor":12,"turns":4},{"damage":14,"enemies":"3 Louse","floor":14,"turns":3},{"damage":32,"enemies":"The Guardian","floor":16,"turns":12},{"damage":0,"enemies":"Spheric Guardian","floor":18,"turns":2},{"damage":21,"enemies":"3 Byrds","floor":21,"turns":3},{"damage":34,"enemies":"Gremlin Leader","floor":23,"turns":10},{"damage":13,"enemies":"Centurion and Healer","floor":24,"turns":10},{"damage":88,"enemies":"Slavers","floor":27,"turns":6}],"seed_played":"-545674476864981843","potions_obtained":[{"floor":3,"key":"EssenceOfSteel"},{"floor":12,"key":"LiquidBronze"},{"floor":14,"key":"AttackPotion"},{"floor":16,"key":"PowerPotion"},{"floor":23,"key":"ElixirPotion"}],"is_trial":false,"path_per_floor":["M","M","M","?","?","R","E","M","T","M","R","E","R","M","R","B",null,"M","$","?","M","?","E","M","R","T","E"],"character_chosen":"IRONCLAD","items_purchased":["Strawberry","Bludgeon","Frozen Egg 2","Oddly Smooth Stone","Offering","Pommel Strike","Wild Strike","ClockworkSouvenir","Bag of Preparation"],"campfire_rested":4,"item_purchase_floors":[0,0,0,0,0,0,0,19,19],"current_hp_per_floor":[35,40,40,40,40,64,31,32,42,31,60,47,77,72,72,50,94,100,100,100,91,91,67,68,105,105,17,17],"gold":78,"neow_bonus":"","is_daily":false,"chose_seed":false,"campfire_upgraded":1,"win_rate":0.0,"timestamp":1611837981,"path_taken":["M","?","M","?","?","R","E","?","T","M","R","E","R","M","R","BOSS","M","$","?","M","?","E","M","R","T","E"],"items_purchased_type":["Relic","Card","Relic","Relic","Card","Card","Card","Relic","Relic"],"build_version":"2020-12-22","purchased_purges":0,"victory":false,"max_hp_per_floor":[82,82,82,82,82,82,82,85,95,98,98,101,101,104,104,108,108,108,108,108,114,114,118,126,126,126,126,126],"relic_stats":{"counters":[42,190],"Mummified Hand":[9],"Bag of Preparation":[8],"obtain_stats":[{"Vajra":37,"Bag of Preparation":19,"Bottled Tornado":44,"Ancient Tea Set":9,"Boot":21,"Smiling Mask":26,"Cursed Key":34,"Burning Blood":0,"ClockworkSouvenir":19,"Frozen Eye":0,"Nunchaku":42,"Lizard Tail":46,"HornCleat":20,"Mummified Hand":12,"Strawberry":43,"Philosopher\u0027s Stone":17,"Potion Belt":28,"Pear":9,"Self Forming Clay":6,"Oddly Smooth Stone":0,"Omamori":11,"Letter Opener":40,"Frozen Egg 2":0,"Akabeko":29,"White Beast Statue":26,"WarpedTongs":5,"OrangePellets":37,"Bottled Flame":24,"CaptainsWheel":7,"Orrery":48,"Mark of Pain":17,"StrikeDummy":14},{"Vajra":21,"Bag of Preparation":38,"Bottled Tornado":25,"Ancient Tea Set":5,"Boot":12,"Smiling Mask":14,"Cursed Key":19,"Burning Blood":0,"ClockworkSouvenir":38,"Frozen Eye":0,"Nunchaku":24,"Lizard Tail":26,"HornCleat":12,"Mummified Hand":35,"Strawberry":24,"Philosopher\u0027s Stone":37,"Potion Belt":16,"Pear":33,"Self Forming Clay":4,"Oddly Smooth Stone":28,"Omamori":6,"Letter Opener":24,"Frozen Egg 2":28,"Akabeko":17,"White Beast Statue":41,"WarpedTongs":31,"OrangePellets":21,"Bottled Flame":14,"CaptainsWheel":32,"Orrery":27,"Mark of Pain":10,"StrikeDummy":9},{"Vajra":86,"Bag of Preparation":161,"Bottled Tornado":103,"Ancient Tea Set":10,"Boot":37,"Smiling Mask":45,"Cursed Key":78,"Burning Blood":0,"ClockworkSouvenir":161,"Frozen Eye":0,"Nunchaku":96,"Lizard Tail":108,"HornCleat":37,"Mummified Hand":144,"Strawberry":96,"Philosopher\u0027s Stone":159,"Potion Belt":53,"Pear":136,"Self Forming Clay":9,"Oddly Smooth Stone":119,"Omamori":14,"Letter Opener":96,"Frozen Egg 2":119,"Akabeko":63,"White Beast Statue":184,"WarpedTongs":126,"OrangePellets":86,"Bottled Flame":45,"CaptainsWheel":132,"Orrery":111,"Mark of Pain":31,"StrikeDummy":23}],"Burning Blood":222,"WarpedTongs":[63]},"card_choices":[{"not_picked":["Sword Boomerang","Body Slam"],"picked":"Inflame+1","floor":1},{"not_picked":["Twin Strike","Bludgeon","Body Slam"],"picked":"SKIP","floor":2},{"not_picked":["Thunderclap","Wild Strike","Rampage"],"picked":"SKIP","floor":3},{"not_picked":["Anger","Heavy Blade"],"picked":"Feed","floor":7},{"not_picked":["Entrench","Second Wind"],"picked":"Headbutt","floor":8},{"not_picked":["Flex","Havoc"],"picked":"Shrug It Off","floor":10},{"not_picked":["Sword Boomerang","Thunderclap"],"picked":"Limit Break","floor":12},{"not_picked":["True Grit","Metallicize+1"],"picked":"Flame Barrier","floor":14},{"not_picked":["Demon Form+1","Juggernaut+1"],"picked":"Feed","floor":16},{"not_picked":["Hemokinesis","Heavy Blade"],"picked":"Pommel Strike","floor":18},{"not_picked":["Body Slam","Sword Boomerang"],"picked":"Entrench+1","floor":21},{"not_picked":["Blood for Blood","Armaments"],"picked":"Disarm","floor":23},{"not_picked":["Dropkick","Twin Strike"],"picked":"Heavy Blade","floor":24}],"player_experience":1017668,"relics_obtained":[{"floor":7,"key":"CaptainsWheel"},{"floor":9,"key":"Pear"},{"floor":12,"key":"Mummified Hand"},{"floor":23,"key":"HornCleat"},{"floor":26,"key":"White Beast Statue"}],"event_choices":[{"damage_healed":0,"gold_gain":0,"player_choice":"Grow","damage_taken":0,"max_hp_gain":0,"max_hp_loss":0,"event_name":"Living Wall","floor":4,"gold_loss":0,"cards_upgraded":["Offering"]},{"damage_healed":0,"gold_gain":0,"player_choice":"Rummage","damage_taken":0,"relics_obtained":["WarpedTongs"],"max_hp_gain":0,"max_hp_loss":0,"event_name":"Accursed Blacksmith","floor":5,"gold_loss":0,"cards_obtained":["Pain"]},{"damage_healed":0,"gold_gain":0,"player_choice":"Ignored","damage_taken":0,"max_hp_gain":0,"max_hp_loss":0,"event_name":"Ghosts","floor":20,"gold_loss":0}],"is_beta":false,"boss_relics":[{"not_picked":["Calling Bell","Runic Cube"],"picked":"Philosopher\u0027s Stone"}],"items_purged_floors":[],"is_endless":false,"potions_floor_spawned":[3,12,14,16,23],"killed_by":"Slavers","ascension_level":20}}