{"host":"l4p18zw33fr8bdc3","time":1611801101,"event":{"mods":["AchievementEnabler","BaseMod","Bestiary","Block Reminder","Colored Map","Colored Powertips","Curses Come First","Minty Spire (QoL Compilation)","Quick Restart","Rare Cards Sparkle","StSLib"],"gold_per_floor":[369,369,22,36,53,83,83,11,11,43,43,58,88,103,103,202,202,222,234,234,234,30,30,65,65,89,107,67,77,77,38,38,137,137,149,199,199,215,0,0,0,16,16,16,16,16,47,47,47,47,47,47,12,47,47],"floor_reached":56,"language":"ENG","playtime":3805,"items_purged":["Strike_R","Strike_R","Magnetism+1"],"score":1228,"play_id":"40b24cb9-ce97-4e67-90b5-cd6c65a90560","local_time":"20210127213141","is_ascension_mode":true,"campfire_choices":[{"data":"Magnetism","floor":7,"key":"SMITH"},{"data":"Whirlwind","floor":15,"key":"SMITH"},{"data":"Bash","floor":23,"key":"SMITH"},{"data":"Dual Wield","floor":25,"key":"SMITH"},{"floor":32,"key":"REST"},{"data":"Limit Break","floor":40,"key":"SMITH"},{"floor":44,"key":"RECALL"},{"floor":46,"key":"REST"},{"data":"Fire Breathing","floor":49,"key":"SMITH"},{"data":"Spot Weakness","floor":52,"key":"SMITH"}],"circlet_count":0,"master_deck":["Defend_R","Defend_R+1","Defend_R+1","Bash+1","Wild Strike","Whirlwind+1","Shrug It Off","Reckless Charge","Shrug It Off","Wild Strike","Thunderclap","Double Tap","Flame Barrier+1","Evolve","Combust+1","Dark Embrace+1","Anger+1","Pommel Strike+1","Dual Wield+1","Spot Weakness+1","Fire Breathing","Limit Break+1","Feel No Pain+1","Clothesline","Fire Breathing+1","Decay","Doubt","Inflame"],"relics":["Burning Blood","Membership Card","War Paint","Lee\u0027s Waffle","Strawberry","White Beast Statue","Astrolabe","Toy Ornithopter","Oddly Smooth Stone","Potion Belt","Orichalcum","Cursed Key","Du-Vu Doll","OrangePellets","Anchor","Centennial Puzzle","Regal Pillow","Pear","Paper Frog"],"acts_visited":["Exordium","TheCity","TheBeyond","TheEnding"],"potions_floor_usage":[12,13,13,18,19,24,24,24,25,28,33,33,33,33,47,47,47,50,50,50,50,50,54,54,55,55],"damage_taken":[{"damage":1,"enemies":"Cultist","floor":1,"turns":3},{"damage":0,"enemies":"2 Louse","floor":4,"turns":2},{"damage":6,"enemies":"Small Slimes","floor":5,"turns":5},{"damage":41,"enemies":"Lagavulin","floor":6,"turns":9},{"damage":13,"enemies":"3 Sentries","floor":10,"turns":8},{"damage":4,"enemies":"Blue Slaver","floor":12,"turns":4},{"damage":27,"enemies":"Gremlin Nob","floor":13,"turns":4},{"damage":6,"enemies":"Exordium Thugs","floor":14,"turns":5},{"damage":19,"enemies":"Slime Boss","floor":16,"turns":6},{"damage":19,"enemies":"Spheric Guardian","floor":18,"turns":6},{"damage":14,"enemies":"Shell Parasite","floor":19,"turns":6},{"damage":44,"enemies":"Slavers","floor":24,"turns":6},{"damage":34,"enemies":"Centurion and Healer","floor":27,"turns":8},{"damage":11,"enemies":"Snake Plant","floor":29,"turns":5},{"damage":29,"enemies":"Champ","floor":33,"turns":10},{"damage":4,"enemies":"3 Shapes","floor":35,"turns":4},{"damage":2,"enemies":"Mind Bloom Boss Battle","floor":36,"turns":8},{"damage":18,"enemies":"Orb Walker","floor":38,"turns":4},{"damage":26,"enemies":"Sphere and 2 Shapes","floor":42,"turns":5},{"damage":24,"enemies":"Reptomancer","floor":47,"turns":7},{"damage":74,"enemies":"Time Eater","floor":50,"turns":11},{"damage":34,"enemies":"Shield and Spear","floor":54,"turns":5},{"damage":100,"enemies":"The Heart","floor":55,"turns":9}],"seed_played":"-7529076233133811499","potions_obtained":[{"floor":5,"key":"PowerPotion"},{"floor":6,"key":"AttackPotion"},{"floor":10,"key":"Weak Potion"},{"floor":12,"key":"Strength Potion"},{"floor":14,"key":"SkillPotion"},{"floor":16,"key":"Swift Potion"},{"floor":18,"key":"PowerPotion"},{"floor":19,"key":"Block Potion"},{"floor":24,"key":"BloodPotion"},{"floor":27,"key":"Fire Potion"},{"floor":28,"key":"Fruit Juice"},{"floor":28,"key":"SteroidPotion"},{"floor":28,"key":"Fire Potion"},{"floor":29,"key":"SkillPotion"},{"floor":33,"key":"Fire Potion"},{"floor":35,"key":"EntropicBrew"},{"floor":36,"key":"ColorlessPotion"},{"floor":38,"key":"LiquidBronze"},{"floor":42,"key":"Block Potion"},{"floor":47,"key":"CultistPotion"},{"floor":54,"key":"SpeedPotion"}],"is_trial":false,"path_per_floor":["M","?","$","M","M","E","R","$","T","E","?","M","E","M","R","B",null,"M","M","?","?","$","R","E","R","T","M","?","M","?","$","R","B",null,"M","?","?","M","$","R","?","M","T","R","$","R","E","T","R","B",null,"R","$","E","B",null],"character_chosen":"IRONCLAD","items_purchased":["Membership Card","Whirlwind","Shrug It Off","Reckless Charge","Magnetism","Lee\u0027s Waffle","Toy Ornithopter","Oddly Smooth Stone","Fire Breathing","OrangePellets","Anchor","Inflame"],"campfire_rested":2,"item_purchase_floors":[3,3,3,3,3,8,22,22,31,39,39,53],"current_hp_per_floor":[72,72,72,72,72,37,37,79,79,79,84,86,65,65,65,52,91,78,70,52,52,52,52,29,53,53,25,35,30,30,30,60,57,101,101,101,101,89,89,89,89,69,69,69,69,99,88,98,98,55,111,111,111,93,9],"gold":47,"neow_bonus":"TWO_FIFTY_GOLD","is_daily":false,"chose_seed":false,"campfire_upgraded":7,"win_rate":0.0,"timestamp":1611801101,"path_taken":["M","?","$","M","M","E","R","$","T","E","?","M","E","M","R","BOSS","M","M","?","?","$","R","E","R","T","?","?","?","?","$","R","BOSS","M","?","?","?","$","R","?","?","T","R","$","R","E","?","R","BOSS","R","$","E","BOSS"],"items_purchased_type":["Relic","Card","Card","Card","Card","Relic","Relic","Relic","Card","Relic","Relic","Card"],"build_version":"2020-12-22","purchased_purges":3,"victory":true,"max_hp_per_floor":[72,72,72,72,72,72,72,79,79,86,91,91,91,91,91,91,91,91,91,96,96,96,96,96,96,96,96,101,101,101,101,101,101,101,101,101,101,101,101,101,101,101,101,101,101,101,101,111,111,111,111,111,111,111,111],"card_choices":[{"not_picked":["Headbutt","Rage"],"picked":"Wild Strike","floor":1},{"not_picked":["Flex","Havoc"],"picked":"Shrug It Off","floor":4},{"not_picked":["Seeing Red","Anger"],"picked":"Wild Strike","floor":5},{"not_picked":["True Grit","Brutality"],"picked":"Thunderclap","floor":6},{"not_picked":["Combust","Pummel"],"picked":"Double Tap","floor":10},{"not_picked":["Iron Wave","Twin Strike"],"picked":"Flame Barrier","floor":12},{"not_picked":["Bloodletting","Clothesline"],"picked":"Evolve","floor":13},{"not_picked":["Burning Pact","Evolve","Heavy Blade"],"picked":"SKIP","floor":14},{"not_picked":["Perfected Strike","Hemokinesis"],"picked":"Pommel Strike+1","floor":18},{"not_picked":["Clothesline","Body Slam","Havoc"],"picked":"SKIP","floor":19},{"not_picked":["Dropkick+1","Armaments"],"picked":"Dual Wield","floor":24},{"not_picked":["Warcry","Shrug It Off+1"],"picked":"Spot Weakness","floor":27},{"not_picked":["Anger+1","Flex","Body Slam"],"picked":"SKIP","floor":29},{"not_picked":["Brutality","Impervious"],"picked":"Limit Break","floor":33},{"not_picked":["Spot Weakness","Flex"],"picked":"Feel No Pain+1","floor":35},{"not_picked":["Anger+1","Perfected Strike"],"picked":"Clothesline","floor":38},{"not_picked":["Uppercut","Second Wind","Body Slam"],"picked":"SKIP","floor":42},{"not_picked":["Intimidate","Burning Pact+1","Rage"],"picked":"SKIP","floor":47},{"not_picked":["Spot Weakness","Flex+1","Cleave+1"],"picked":"SKIP","floor":54}],"player_experience":204809,"relics_obtained":[{"floor":6,"key":"War Paint"},{"floor":10,"key":"Strawberry"},{"floor":13,"key":"White Beast Statue"},{"floor":24,"key":"Potion Belt"},{"floor":26,"key":"Orichalcum"},{"floor":36,"key":"Du-Vu Doll"},{"floor":43,"key":"Centennial Puzzle"},{"floor":47,"key":"Regal Pillow"},{"floor":48,"key":"Pear"},{"floor":54,"key":"Paper Frog"}],"event_choices":[{"damage_healed":0,"gold_gain":0,"player_choice":"Ignored","damage_taken":0,"max_hp_gain":0,"max_hp_loss":0,"event_name":"Liars Game","floor":2,"gold_loss":0},{"damage_healed":0,"gold_gain":0,"player_choice":"Donut","damage_taken":0,"max_hp_gain":5,"max_hp_loss":0,"event_name":"Big Fish","floor":11,"gold_loss":0},{"damage_healed":0,"gold_gain":0,"player_choice":"Shed Blood","damage_taken":23,"max_hp_gain":5,"max_hp_loss":0,"event_name":"Forgotten Altar","floor":20,"gold_loss":0},{"damage_healed":0,"gold_gain":0,"player_choice":"Ignored","damage_taken":0,"max_hp_gain":0,"max_hp_loss":0,"event_name":"Ghosts","floor":21,"gold_loss":0},{"damage_healed":0,"gold_gain":0,"player_choice":"Bought 3 Potions","damage_taken":0,"max_hp_gain":0,"max_hp_loss":0,"event_name":"The Woman in Blue","floor":28,"gold_loss":0},{"damage_healed":0,"gold_gain":0,"player_choice":"Forge","damage_taken":0,"max_hp_gain":0,"max_hp_loss":0,"event_name":"Accursed Blacksmith","floor":30,"gold_loss":0,"cards_upgraded":["Flame Barrier"]},{"damage_healed":0,"gold_gain":0,"player_choice":"Fight","damage_taken":0,"max_hp_gain":0,"max_hp_loss":0,"event_name":"MindBloom","floor":36,"gold_loss":0},{"cards_removed":["Defend_R"],"damage_healed":0,"gold_gain":0,"player_choice":"Purged","damage_taken":0,"max_hp_gain":0,"max_hp_loss":0,"event_name":"Purifier","floor":37,"gold_loss":0},{"damage_healed":0,"gold_gain":0,"player_choice":"Copied","damage_taken":0,"max_hp_gain":0,"max_hp_loss":0,"event_name":"Duplicator","floor":41,"gold_loss":0,"cards_obtained":["Fire Breathing"]}],"is_beta":false,"boss_relics":[{"not_picked":["SacredBark","SlaversCollar"],"picked":"Astrolabe"},{"not_picked":["Empty Cage","Tiny House"],"picked":"Cursed Key"}],"items_purged_floors":[3,22,39],"is_endless":false,"potions_floor_spawned":[5,6,10,12,14,16,18,19,24,27,29,33,35,36,38,42,47,54],"ascension_level":1}}