{"host":"s9znsjs818tlhh47","time":1611812380,"event":{"mods":["2.2 Compatiblity","AchievementEnabler","Act Like it!","BaseMod","Bestiary","Better Note","Better Skull","Better Third Choice","Better Vampires","Card Forge","Colored Powertips","Force Act Four","Gensokyo","Marked Mod","Minty Spire (QoL Compilation)","Permanent Neow","Quick Restart","RumiaBox-露米娅的神秘盒子","StSLib","The Invoker Mod","【功能Mod】混沌之环修复补丁","【遗物卡牌】REMEMod","残留之物"],"gold_per_floor":[115,115,115,115,125,160,160,188,188,188,188,220,238,255,255,255,255],"floor_reached":16,"language":"ZHS","playtime":269,"items_purged":[],"score":193,"play_id":"bcb6b7f4-3fc2-4ea3-9d16-4657cdbef95c","local_time":"20210128003940","is_ascension_mode":false,"campfire_choices":[{"floor":11,"key":"REST"},{"floor":15,"key":"REST"}],"circlet_count":0,"master_deck":["Clash+1","Clash+1","Clash+1","Clash+1"],"relics":["Burning Blood","Hammer of Thor","Seething Fire","Anvil of the Gods","REME_ComplimentaryCards","Charon\u0027s Ashes","ChaoDraw","PlaceholderMod:DeVermisMysteriis","Mummified Hand"],"acts_visited":["Exordium"],"potions_floor_usage":[8],"damage_taken":[{"damage":0,"enemies":"Small Slimes","floor":1,"turns":1},{"damage":0,"enemies":"2 Louse","floor":5,"turns":1},{"damage":0,"enemies":"Lagavulin","floor":6,"turns":2},{"damage":63,"enemies":"3 Sentries","floor":8,"turns":11},{"damage":0,"enemies":"Lagavulin","floor":12,"turns":2},{"damage":0,"enemies":"Cultist","floor":13,"turns":1},{"damage":0,"enemies":"Looter","floor":14,"turns":1},{"damage":62,"enemies":"Hexaghost","floor":16,"turns":5}],"seed_played":"-2891214584517627773","potions_obtained":[{"floor":6,"key":"BloodPotion"},{"floor":14,"key":"Strength Potion"}],"is_trial":false,"path_per_floor":["M","$","?","$","M","E","?","E","T","?","R","E","M","M","R","B"],"character_chosen":"IRONCLAD","items_purchased":[],"campfire_rested":2,"item_purchase_floors":[],"current_hp_per_floor":[80,80,80,80,80,80,80,39,39,39,63,69,75,80,80,18,18],"gold":255,"neow_bonus":"ONE_RARE_RELIC","is_daily":false,"chose_seed":false,"campfire_upgraded":0,"win_rate":0.0,"timestamp":1611812380,"path_taken":["M","$","?","$","M","E","?","E","T","?","R","E","M","M","R","BOSS"],"items_purchased_type":[],"build_version":"2020-12-22","purchased_purges":0,"victory":false,"max_hp_per_floor":[80,80,80,80,80,80,80,80,80,80,80,80,80,80,80,80,80],"card_choices":[{"not_picked":["Perfected Strike","Pummel","Armaments"],"picked":"SKIP","floor":1},{"not_picked":["Shrug It Off","Flex","Headbutt"],"picked":"SKIP","floor":5},{"not_picked":["Clash","Perfected Strike","Sentinel"],"picked":"SKIP","floor":6},{"not_picked":["Dropkick","Anger","Battle Trance"],"picked":"SKIP","floor":8},{"not_picked":["Reaper","Perfected Strike","Juggernaut"],"picked":"SKIP","floor":12},{"not_picked":["Iron Wave","Clash","Clothesline"],"picked":"SKIP","floor":13},{"not_picked":["True Grit","Metallicize","Intimidate"],"picked":"SKIP","floor":14}],"player_experience":326162,"relics_obtained":[{"floor":6,"key":"ChaoDraw"},{"floor":8,"key":"PlaceholderMod:DeVermisMysteriis"},{"floor":12,"key":"Mummified Hand"}],"event_choices":[{"damage_healed":80,"gold_gain":0,"player_choice":"Leave","damage_taken":0,"max_hp_gain":0,"max_hp_loss":80,"event_name":"betterThird:BetterShining","floor":3,"gold_loss":0},{"damage_healed":0,"gold_gain":0,"player_choice":"Leave","damage_taken":0,"max_hp_gain":0,"max_hp_loss":0,"event_name":"The Cleric","floor":7,"gold_loss":0},{"damage_healed":0,"gold_gain":0,"player_choice":"Ignored","damage_taken":0,"max_hp_gain":0,"max_hp_loss":0,"event_name":"Golden Idol","floor":10,"gold_loss":0}],"is_beta":false,"boss_relics":[],"items_purged_floors":[],"is_endless":false,"potions_floor_spawned":[6,14],"killed_by":"Hexaghost","ascension_level":0}}