{"host":"jumrmhf584hajrnz","time":1611846695,"event":{"mods":["BaseMod","Duelist Mod","GifTheSpireLib","Minty Spire (QoL Compilation)","Quick Restart","StSLib"],"gold_per_floor":[140,160,160,184,184,184,194,194,194,207,207,239,99,99,99,198,198,218,21,21,21,78,78,96,125,160,199,14,28,58,88,88,181,181,201,271,271,271,287,287,198,266,290,300,300,355,375,407,407,407,427,427,427,13,41,61],"floor_reached":57,"language":"ENG","playtime":4194,"items_purged":["theDuelist:CurseArmaments","theDuelist:CurseAging"],"score":3038,"play_id":"5c00fb9a-bd4f-4af2-a5d3-7ccc38e0b24d","local_time":"20210128161135","is_ascension_mode":true,"campfire_choices":[{"floor":8,"key":"REST"},{"floor":11,"key":"RECALL"},{"floor":15,"key":"REST"},{"floor":23,"key":"REST"},{"floor":32,"key":"REST"},{"floor":40,"key":"REST"},{"floor":45,"key":"REST"},{"floor":49,"key":"REST"},{"floor":53,"key":"REST"}],"circlet_count":0,"master_deck":["theDuelist:DeltaMagnet","theDuelist:MeteorDestruction","theDuelist:MeteorDestruction","theDuelist:GravityAxe","Secret Technique","theDuelist:PreventRat+1","theDuelist:MillenniumGolem","theDuelist:BigFire","theDuelist:Tuningware","theDuelist:Hinotama","theDuelist:BigFire","theDuelist:Nameless:Magic:AncientGearBox","theDuelist:GravityLash","theDuelist:SwordsConcealing+1","theDuelist:ForbiddenLance","theDuelist:CastleWalls","theDuelist:SwordsConcealing+1","theDuelist:GravityAxe","theDuelist:HappyLover","theDuelist:Hinotama+1","theDuelist:FinalFlame","theDuelist:Sparks","theDuelist:ScrapFactory+1","theDuelist:MagnumShield+1","theDuelist:Tuningware","theDuelist:MeteorDestruction","theDuelist:AssaultArmor+1","theDuelist:MagnumShield+1","theDuelist:MagicalStone","theDuelist:HarpieFeather+1","theDuelist:CombinationAttack+1","theDuelist:ScrapFactory+1","theDuelist:CastleWalls","theDuelist:FinalFlame","theDuelist:Gandora","theDuelist:LightningBlade+1","theDuelist:GiantSoldier","theDuelist:Hinotama","theDuelist:DoubleTool","theDuelist:SwordsConcealing+1","theDuelist:Sparks","theDuelist:MillenniumShield","theDuelist:DarkFactory+1","theDuelist:Hinotama+1","theDuelist:BeaverWarrior","theDuelist:ObeliskTormentor","theDuelist:Nameless:Greed:MagnumShield","Decay","theDuelist:GravityLash","theDuelist:GiantSoldier","AscendersBane","theDuelist:PineappleBlast","theDuelist:RainbowKuriboh","theDuelist:ForbiddenLance","theDuelist:Tuningware","theDuelist:Tuningware","Pain","theDuelist:MagicalStone","theDuelist:BerserkerCrush+1","theDuelist:BeaverWarrior+1","theDuelist:RainbowKuriboh"],"relics":["theDuelist:MillenniumPuzzle","theDuelist:CardPoolRelic","theDuelist:CardPoolBasicRelic","theDuelist:BoosterPackPoolRelic","theDuelist:CardPoolAddRelic","theDuelist:CardPoolMinusRelic","theDuelist:CardPoolSaveRelic","theDuelist:CardPoolOptionsRelic","Pear","Juzu Bracelet","theDuelist:BoosterPackSpellEgg","theDuelist:KaibaToken","Cursed Key","Membership Card","Lizard Tail","theDuelist:WhiteBowlRelic","Pocketwatch","MawBank","Darkstone Periapt","Bird Faced Urn","Fusion Hammer","theDuelist:NamelessPowerRelicB","theDuelist:ResummonBranch","Calipers","theDuelist:ElectricBurst","Omamori","theDuelist:MetronomeRelicD","Torii","Pen Nib","Oddly Smooth Stone","TungstenRod"],"acts_visited":["Exordium","TheCity","TheBeyond","TheEnding"],"potions_floor_usage":[16,22,25,39,50,55,56],"damage_taken":[{"damage":4,"enemies":"Jaw Worm","floor":1,"turns":4},{"damage":3,"enemies":"2 Louse","floor":2,"turns":2},{"damage":0,"enemies":"Cultist","floor":7,"turns":3},{"damage":1,"enemies":"2 Fungi Beasts","floor":10,"turns":3},{"damage":14,"enemies":"Lagavulin","floor":12,"turns":6},{"damage":0,"enemies":"The Guardian","floor":16,"turns":7},{"damage":6,"enemies":"Shell Parasite","floor":18,"turns":4},{"damage":53,"enemies":"Shell Parasite","floor":22,"turns":10},{"damage":0,"enemies":"Spheric Guardian","floor":24,"turns":2},{"damage":29,"enemies":"Slavers","floor":25,"turns":5},{"damage":4,"enemies":"theDuelist:KaibaA2","floor":27,"turns":4},{"damage":16,"enemies":"Snake Plant","floor":29,"turns":4},{"damage":0,"enemies":"3 Cultists","floor":30,"turns":2},{"damage":6,"enemies":"Shelled Parasite and Fungi","floor":31,"turns":4},{"damage":17,"enemies":"Collector","floor":33,"turns":8},{"damage":11,"enemies":"Orb Walker","floor":35,"turns":3},{"damage":22,"enemies":"3 Darklings","floor":39,"turns":4},{"damage":4,"enemies":"3 Darklings","floor":42,"turns":8},{"damage":3,"enemies":"Spire Growth","floor":44,"turns":4},{"damage":3,"enemies":"Nemesis","floor":46,"turns":7},{"damage":67,"enemies":"Reptomancer","floor":48,"turns":6},{"damage":10,"enemies":"Awakened One","floor":50,"turns":10},{"damage":19,"enemies":"Donu and Deca","floor":51,"turns":7},{"damage":15,"enemies":"Shield and Spear","floor":55,"turns":5},{"damage":16,"enemies":"The Heart","floor":56,"turns":8}],"seed_played":"-1260734354288844037","potions_obtained":[{"floor":7,"key":"theDuelist:CoolBottle"},{"floor":12,"key":"theDuelist:SummonFuryPotion"},{"floor":24,"key":"Strength Potion"},{"floor":25,"key":"Block Potion"},{"floor":30,"key":"FocusPotion"},{"floor":39,"key":"theDuelist:BottledKuriboh"}],"is_trial":false,"path_per_floor":["M","M","?","T","?","?","M","R","T","M","R","E","$","?","R","B",null,"M","$","?","?","?","R","M","E","T","E","$","M","M","M","R","B",null,"M","?","?","?","M","R","$","?","T","M","R","E","?","E","R","B","B",null,"R","$","E","B",null],"character_chosen":"THE_DUELIST","items_purchased":["theDuelist:MeteorDestruction","theDuelist:RainbowKuriboh","Membership Card","theDuelist:Hinotama","Bird Faced Urn","theDuelist:DoubleTool","theDuelist:ObeliskTormentor","theDuelist:MillenniumShield","theDuelist:MeteorDestruction","Pen Nib","Oddly Smooth Stone","theDuelist:Tuningware","theDuelist:BigOrbBottle","Secret Technique"],"campfire_rested":8,"item_purchase_floors":[13,13,19,19,28,41,41,54,54,54,54,54,54,54],"current_hp_per_floor":[59,56,31,31,31,31,31,52,52,51,51,37,37,15,36,36,64,58,58,58,58,5,26,26,34,34,30,30,16,18,16,37,30,62,51,53,53,53,33,53,53,59,65,66,73,73,73,8,29,31,16,59,73,73,65,59],"gold":61,"neow_bonus":"THREE_RARE_CARDS","is_daily":false,"chose_seed":false,"campfire_upgraded":0,"win_rate":0.0,"timestamp":1611846695,"path_taken":["M","M","?","?","?","?","M","R","T","M","R","E","?","?","R","BOSS","M","$","?","?","?","R","M","E","T","E","?","M","M","M","R","BOSS","M","?","?","?","M","R","?","?","T","M","R","E","?","E","R","BOSS","BOSS","R","$","E","BOSS"],"items_purchased_type":["Card","Card","Relic","Card","Relic","Card","Card","Card","Card","Relic","Relic","Card","Potion","Card"],"build_version":"2020-12-22","purchased_purges":2,"victory":true,"max_hp_per_floor":[63,63,73,73,73,73,73,73,73,73,73,73,73,73,73,73,73,73,73,73,73,73,73,73,73,73,73,73,73,73,73,73,73,73,73,71,71,67,67,67,67,67,73,73,73,73,73,73,73,73,73,73,73,73,73,73],"card_choices":[{"not_picked":["theDuelist:MillenniumShield","theDuelist:SevenCompleted"],"picked":"theDuelist:ForbiddenLance","floor":0},{"not_picked":["theDuelist:PineappleBlast","theDuelist:Mathematician"],"picked":"theDuelist:GravityLash","floor":1},{"not_picked":["theDuelist:SpiritHarp","theDuelist:Tuningware","theDuelist:SpellShatteringArrow","theDuelist:BreakDraw"],"picked":"theDuelist:BigFire","floor":2},{"not_picked":["theDuelist:LegendarySword","theDuelist:GiantTrunade","theDuelist:ElectromagneticShield","theDuelist:CombinationAttack"],"picked":"theDuelist:GravityAxe","floor":7},{"not_picked":["theDuelist:Wildfire+1","theDuelist:MillenniumShield"],"picked":"theDuelist:SwordsConcealing+1","floor":10},{"not_picked":["theDuelist:ClearKuriboh","theDuelist:GiantSoldierSteel","theDuelist:GreenGraveOni","theDuelist:TimeSeal"],"picked":"theDuelist:Hinotama+1","floor":12},{"not_picked":["theDuelist:RainbowNeos","theDuelist:KamionTimelord","theDuelist:RainbowKuriboh","theDuelist:RainbowOverdragon"],"picked":"theDuelist:HappyLover","floor":16},{"not_picked":["theDuelist:FrontierWiseman","theDuelist:BlackPendant+1","theDuelist:PreventRat","theDuelist:GilfordLegend"],"picked":"theDuelist:Tuningware","floor":18},{"not_picked":["theDuelist:CoreBlaster+1","theDuelist:EgoBoost+1","theDuelist:DarkBurningAttack+1","theDuelist:WormApocalypse"],"picked":"theDuelist:Tuningware","floor":22},{"not_picked":["theDuelist:SpellShatteringArrow+1","theDuelist:CombinationAttack+1","theDuelist:AfterTheStorm+1","theDuelist:SwordDeepSeated+1"],"picked":"theDuelist:MagnumShield+1","floor":24},{"not_picked":["theDuelist:ForbiddenLance+1","theDuelist:FeatherShot+1"],"picked":"theDuelist:LightningBlade+1","floor":25},{"not_picked":["theDuelist:SwordsRevealing+1","theDuelist:MillenniumShield"],"picked":"theDuelist:SwordsConcealing+1","floor":27},{"not_picked":["theDuelist:SangaEarth","theDuelist:ForbiddenLance+1"],"picked":"theDuelist:PineappleBlast","floor":29},{"not_picked":["theDuelist:BigFire+1","theDuelist:DropOff","theDuelist:BattleFootballer+1","theDuelist:DarkHole+1"],"picked":"theDuelist:MillenniumGolem","floor":30},{"not_picked":["theDuelist:FrontierWiseman","theDuelist:BlackPendant+1","theDuelist:Tuningware","theDuelist:BattleOx+1"],"picked":"theDuelist:PreventRat+1","floor":31},{"not_picked":["theDuelist:RainbowNeos","theDuelist:KamionTimelord+1","theDuelist:HappyLover","theDuelist:RainbowOverdragon"],"picked":"theDuelist:RainbowKuriboh","floor":33},{"not_picked":["theDuelist:SpellShatteringArrow+1","theDuelist:SpiritHarp+1","theDuelist:WormApocalypse","theDuelist:Invigoration+1"],"picked":"theDuelist:CombinationAttack+1","floor":35},{"not_picked":["theDuelist:CoreBlaster+1","theDuelist:EgoBoost+1","theDuelist:SpiritHarp","theDuelist:Tuningware"],"picked":"theDuelist:BerserkerCrush+1","floor":39},{"not_picked":["theDuelist:SpellShatteringArrow+1","theDuelist:MythicalBeast","theDuelist:WhiteNinja","theDuelist:CharcoalInpachi+1"],"picked":"theDuelist:DarkFactory+1","floor":42},{"not_picked":["theDuelist:Hinotama+1","theDuelist:CombinationAttack+1","theDuelist:UnderworldCannon+1","theDuelist:MeteorDestruction+1"],"picked":"theDuelist:AssaultArmor+1","floor":44},{"not_picked":["theDuelist:SpellShatteringArrow+1","theDuelist:DarkBurningAttack+1","theDuelist:WormApocalypse","theDuelist:VenomShot+1"],"picked":"theDuelist:Tuningware","floor":46},{"not_picked":["theDuelist:SpiralSpearStrike+2","theDuelist:LegendarySword+3","theDuelist:AncientGearFist+1","theDuelist:CharcoalInpachi"],"picked":"theDuelist:MagnumShield+1","floor":48},{"not_picked":["theDuelist:WormWarlord+1","theDuelist:PreventRat+1","theDuelist:BlackPendant+1","theDuelist:GemElephant+1"],"picked":"theDuelist:HarpieFeather+1","floor":55}],"player_experience":1613868,"relics_obtained":[{"floor":4,"key":"Juzu Bracelet"},{"floor":9,"key":"theDuelist:BoosterPackSpellEgg"},{"floor":12,"key":"theDuelist:KaibaToken"},{"floor":22,"key":"Lizard Tail"},{"floor":22,"key":"theDuelist:WhiteBowlRelic"},{"floor":22,"key":"Pocketwatch"},{"floor":25,"key":"MawBank"},{"floor":27,"key":"Darkstone Periapt"},{"floor":42,"key":"theDuelist:ResummonBranch"},{"floor":42,"key":"Calipers"},{"floor":42,"key":"theDuelist:ElectricBurst"},{"floor":43,"key":"Omamori"},{"floor":46,"key":"theDuelist:MetronomeRelicD"},{"floor":48,"key":"Torii"},{"floor":55,"key":"TungstenRod"}],"event_choices":[{"damage_healed":0,"gold_gain":0,"player_choice":"Success","damage_taken":35,"relics_obtained":["Pear"],"max_hp_gain":0,"max_hp_loss":0,"event_name":"Scrap Ooze","floor":3,"gold_loss":0},{"damage_healed":0,"gold_gain":0,"player_choice":"Leave","duelist":true,"damage_taken":0,"max_hp_gain":0,"max_hp_loss":0,"event_name":"Relic Duplicator","floor":5,"gold_loss":0},{"damage_healed":0,"gold_gain":0,"cards_transformed":["theDuelist:Sparks"],"player_choice":"Transformed","damage_taken":0,"max_hp_gain":0,"max_hp_loss":0,"event_name":"Transmorgrifier","floor":6,"gold_loss":0,"cards_obtained":["theDuelist:MagicalStone"]},{"damage_healed":0,"gold_gain":0,"player_choice":"Entered Light","damage_taken":22,"max_hp_gain":0,"max_hp_loss":0,"event_name":"Shining Light","floor":14,"gold_loss":0,"cards_upgraded":["theDuelist:BeaverWarrior","theDuelist:ScrapFactory"]},{"damage_healed":0,"gold_gain":0,"player_choice":"Intellect - dupe all spells","duelist":true,"damage_taken":0,"max_hp_gain":0,"max_hp_loss":0,"event_name":"Aknamkanon\u0027s Tomb","floor":20,"gold_loss":0},{"damage_healed":0,"gold_gain":0,"player_choice":"Leave","duelist":true,"damage_taken":0,"max_hp_gain":0,"max_hp_loss":0,"event_name":"Millennium Items","floor":21,"gold_loss":0},{"damage_healed":0,"gold_gain":0,"player_choice":"Fight","duelist":true,"damage_taken":0,"max_hp_gain":0,"max_hp_loss":0,"event_name":"Battle City","floor":22,"gold_loss":0},{"power_reward":3,"total_magic_score":133,"gold_gain":0,"greed_reward":4,"duelist":true,"damage_taken":0,"relics_obtained":["theDuelist:NamelessPowerRelicB"],"points":19,"war_reward":4,"max_hp_gain":2,"max_hp_loss":4,"spent_points":{"magic":4,"greed":4,"war":4,"power":3,"hunger":4},"event_name":"Nameless Tomb","hunger_reward":4,"floor":36,"gold_loss":0,"magic_reward":4,"cards_obtained":["theDuelist:Nameless:Magic:AncientGearBox","theDuelist:Nameless:Greed:MagnumShield","theDuelist:Gandora"]},{"damage_healed":0,"gold_gain":0,"player_choice":"Leave","duelist":true,"damage_taken":0,"max_hp_gain":0,"max_hp_loss":0,"event_name":"Card Trader","floor":37,"gold_loss":0},{"damage_healed":0,"gold_gain":0,"player_choice":"Max HP","damage_taken":0,"max_hp_gain":0,"max_hp_loss":4,"event_name":"Winding Halls","floor":38,"gold_loss":0},{"damage_healed":0,"gold_gain":0,"player_choice":"Fight","duelist":true,"damage_taken":0,"max_hp_gain":0,"max_hp_loss":0,"event_name":"Battle City","floor":42,"gold_loss":0},{"damage_healed":0,"gold_gain":0,"player_choice":"Delta Electro","duelist":true,"damage_taken":0,"max_hp_gain":0,"max_hp_loss":0,"event_name":"Egyptian Village","floor":47,"gold_loss":0,"cards_obtained":["Delta Electromagnet Warrior"]}],"is_beta":false,"boss_relics":[{"not_picked":["Ectoplasm","Empty Cage"],"picked":"Cursed Key"},{"not_picked":["Calling Bell","theDuelist:GamblerChip"],"picked":"Fusion Hammer"}],"items_purged_floors":[28,54],"is_endless":false,"potions_floor_spawned":[7,12,24,25,30,31,39,48],"ascension_level":20}}