{"host":"7s9cy3ihj997zbmc","time":1611811514,"event":{"mods":["Act Like it!","BaseMod","Card Filter","Custom Start","Downfall","Highlight Path","Minty Spire (QoL Compilation)","Permanent Neow","Quick Restart","Relic Filter","Relic Sorter","StSLib","SuperFastMode"],"gold_per_floor":[349,361,361,373,373,387,406,419,443,520,544,344,355,373,283,303,318,341,178,196,214,240,259,364,364,364,378,395,414,426,426,478,489,507,525,525,525,551,40,68,18,34,50,64,64,64,64,74,84,189,189,89,115,126,139,159,174,201,226,226,226,242,242,259,134,134,134,165,191,204,204,204,218,218,218,244,75,75,75,75],"floor_reached":81,"language":"ZHS","playtime":4186,"items_purged":["Guardian:Defend_Guardian","Guardian:Strike_Guardian","Guardian:Defend_Guardian"],"score":1609,"play_id":"4d3b86c2-b57b-46b5-8eb3-d93176f1035b","local_time":"20210128132514","is_ascension_mode":false,"campfire_choices":[{"floor":1.0,"key":"RECALL"},{"floor":12.0,"key":"REST"},{"data":"Guardian:BaubleBeam","floor":26.0,"key":"SMITH"},{"data":"Apotheosis","floor":46.0,"key":"SMITH"},{"data":"Guardian:MultiBeam","floor":52.0,"key":"SMITH"},{"floor":61,"key":"REST"},{"floor":63,"key":"REST"},{"floor":67,"key":"REST"},{"data":"expansioncontent:QuickStudy","floor":78,"key":"SMITH"}],"circlet_count":0,"master_deck":["Guardian:Defend_Guardian","Guardian:CurlUp","Guardian:TwinSlam","Guardian:Orbwalk","Guardian:PrismaticBeam","Guardian:StasisField","Guardian:BaubleBeam+1","Guardian:Clone","Guardian:Preprogram","Guardian:MultiBeam+1","Guardian:FloatingOrbs","Guardian:FuturePlans","Apotheosis+1","Guardian:PolyBeam","Guardian:TimeCapacitor","Guardian:FierceBash","Guardian:BaubleBeam","Guardian:StasisEngine","Guardian:Suspension","Guardian:Suspension","expansioncontent:QuickStudy+1"],"relics":["Guardian:ModeShifter","downfall:ShatteredFragment","Guardian:PickAxe","Guardian:PocketSentry","Tiny Chest","downfall:HeartBlessingRed","downfall:HeartBlessingBlue","Odd Mushroom","Orrery","WingedGreaves","Runic Dome","Toy Ornithopter","Mummified Hand","Ice Cream","Happy Flower","Bottled Lightning","Gambling Chip","Prayer Wheel","Empty Cage","downfall:HeartBlessingGreen","Oddly Smooth Stone","Strawberry","Art of War","Unceasing Top","Bronze Scales","Lantern","Kunai","downfall:TeleportStone","Ornamental Fan"],"acts_visited":["Exordium","TheCity","TheBeyond","TheEnding"],"potions_floor_usage":[80],"damage_taken":[{"damage":2.0,"enemies":"2 Louse","floor":2.0,"turns":2.0},{"damage":8.0,"enemies":"Jaw Worm","floor":4.0,"turns":3.0},{"damage":0.0,"enemies":"Jaw Worm","floor":5.0,"turns":5.0},{"damage":1.0,"enemies":"Cultist","floor":6.0,"turns":3.0},{"damage":12.0,"enemies":"Blue Slaver","floor":7.0,"turns":4.0},{"damage":8.0,"enemies":"Red Slaver","floor":8.0,"turns":4.0},{"damage":8.0,"enemies":"Exordium Wildlife","floor":13.0,"turns":4.0},{"damage":0.0,"enemies":"3 Louse","floor":14.0,"turns":4.0},{"damage":0.0,"enemies":"downfall:FleeingMerchant","floor":15.0,"turns":4.0},{"damage":1.0,"enemies":"Large Slime","floor":16.0,"turns":4.0},{"damage":0.0,"enemies":"Red Slaver","floor":17.0,"turns":2.0},{"damage":4.0,"enemies":"The Mushroom Lair","floor":18.0,"turns":3.0},{"damage":2.0,"enemies":"downfall:FleeingMerchant","floor":19.0,"turns":4.0},{"damage":7.0,"enemies":"Exordium Thugs","floor":20.0,"turns":4.0},{"damage":0.0,"enemies":"Large Slime","floor":21.0,"turns":4.0},{"damage":4.0,"enemies":"3 Sentries","floor":22.0,"turns":5.0},{"damage":0.0,"enemies":"Lots of Slimes","floor":23.0,"turns":4.0},{"damage":7.0,"enemies":"IC_STATUS_ARCHETYPE","floor":24.0,"turns":4.0},{"damage":5.0,"enemies":"Shell Parasite","floor":27.0,"turns":3.0},{"damage":4.0,"enemies":"Centurion and Healer","floor":28.0,"turns":6.0},{"damage":5.0,"enemies":"Cultist and Chosen","floor":29.0,"turns":5.0},{"damage":20.0,"enemies":"Sentry and Sphere","floor":30.0,"turns":5.0},{"damage":4.0,"enemies":"Centurion and Healer","floor":33.0,"turns":3.0},{"damage":8.0,"enemies":"Snake Plant","floor":34.0,"turns":4.0},{"damage":13.0,"enemies":"3 Cultists","floor":35.0,"turns":5.0},{"damage":29.0,"enemies":"Slavers","floor":38.0,"turns":3.0},{"damage":0.0,"enemies":"downfall:FleeingMerchant","floor":39.0,"turns":4.0},{"damage":0.0,"enemies":"Book of Stabbing","floor":40.0,"turns":3.0},{"damage":0.0,"enemies":"Sentry and Sphere","floor":42.0,"turns":3.0},{"damage":1.0,"enemies":"Centurion and Healer","floor":43.0,"turns":3.0},{"damage":10.0,"enemies":"Shelled Parasite and Fungi","floor":44.0,"turns":3.0},{"damage":6.0,"enemies":"Chosen and Byrds","floor":48.0,"turns":3.0},{"damage":3.0,"enemies":"Snecko","floor":49.0,"turns":3.0},{"damage":4.0,"enemies":"DF_ARCHETYPE_CLAW","floor":50.0,"turns":4.0},{"damage":5.0,"enemies":"3 Shapes","floor":54.0,"turns":2.0},{"damage":0.0,"enemies":"Orb Walker","floor":55.0,"turns":2.0},{"damage":0.0,"enemies":"3 Darklings","floor":56.0,"turns":3.0},{"damage":20.0,"enemies":"4 Shapes","floor":57.0,"turns":3.0},{"damage":20,"enemies":"Reptomancer","floor":58,"turns":3},{"damage":0,"enemies":"Spire Growth","floor":62,"turns":3},{"damage":11,"enemies":"Transient","floor":64,"turns":5},{"damage":0,"enemies":"Nemesis","floor":68,"turns":3},{"damage":0,"enemies":"Giant Head","floor":69,"turns":3},{"damage":14,"enemies":"Jaw Worm Horde","floor":70,"turns":2},{"damage":8,"enemies":"4 Shapes","floor":73,"turns":3},{"damage":14,"enemies":"WA_ARCHETYPE_DIVINITY","floor":74,"turns":6},{"damage":9,"enemies":"downfall:CharBossMerchant","floor":76,"turns":6},{"damage":2,"enemies":"downfall:NeowBoss","floor":79,"turns":9},{"damage":18,"enemies":"downfall:NeowBossFinal","floor":80,"turns":6}],"seed_played":"38057677745941353","potions_obtained":[{"floor":6.0,"key":"LiquidBronze"},{"floor":7.0,"key":"Block Potion"},{"floor":14.0,"key":"EssenceOfSteel"},{"floor":16.0,"key":"AttackPotion"},{"floor":20.0,"key":"bronze:BurnAndBuffPotion"},{"floor":28.0,"key":"Fire Potion"},{"floor":33.0,"key":"SteroidPotion"},{"floor":35.0,"key":"Block Potion"},{"floor":42.0,"key":"Swift Potion"},{"floor":49.0,"key":"DistilledChaos"},{"floor":50.0,"key":"champ:CounterPotion"},{"floor":66,"key":"EntropicBrew"}],"is_trial":false,"path_per_floor":["R","M","?","M","?","M","M","M","T","T","T","R","M","M","$","M","M","?","$","M","M","E","M","B",null,"R","M","M","M","M","?","T","M","M","M","T","T","E","$","E","?","M","M","M","?","R","T","M","M","B",null,"R","T","M","M","M","M","E","T","T","R","M","R","M","$","?","R","E","E","M","T","?","M","B",null,"E","$","R","B","B",null],"character_chosen":"GUARDIAN","items_purchased":["Orrery","Guardian:FuturePlans","Apotheosis","Bottled Lightning","Guardian:Gem_Synthetic","Guardian:PolyBeam","expansioncontent:QuickStudy"],"campfire_rested":4,"item_purchase_floors":[19,39,39,39,39,39,77],"current_hp_per_floor":[56,54,30,22,22,21,9,1,1,1,1,38,30,30,30,29,29,25,23,16,16,12,12,5,90,90,85,81,76,56,56,56,52,44,31,31,31,7,7,7,40,40,39,29,29,29,29,23,20,21,90,90,90,85,85,85,65,52,52,52,81,81,97,86,86,86,97,97,97,83,83,83,75,61,97,88,88,88,86,73],"gold":75,"neow_bonus":"TWO_FIFTY_GOLD","is_daily":false,"chose_seed":false,"campfire_upgraded":4,"win_rate":0.0,"timestamp":1611811514,"path_taken":["R","M","?","M","?","M","M","?","?","T","T","R","M","M","$","M","M","?","?","M","M","E","M","BOSS","R","M","M","M","M","?","?","M","M","M","T","T","E","$","E","?","M","M","M","?","R","?","M","M","BOSS","R","?","M","M","M","?","E","T","T","R","M","R","M","$","?","R","E","E","?","?","?","M","BOSS","E","$","R","BOSS","BOSS"],"items_purchased_type":["Relic","Card","Card","Relic","Card","Card","Card"],"build_version":"2020-12-22","purchased_purges":3,"victory":true,"max_hp_per_floor":[80,80,80,80,80,80,80,80,80,80,80,90,90,90,90,90,90,90,90,90,90,90,90,90,90,90,90,90,90,90,90,90,90,90,90,90,90,90,90,90,90,90,90,90,90,90,90,90,90,90,90,90,90,90,90,90,90,97,97,97,97,97,97,97,97,97,97,97,97,97,97,97,97,97,97,97,97,97,97,97],"card_choices":[{"not_picked":["Guardian:TemporalStrike","Guardian:BronzeOrb"],"picked":"Guardian:Gem_Crimson","floor":2.0},{"not_picked":["Guardian:DonusPower","Guardian:RollAttack"],"picked":"Guardian:Gem_Fragmented","floor":4.0},{"not_picked":["Guardian:Recover","Guardian:BodySlam"],"picked":"Guardian:Orbwalk","floor":6.0},{"not_picked":["Guardian:DonusPower","Guardian:MultiBeam","Guardian:TemporalStrike"],"picked":"SKIP","floor":7.0},{"not_picked":["Guardian:Reroute","Guardian:PiercingHide","Guardian:ArmoredProtocol"],"picked":"SKIP","floor":8.0},{"not_picked":["Guardian:ChargeCore","Guardian:PiercingHide","Guardian:RollAttack"],"picked":"SKIP","floor":13.0},{"not_picked":["Guardian:CrystalBeam","Guardian:Gem_Blue","Guardian:Emergency"],"picked":"SKIP","floor":14.0},{"not_picked":["Guardian:AncientConstruct","Guardian:Gem_Lightblue"],"picked":"Guardian:Gem_White","floor":15.0},{"not_picked":["Guardian:ChargeCore","Guardian:Recover","Guardian:TemporalStrike"],"picked":"SKIP","floor":16.0},{"not_picked":["Guardian:Recover","Guardian:ArmoredProtocol","Guardian:EvasiveProtocol"],"picked":"SKIP","floor":17.0},{"not_picked":["Guardian:Gem_Lightblue","Guardian:VentSteam"],"picked":"Guardian:Gem_Cyan","floor":18.0},{"not_picked":["Guardian:Recover","Guardian:CrystalBeam","Guardian:MultiBeam"],"picked":"SKIP","floor":19.0},{"not_picked":["Guardian:Planning","Guardian:TimeBomb"],"picked":"Guardian:Gem_Cyan","floor":19.0},{"not_picked":["Guardian:ShieldCharger","Guardian:TemporalShield"],"picked":"Guardian:PrismaticBeam","floor":19.0},{"not_picked":["Guardian:ChargeCore","Guardian:TemporalShield","Guardian:ChargeUp"],"picked":"SKIP","floor":20.0},{"not_picked":["Guardian:VentSteam","Guardian:RollAttack","Guardian:CrystalBeam"],"picked":"SKIP","floor":21.0},{"not_picked":["Guardian:PrismaticBeam","Guardian:VentSteam"],"picked":"Guardian:StasisField","floor":22.0},{"not_picked":["Guardian:PiercingHide","Guardian:Gem_Green","Guardian:WalkerClaw"],"picked":"SKIP","floor":23.0},{"not_picked":["Guardian:StasisStrike","Guardian:FierceBash"],"picked":"Guardian:BaubleBeam","floor":24.0},{"not_picked":["Guardian:PiercingHide+1","Guardian:Clone+1","Guardian:Reroute+1"],"picked":"SKIP","floor":27.0},{"not_picked":["Guardian:Incinerate","Guardian:DonusPower"],"picked":"Guardian:Clone","floor":28.0},{"not_picked":["Guardian:DonusPower","Guardian:Gem_Lightblue","Guardian:PrismaticBeam"],"picked":"SKIP","floor":29.0},{"not_picked":["Guardian:EvasiveProtocol","Guardian:TemporalShield","Guardian:PiercingHide"],"picked":"SKIP","floor":30.0},{"not_picked":["Guardian:CrystalBeam","Guardian:GuardianWhirl","Guardian:Gem_Blue"],"picked":"SKIP","floor":33.0},{"not_picked":["Guardian:TimeBomb","Guardian:ChargeUp"],"picked":"Guardian:FloatingOrbs","floor":34.0},{"not_picked":["Guardian:DecasProtection","Guardian:PrimingBeam","Guardian:Gem_Green"],"picked":"SKIP","floor":35.0},{"not_picked":["Guardian:Harden","Guardian:PrimingBeam","Guardian:Gem_Green"],"picked":"SKIP","floor":38.0},{"not_picked":["Guardian:Preprogram","Guardian:ArmoredProtocol","Guardian:TemporalShield"],"picked":"SKIP","floor":39.0},{"not_picked":["Guardian:Reroute+1","Guardian:Planning"],"picked":"Guardian:TimeCapacitor","floor":40.0},{"not_picked":["Guardian:CrystalBeam+1","Guardian:Gem_Yellow","Guardian:Clone"],"picked":"SKIP","floor":42.0},{"not_picked":["Guardian:PrimingBeam+1","Guardian:Gem_Green"],"picked":"Guardian:FierceBash","floor":43.0},{"not_picked":["Guardian:FloatingOrbs","Guardian:DonusPower","Guardian:Recover"],"picked":"SKIP","floor":44.0},{"not_picked":["Guardian:PrismaticBarrier","Guardian:Recover","Guardian:PrimingBeam"],"picked":"SKIP","floor":48.0},{"not_picked":["Guardian:Gem_Lightblue","Guardian:PrimingBeam","Guardian:WalkerClaw"],"picked":"SKIP","floor":48.0},{"not_picked":["Guardian:PiercingHide","Guardian:TemporalShield+1"],"picked":"Guardian:Gem_Cyan","floor":49.0},{"not_picked":["Guardian:ChargeCore","Guardian:PrimingBeam"],"picked":"Guardian:BaubleBeam","floor":49.0},{"not_picked":["Guardian:GemFinder","Guardian:GemFire"],"picked":"Guardian:StasisEngine","floor":50.0},{"not_picked":["Guardian:Gem_Green","Guardian:VentSteam","Guardian:Planning"],"picked":"SKIP","floor":54.0},{"not_picked":["Guardian:TemporalShield","Guardian:Harden+1","Guardian:PrimingBeam+1"],"picked":"SKIP","floor":54.0},{"not_picked":["Guardian:Reroute+1","Guardian:RefractedBeam"],"picked":"Guardian:Suspension","floor":55.0},{"not_picked":["Guardian:FuturePlans+1","Guardian:RollAttack","Guardian:Gem_Red"],"picked":"SKIP","floor":55.0},{"not_picked":["Guardian:Gem_Green","Guardian:TemporalStrike","Guardian:PrimingBeam+1"],"picked":"SKIP","floor":56.0},{"not_picked":["Guardian:PrimingBeam+1","Guardian:RefractedBeam","Guardian:PrismaticBarrier"],"picked":"SKIP","floor":56.0},{"not_picked":["Guardian:Gem_Red","Guardian:Recover"],"picked":"Guardian:Suspension","floor":57.0},{"not_picked":["Guardian:VentSteam+1","Guardian:PiercingHide+1","Guardian:ArmoredProtocol"],"picked":"SKIP","floor":57.0},{"not_picked":["Guardian:VentSteam+1","Guardian:PiercingHide+1","Guardian:ArmoredProtocol"],"picked":"SKIP","floor":57.0},{"not_picked":["Guardian:PolyBeam+1","Guardian:SpikerProtocol","Guardian:Gem_Blue"],"picked":"SKIP","floor":58},{"not_picked":["Guardian:RevengeProtocol","Guardian:CrystalBeam+1"],"picked":"Guardian:Gem_Green","floor":62},{"not_picked":["Guardian:MultiBeam","Guardian:Gem_Cyan"],"picked":"Guardian:Gem_Blue","floor":62},{"not_picked":["Guardian:VentSteam","Guardian:CrystalBeam+1","Guardian:TemporalShield"],"picked":"SKIP","floor":64},{"not_picked":["Guardian:CrystalBeam","Guardian:Preprogram","Guardian:Reroute"],"picked":"SKIP","floor":64},{"not_picked":["Guardian:CrystalBeam+1","Guardian:PiercingHide+1","Guardian:VentSteam"],"picked":"SKIP","floor":68},{"not_picked":["Guardian:PrimingBeam","Guardian:Reroute+1","Guardian:PiercingHide"],"picked":"SKIP","floor":69},{"not_picked":["Guardian:PiercingHide","Guardian:Incinerate","Guardian:TemporalShield+1"],"picked":"SKIP","floor":70},{"not_picked":["Guardian:ChargeCore+1","Guardian:FierceBash","Guardian:Planning"],"picked":"SKIP","floor":70},{"not_picked":["Guardian:Gem_Red","Guardian:TemporalShield","Guardian:ShieldSpikes"],"picked":"SKIP","floor":73},{"not_picked":["Guardian:PrimingBeam","Guardian:Gem_Green","Guardian:ShieldSpikes"],"picked":"SKIP","floor":73},{"not_picked":["Guardian:Gem_Lightblue","Guardian:GuardianWhirl","Guardian:Gem_Green"],"picked":"SKIP","floor":76}],"player_experience":381388,"relics_obtained":[{"floor":9.0,"key":"Guardian:PocketSentry"},{"floor":11.0,"key":"Tiny Chest"},{"floor":18.0,"key":"Odd Mushroom"},{"floor":22.0,"key":"WingedGreaves"},{"floor":32.0,"key":"Toy Ornithopter"},{"floor":36.0,"key":"Mummified Hand"},{"floor":37.0,"key":"Ice Cream"},{"floor":38.0,"key":"Happy Flower"},{"floor":40.0,"key":"Gambling Chip"},{"floor":47.0,"key":"Prayer Wheel"},{"floor":53.0,"key":"Oddly Smooth Stone"},{"floor":58,"key":"Strawberry"},{"floor":59,"key":"Art of War"},{"floor":60,"key":"Unceasing Top"},{"floor":68,"key":"Bronze Scales"},{"floor":69,"key":"Lantern"},{"floor":71,"key":"Kunai"},{"floor":76,"key":"Ornamental Fan"}],"event_choices":[{"damage_healed":0.0,"max_hp_gain":0.0,"max_hp_loss":0.0,"gold_gain":0.0,"event_name":"Mushrooms","player_choice":"Fought Mushrooms","floor":18.0,"gold_loss":0.0,"damage_taken":0.0},{"damage_healed":0.0,"max_hp_gain":0.0,"max_hp_loss":0.0,"gold_gain":0.0,"cards_transformed":["Guardian:Strike_Guardian","Guardian:Defend_Guardian"],"event_name":"Drug Dealer","player_choice":"Became Test Subject","floor":31.0,"gold_loss":0.0,"damage_taken":0.0,"cards_obtained":["Guardian:Preprogram","Guardian:MultiBeam"]},{"damage_healed":0,"gold_gain":0,"player_choice":"Got Potions","damage_taken":0,"max_hp_gain":0,"max_hp_loss":0,"event_name":"Lab","floor":66,"gold_loss":0}],"is_beta":false,"boss_relics":[{"not_picked":["Guardian:StasisSlotReductionRelic","Snecko Eye"],"picked":"Runic Dome"},{"not_picked":["Calling Bell","Cursed Key"],"picked":"Empty Cage"}],"items_purged_floors":[15,39,65],"is_endless":false,"potions_floor_spawned":[5,6,7,14,16,20,21,22,28,33,35,42,43,49,50,56,57,62,69,76],"ascension_level":0}}