{"host":"d744ndivyohnro60","time":1611802180,"event":{"mods":["BaseMod","Bestiary","Colored Powertips","Minty Spire (QoL Compilation)","Relic Stats"],"gold_per_floor":[109,109,109,122,55,87,87,97,148,148,48,61,15,70,70,70,70],"floor_reached":16,"language":"ENG","playtime":556,"items_purged":["Strike_B"],"score":113,"play_id":"2ff57f4e-52dd-4407-a63e-4728a3562173","local_time":"20210127214940","is_ascension_mode":true,"campfire_choices":[{"floor":7,"key":"REST"},{"floor":10,"key":"REST"},{"floor":15,"key":"REST"}],"circlet_count":0,"master_deck":["Strike_B","Strike_B","Strike_B","Defend_B","Defend_B","Defend_B","Defend_B","Zap","Dualcast","Stack+1","Gash","Skim","Reboot","Gash","Beam Cell","Leap","Ball Lightning","Coolheaded"],"relics":["Sozu","Blood Vial","Blue Candle","Potion Belt","Bird Faced Urn"],"acts_visited":["Exordium"],"potions_floor_usage":[],"damage_taken":[{"damage":0,"enemies":"Cultist","floor":1,"turns":4},{"damage":0,"enemies":"2 Louse","floor":4,"turns":3},{"damage":42,"enemies":"Lagavulin","floor":6,"turns":10},{"damage":1,"enemies":"Jaw Worm","floor":8,"turns":3},{"damage":21,"enemies":"Gremlin Gang","floor":12,"turns":5},{"damage":23,"enemies":"Gremlin Nob","floor":14,"turns":4},{"damage":43,"enemies":"The Guardian","floor":16,"turns":10}],"seed_played":"-1909591601835457395","potions_obtained":[],"is_trial":false,"path_per_floor":["M","?","?","M","$","E","R","M","T","R","$","M","$","?","R","B"],"character_chosen":"DEFECT","items_purchased":["Skim","Beam Cell","Ball Lightning"],"campfire_rested":3,"item_purchase_floors":[5,11,13],"current_hp_per_floor":[75,50,50,52,52,12,34,35,35,57,57,38,38,17,39,0,0],"gold":70,"neow_bonus":"BOSS_RELIC","is_daily":false,"chose_seed":false,"campfire_upgraded":0,"win_rate":0.0,"timestamp":1611802180,"path_taken":["M","?","?","?","$","E","R","M","T","R","$","?","$","?","R","BOSS"],"items_purchased_type":["Card","Card","Card"],"build_version":"2020-12-22","purchased_purges":1,"victory":false,"max_hp_per_floor":[75,75,75,75,75,75,75,75,75,75,75,75,75,75,75,75,75],"relic_stats":{"Sozu":3,"Blood Vial":12,"counters":[7,39],"Blue Candle":[0],"Bird Faced Urn":[0],"obtain_stats":[{"Sozu":0,"Blood Vial":2,"Potion Belt":9,"Blue Candle":6,"Bird Faced Urn":14,"Cracked Core":0},{"Sozu":0,"Blood Vial":1,"Potion Belt":4,"Blue Candle":3,"Bird Faced Urn":6,"Cracked Core":0},{"Sozu":0,"Blood Vial":4,"Potion Belt":20,"Blue Candle":17,"Bird Faced Urn":29,"Cracked Core":0}]},"card_choices":[{"not_picked":["Turbo","Loop"],"picked":"Stack","floor":1},{"not_picked":["Hologram","Stack"],"picked":"Gash","floor":4},{"not_picked":["Amplify","Storm"],"picked":"Reboot","floor":6},{"not_picked":["Tempest","Capacitor"],"picked":"Gash","floor":8},{"not_picked":["Reprogram","Steam"],"picked":"Leap","floor":12},{"not_picked":["Leap","Hologram"],"picked":"Coolheaded","floor":14}],"player_experience":158037,"relics_obtained":[{"floor":6,"key":"Blue Candle"},{"floor":9,"key":"Potion Belt"},{"floor":14,"key":"Bird Faced Urn"}],"event_choices":[{"damage_healed":0,"gold_gain":0,"player_choice":"Success","damage_taken":25,"relics_obtained":["Blood Vial"],"max_hp_gain":0,"max_hp_loss":0,"event_name":"Scrap Ooze","floor":2,"gold_loss":0},{"damage_healed":0,"gold_gain":0,"player_choice":"Grow","damage_taken":0,"max_hp_gain":0,"max_hp_loss":0,"event_name":"Living Wall","floor":3,"gold_loss":0,"cards_upgraded":["Stack"]},{"damage_healed":0,"gold_gain":0,"player_choice":"Searched \u00272\u0027 times","damage_taken":0,"max_hp_gain":0,"max_hp_loss":0,"event_name":"Dead Adventurer","floor":14,"gold_loss":0}],"is_beta":false,"boss_relics":[],"items_purged_floors":[11],"is_endless":false,"potions_floor_spawned":[1,12,14],"killed_by":"The Guardian","ascension_level":3}}