{"host":"g01l53quoe6lrer0","time":1611823734,"event":{"mods":["2.2 Compatiblity","AchievementEnabler","BaseMod","Colored Map","Highlight Path","Keyboard Shortcuts","Minty Spire (QoL Compilation)","Permanent Neow","StSLib","SuperFastMode","everything is the same but u backflip on backflip"],"gold_per_floor":[112,187,112,123,143,168,168,168,194,224,251,266,279,279,279,279,279],"floor_reached":16,"language":"KOR","playtime":421,"items_purged":["Defend_P"],"score":165,"play_id":"320defec-941b-44e1-83de-b3734563c8c9","local_time":"20210128174854","is_ascension_mode":true,"campfire_choices":[{"data":"Eruption","floor":7.0,"key":"SMITH"},{"floor":15,"key":"REST"}],"circlet_count":0,"master_deck":["AscendersBane","Strike_P","Strike_P","Strike_P","Strike_P","Defend_P","Defend_P","Eruption+1","Vigilance","SandsOfTime","FlurryOfBlows+1","Consecrate+1","FearNoEvil+1"],"relics":["PureWater","Toy Ornithopter","Molten Egg 2","MealTicket","Regal Pillow"],"acts_visited":["Exordium"],"potions_floor_usage":[16],"damage_taken":[{"damage":0.0,"enemies":"2 Louse","floor":1.0,"turns":2.0},{"damage":2.0,"enemies":"Jaw Worm","floor":4.0,"turns":4.0},{"damage":2.0,"enemies":"Small Slimes","floor":5.0,"turns":2.0},{"damage":12.0,"enemies":"Lagavulin","floor":6.0,"turns":6.0},{"damage":16.0,"enemies":"Gremlin Nob","floor":11.0,"turns":3.0},{"damage":2.0,"enemies":"2 Fungi Beasts","floor":12.0,"turns":3.0},{"damage":5.0,"enemies":"3 Louse","floor":13.0,"turns":2.0},{"damage":38,"enemies":"The Guardian","floor":16,"turns":8}],"seed_played":"-4171894874153704247","potions_obtained":[{"floor":5.0,"key":"Block Potion"},{"floor":6.0,"key":"SmokeBomb"},{"floor":12.0,"key":"DuplicationPotion"}],"is_trial":false,"path_per_floor":["M","?","$","M","M","E","R","?","T","?","E","M","M","?","R","B"],"character_chosen":"WATCHER","items_purchased":[],"campfire_rested":1,"item_purchase_floors":[],"current_hp_per_floor":[65,54,54,52,50,38,38,35,35,35,19,17,12,12,48,15,15],"gold":279,"neow_bonus":"REMOVE_CARD","is_daily":false,"chose_seed":false,"campfire_upgraded":1,"win_rate":0.0,"timestamp":1611823734,"path_taken":["M","?","$","M","M","E","R","?","T","?","E","M","?","?","R","BOSS"],"items_purchased_type":[],"build_version":"2020-12-22","purchased_purges":1,"victory":false,"max_hp_per_floor":[72,72,72,72,72,72,72,72,72,72,72,72,72,72,72,72,72],"card_choices":[{"not_picked":["JustLucky","ForeignInfluence","ThirdEye"],"picked":"SKIP","floor":1.0},{"not_picked":["TalkToTheHand","Weave","FlyingSleeves"],"picked":"SKIP","floor":4.0},{"not_picked":["CutThroughFate","SashWhip"],"picked":"SandsOfTime","floor":5.0},{"not_picked":["EmptyBody","EmptyFist","EmptyMind"],"picked":"SKIP","floor":6.0},{"not_picked":["EmptyFist+1","ClearTheMind"],"picked":"FlurryOfBlows+1","floor":11.0},{"not_picked":["InnerPeace","FollowUp+1"],"picked":"Consecrate+1","floor":12.0},{"not_picked":["FlurryOfBlows+1","WreathOfFlame"],"picked":"FearNoEvil+1","floor":13.0}],"player_experience":315544,"relics_obtained":[{"floor":6.0,"key":"Toy Ornithopter"},{"floor":9.0,"key":"MealTicket"},{"floor":11.0,"key":"Regal Pillow"}],"event_choices":[{"damage_healed":0.0,"max_hp_gain":0.0,"max_hp_loss":0.0,"gold_gain":75.0,"event_name":"World of Goop","player_choice":"Gather Gold","floor":2.0,"gold_loss":0.0,"damage_taken":11.0},{"damage_healed":0.0,"max_hp_gain":0.0,"max_hp_loss":0.0,"gold_gain":0.0,"event_name":"Scrap Ooze","player_choice":"Success","floor":8.0,"gold_loss":0.0,"damage_taken":3.0,"relics_obtained":["Molten Egg 2"]},{"damage_healed":0.0,"max_hp_gain":0.0,"max_hp_loss":0.0,"gold_gain":30.0,"event_name":"Dead Adventurer","player_choice":"Searched \u00272\u0027 times","floor":10.0,"gold_loss":0.0,"damage_taken":0.0},{"damage_healed":0,"gold_gain":0,"player_choice":"Ignored","damage_taken":0,"max_hp_gain":0,"max_hp_loss":0,"event_name":"Liars Game","floor":14,"gold_loss":0}],"is_beta":false,"boss_relics":[],"items_purged_floors":[3],"is_endless":false,"potions_floor_spawned":[5,6,12,13],"killed_by":"The Guardian","ascension_level":10}}