{"host":"t7aesptat2ignyr0","time":1611853852,"event":{"mods":["BaseMod","Colored Map","Custom Start","DeckTracker","Minty Spire (QoL Compilation)","StSLib","SuperFastMode"],"gold_per_floor":[110,110,110,120,11,41,41,41,120,134,167,167,192,206,206,206,206],"floor_reached":16,"language":"KOR","playtime":330,"items_purged":["Strike_G"],"score":229,"play_id":"167330bf-01da-4e8c-a21e-dc1f960d6767","local_time":"20210129021052","is_ascension_mode":true,"campfire_choices":[{"data":"Catalyst","floor":7,"key":"SMITH"},{"data":"Crippling Poison","floor":12,"key":"SMITH"},{"data":"Catalyst","floor":15,"key":"SMITH"}],"circlet_count":0,"master_deck":["AscendersBane","Strike_G","Strike_G","Strike_G","Strike_G","Defend_G","Defend_G+1","Defend_G","Defend_G","Survivor+1","Neutralize","Crippling Poison+1","Flechettes","Noxious Fumes","Catalyst+1","Bane","Tactician","Catalyst+1"],"relics":["Ring of the Snake","NeowsBlessing","Oddly Smooth Stone","Letter Opener","Vajra","Centennial Puzzle"],"acts_visited":["Exordium"],"potions_floor_usage":[16,16],"damage_taken":[{"damage":0,"enemies":"2 Louse","floor":1,"turns":1},{"damage":0,"enemies":"Small Slimes","floor":4,"turns":1},{"damage":0,"enemies":"Lagavulin","floor":6,"turns":1},{"damage":3,"enemies":"Jaw Worm","floor":10,"turns":4},{"damage":16,"enemies":"Gremlin Nob","floor":11,"turns":4},{"damage":3,"enemies":"Lagavulin","floor":13,"turns":4},{"damage":2,"enemies":"Looter","floor":14,"turns":3},{"damage":27,"enemies":"The Guardian","floor":16,"turns":2}],"seed_played":"-1512838557077108735","potions_obtained":[{"floor":1,"key":"Poison Potion"},{"floor":4,"key":"ColorlessPotion"}],"is_trial":false,"path_per_floor":["M","?","?","M","$","E","R","$","T","M","E","R","E","M","R","B"],"character_chosen":"THE_SILENT","items_purchased":["Noxious Fumes"],"campfire_rested":0,"item_purchase_floors":[5],"current_hp_per_floor":[63,56,42,42,42,42,42,42,42,39,23,23,20,18,18,0,0],"gold":206,"neow_bonus":"THREE_ENEMY_KILL","is_daily":false,"chose_seed":false,"campfire_upgraded":3,"win_rate":0.0,"timestamp":1611853852,"path_taken":["M","?","?","M","?","E","R","$","T","M","E","R","E","M","R","BOSS"],"items_purchased_type":["Card"],"build_version":"2020-12-22","purchased_purges":1,"victory":false,"max_hp_per_floor":[70,70,70,70,70,70,70,70,70,70,70,70,70,70,70,70,70],"card_choices":[{"not_picked":["Caltrops","Well Laid Plans"],"picked":"Crippling Poison","floor":1},{"not_picked":["Acrobatics","Flying Knee"],"picked":"Flechettes","floor":4},{"not_picked":["Finisher","Distraction"],"picked":"Catalyst","floor":6},{"not_picked":["Crippling Poison","Dagger Spray"],"picked":"Bane","floor":10},{"not_picked":["Sucker Punch","Outmaneuver"],"picked":"Tactician","floor":11},{"not_picked":["Predator","Riddle With Holes"],"picked":"Catalyst","floor":13},{"not_picked":["Choke","Deadly Poison","Quick Slash"],"picked":"SKIP","floor":14}],"player_experience":1330754,"relics_obtained":[{"floor":6,"key":"Oddly Smooth Stone"},{"floor":9,"key":"Letter Opener"},{"floor":11,"key":"Vajra"},{"floor":13,"key":"Centennial Puzzle"}],"event_choices":[{"cards_removed":["Defend_G"],"damage_healed":0,"gold_gain":0,"player_choice":"Card Removal","damage_taken":7,"max_hp_gain":0,"max_hp_loss":0,"event_name":"Golden Wing","floor":2,"gold_loss":0},{"damage_healed":0,"gold_gain":0,"player_choice":"Entered Light","damage_taken":14,"max_hp_gain":0,"max_hp_loss":0,"event_name":"Shining Light","floor":3,"gold_loss":0,"cards_upgraded":["Survivor","Defend_G"]}],"is_beta":false,"boss_relics":[],"items_purged_floors":[5],"is_endless":false,"potions_floor_spawned":[1,4],"killed_by":"The Guardian","ascension_level":12}}