{"host":"xsfbp1yx1f2ea5z7","time":1611822892,"event":{"mods":["AchievementEnabler","Act Like it!","Bard","BaseMod","Beaked The Cultist","Better Altar","Better Match","Better Note","Better Sensory Stone","Better Skull","Better Third Choice","BetterRewards","Block Reminder","ChefMod","Colored Map","Colored Powertips","Conspire","DeckTracker","Downfall","GifTheSpireLib","GungeonMod","Halation","Hermit","Hubris","Infinite Spire","Jedi Mod","Jorbs\u0027s Wanderer Trilogy","Marked Mod","Mimic Mod","Minty Spire (QoL Compilation)","Replay The Spire","Shade Mod","Spicy Shops","StSLib","The Blackbeard","The Cursed","The Hierophant","The Judge","The Jungle","The Mystic","The Runesmith","TheBandit","Unceasing Turn Reminder","Wandering Minibosses","everything is the same but u backflip on backflip"],"gold_per_floor":[112,53,53,53,66,96,96,131,155,155,169,94,195,525,525,630,630,644,664,664,691,498,498,529,529,555,738,764,764,764,764,764,862,862,872,890,544,544,544,544,544,544],"floor_reached":41,"language":"ENG","playtime":1371,"items_purged":["Clumsy","Defend_R","Defend_R"],"score":460,"play_id":"684a4dbc-aaf6-42bd-a622-1fc5b1e2177a","local_time":"20210128163452","is_ascension_mode":false,"campfire_choices":[{"data":"Eclipse","floor":7,"key":"SMITH"},{"data":"Perfected Strike","floor":10,"key":"SMITH"},{"data":"Inflame","floor":15,"key":"SMITH"},{"data":"Replay:Many Hands","floor":23,"key":"SMITH"},{"floor":25,"key":"REST"},{"data":"Perfected Strike","floor":29,"key":"SMITH"},{"data":"Replay:Undeath\u0027s Touch","floor":32,"key":"SMITH"},{"data":"Sword Boomerang","floor":40,"key":"SMITH"}],"circlet_count":0,"master_deck":["Strike_R","Strike_R","Strike_R","Strike_R","Strike_R","Defend_R","Defend_R","Bash+1","Cleave","ReplayTheSpireMod:Strike From Hell","Inflame+1","Replay:Undeath\u0027s Touch+1","Eclipse+1","Cleave+1","Perfected Strike+1","Twin Strike","Ghostly Armor","ReplayTheSpireMod:Strike From Hell","Replay:Many Hands+1","Sword Boomerang+1","Perfected Strike+1","Twin Strike+1","True Grit+1","Twin Strike+1","Dual Wield+1","ReplayTheSpireMod:Limb From Limb"],"relics":["Burning Blood","Ginger","Orrery","ReplayTheSpireMod:Lightbulb","hubris:TenFootPole","Regal Pillow","Old Coin","bronze:MakeshiftBattery","Membership Card","Toy Ornithopter","DemoMod:OrangeGuonStone","Mark of Pain","halation:Sosunser","halation:PrussianBluePaint","Pet Ghost"],"acts_visited":["Exordium","TheCity","TheBeyond"],"potions_floor_usage":[11,13,14,24,24,27,36],"damage_taken":[{"damage":10,"enemies":"Cultist","floor":1,"turns":4},{"damage":7,"enemies":"Small Slimes","floor":5,"turns":3},{"damage":30,"enemies":"Lagavulin","floor":6,"turns":6},{"damage":17,"enemies":"Gremlin Nob","floor":8,"turns":4},{"damage":0,"enemies":"Jaw Worm","floor":11,"turns":1},{"damage":1,"enemies":"Looter","floor":13,"turns":5},{"damage":13,"enemies":"conspire:MimicChest","floor":14,"turns":5},{"damage":40,"enemies":"Hexaghost","floor":16,"turns":9},{"damage":4,"enemies":"Chosen","floor":18,"turns":3},{"damage":12,"enemies":"3 Byrds","floor":19,"turns":4},{"damage":42,"enemies":"Snake Plant","floor":21,"turns":4},{"damage":34,"enemies":"Book of Stabbing","floor":24,"turns":4},{"damage":1,"enemies":"Snecko","floor":27,"turns":5},{"damage":28,"enemies":"Slavers","floor":28,"turns":4},{"damage":57,"enemies":"hubris:MusketHawk","floor":33,"turns":6},{"damage":21,"enemies":"3 Shapes","floor":35,"turns":3},{"damage":20,"enemies":"3 Darklings","floor":36,"turns":4},{"damage":82,"enemies":"Reptomancer","floor":41,"turns":2}],"seed_played":"-5701009127341326341","potions_obtained":[{"floor":5,"key":"Energy Potion"},{"floor":11,"key":"DemoMod:LeadSkinPotion"},{"floor":13,"key":"AttackPotion"},{"floor":20,"key":"EssenceOfSteel"},{"floor":20,"key":"Regen Potion"},{"floor":20,"key":"Elixir"},{"floor":24,"key":"LifebloodPotion"},{"floor":33,"key":"Energy Potion"}],"is_trial":false,"path_per_floor":["M","$","?","$","M","E","R","E","T","R","M","$","M","?","R","B",null,"M","M","?","M","$","R","E","R","T","M","E","R","?","?","R","B",null,"M","M","$","?","?","R","E"],"character_chosen":"IRONCLAD","items_purchased":["Orrery","Membership Card","ReplayTheSpireMod:Limb From Limb","halation:Sosunser","halation:PrussianBluePaint","Pet Ghost"],"campfire_rested":1,"item_purchase_floors":[2,22,37,37,37,37],"current_hp_per_floor":[68,68,68,68,67,43,43,32,32,32,38,38,43,43,43,9,72,72,66,66,30,30,30,14,50,50,60,38,38,38,82,82,31,82,67,58,58,58,58,58,0,0],"gold":544,"neow_bonus":"ONE_RARE_RELIC","is_daily":false,"chose_seed":false,"campfire_upgraded":7,"win_rate":0.0,"timestamp":1611822892,"path_taken":["M","?","?","$","M","E","R","E","T","R","M","$","?","?","R","BOSS","M","M","?","?","$","R","E","R","T","M","E","R","?","?","R","BOSS","M","?","$","?","?","R","E"],"items_purchased_type":["Relic","Relic","Card","Relic","Relic","Relic"],"build_version":"2020-12-22","purchased_purges":3,"victory":false,"max_hp_per_floor":[72,72,72,72,72,72,72,72,72,72,72,72,72,72,72,72,72,72,72,72,72,72,72,72,72,72,72,72,72,72,82,82,82,82,82,82,82,82,82,82,82,82],"card_choices":[{"not_picked":["Heavy Blade","Fire Breathing"],"picked":"Cleave","floor":1},{"not_picked":["Dropkick","Heavy Blade"],"picked":"ReplayTheSpireMod:Strike From Hell","floor":2},{"not_picked":["Iron Wave","Wild Strike"],"picked":"Inflame","floor":2},{"not_picked":["Headbutt","True Grit"],"picked":"Replay:Undeath\u0027s Touch","floor":2},{"not_picked":["Body Slam","Sword Boomerang"],"picked":"Eclipse","floor":2},{"not_picked":["Intimidate","Flex"],"picked":"Thunderclap","floor":2},{"not_picked":["Combust","Wild Strike"],"picked":"Perfected Strike","floor":5},{"not_picked":["Clash","Perfected Strike"],"picked":"Corruption","floor":6},{"not_picked":["Sword Boomerang","Pummel"],"picked":"Twin Strike","floor":8},{"not_picked":["Clothesline","jedi:suffering","Combust"],"picked":"SKIP","floor":11},{"not_picked":["Iron Wave","Massacre"],"picked":"Ghostly Armor","floor":13},{"not_picked":["Fire Breathing","Evolve"],"picked":"ReplayTheSpireMod:Strike From Hell","floor":14},{"not_picked":["jedi:harder","Barricade"],"picked":"Replay:Many Hands","floor":16},{"not_picked":["True Grit+1","ReplayTheSpireMod:Strike From Hell"],"picked":"Sword Boomerang","floor":18},{"not_picked":["Clothesline","Heavy Blade"],"picked":"Perfected Strike","floor":19},{"not_picked":["Seeing Red","ReplayTheSpireMod:Corrosion Curse"],"picked":"Twin Strike+1","floor":21},{"not_picked":["ReplayTheSpireMod:Muscle Training","conspire:ExplosiveBarrier","Heavy Blade"],"picked":"SKIP","floor":24},{"not_picked":["Defy Death+1","Shrug It Off+1"],"picked":"True Grit+1","floor":27},{"not_picked":["Clash","Pommel Strike","Feed"],"picked":"SKIP","floor":28},{"not_picked":["Sever Soul+1","Whirlwind+1"],"picked":"Twin Strike+1","floor":35},{"not_picked":["Combust+1","Clash+1"],"picked":"Dual Wield+1","floor":36}],"player_experience":106533,"relics_obtained":[{"floor":6,"key":"ReplayTheSpireMod:Lightbulb"},{"floor":8,"key":"hubris:TenFootPole"},{"floor":9,"key":"Regal Pillow"},{"floor":14,"key":"Old Coin"},{"floor":24,"key":"Toy Ornithopter"},{"floor":28,"key":"DemoMod:OrangeGuonStone"}],"event_choices":[{"damage_healed":0,"gold_gain":0,"player_choice":"Got Potions","damage_taken":0,"max_hp_gain":0,"max_hp_loss":0,"event_name":"Lab","floor":20,"gold_loss":0},{"damage_healed":0,"gold_gain":0,"player_choice":"Ignored","damage_taken":0,"max_hp_gain":0,"max_hp_loss":0,"event_name":"betterNote:BetterNote","floor":30,"gold_loss":0,"cards_obtained":["Battle Trance"]},{"cards_removed":["Corruption"],"damage_healed":34,"gold_gain":0,"player_choice":"Offered Rare","damage_taken":0,"max_hp_gain":10,"max_hp_loss":0,"event_name":"Bonfire Elementals","floor":31,"gold_loss":0},{"damage_healed":0,"gold_gain":0,"player_choice":"Leave","damage_taken":0,"max_hp_gain":0,"max_hp_loss":0,"event_name":"conspire:Investor","floor":39,"gold_loss":0}],"is_beta":false,"boss_relics":[{"not_picked":["Runic Dome","Runesmith:UraniumAnvil"],"picked":"bronze:MakeshiftBattery"},{"not_picked":["hubris:CrackedHourglass","jedi:battlestandard"],"picked":"Mark of Pain"}],"items_purged_floors":[12,22,37],"is_endless":false,"potions_floor_spawned":[5,11,13,24,33],"killed_by":"Reptomancer","ascension_level":0}}