{"host":"qy7jow5usmjkdnnq","time":1611875238,"event":{"mods":["BaseMod","Colored Map","Downfall","Minty Spire (QoL Compilation)","Permanent Neow","Relic Stats","StSLib"],"gold_per_floor":[99,111,123,140,240,250,250,150,216,243,468,518,518,550,560,560,560,560],"floor_reached":16,"language":"ENG","playtime":908,"items_purged":[],"score":236,"play_id":"29562e90-aaa7-40a8-b285-8fbb10fd610c","local_time":"20210129000718","is_ascension_mode":true,"campfire_choices":[{"floor":1.0,"key":"RECALL"},{"data":"hexamod:Float","floor":8,"key":"SMITH"},{"data":"hexamod:EmpoweredFlame","floor":13,"key":"SMITH"}],"circlet_count":0,"master_deck":["hexamod:Strike","hexamod:Strike","hexamod:Strike","hexamod:Strike","hexamod:Defend","hexamod:Defend","hexamod:Defend","hexamod:Defend","hexamod:Sear","hexamod:Float+1","hexamod:GhostShield","hexamod:EmpoweredFlame+1","hexamod:GhostLash","hexamod:Haunt","hexamod:AdvancingGuard","Doubt","hexamod:ParanormalForm","hexamod:HauntingEcho"],"relics":["hexamod:SpiritBrand","Strawberry","downfall:CloakOfManyFaces","CultistMask","FaceOfCleric","NlothsMask","GremlinMask","SsserpentHead","downfall:HeartBlessingRed","Darkstone Periapt","Gremlin Horn","Regal Pillow"],"acts_visited":["Exordium"],"potions_floor_usage":[10,10,10],"damage_taken":[{"damage":0.0,"enemies":"Cultist","floor":2.0,"turns":4.0},{"damage":0.0,"enemies":"2 Louse","floor":3.0,"turns":3.0},{"damage":2.0,"enemies":"Jaw Worm","floor":4.0,"turns":3.0},{"damage":37,"enemies":"downfall:FaceTrader","floor":5,"turns":12},{"damage":5,"enemies":"Gremlin Gang","floor":6,"turns":5},{"damage":3,"enemies":"Blue Slaver","floor":9,"turns":3},{"damage":0,"enemies":"Gremlin Nob","floor":10,"turns":3},{"damage":0,"enemies":"3 Sentries","floor":14,"turns":7},{"damage":6,"enemies":"Exordium Wildlife","floor":15,"turns":6},{"damage":30,"enemies":"SI_SHIV_ARCHETYPE","floor":16,"turns":8}],"seed_played":"-3066932283959409247","potions_obtained":[{"floor":3.0,"key":"SneckoOil"},{"floor":4.0,"key":"Block Potion"},{"floor":9,"key":"hexamod:DoubleChargePotion"}],"is_trial":false,"path_per_floor":["R","M","M","M","?","M","T","R","M","E","?","T","R","E","M","B"],"character_chosen":"THE_SPIRIT","items_purchased":[],"campfire_rested":0,"item_purchase_floors":[],"current_hp_per_floor":[70,70,70,68,31,27,27,27,25,26,32,32,32,33,28,0,0,0],"gold":560,"neow_bonus":"RANDOM_COMMON_RELIC","is_daily":false,"chose_seed":false,"campfire_upgraded":2,"win_rate":0.0,"timestamp":1611875238,"path_taken":["R","M","M","M","?","M","T","R","?","E","?","?","R","E","M","BOSS"],"items_purchased_type":[],"build_version":"2020-12-22","purchased_purges":0,"victory":false,"max_hp_per_floor":[77,77,77,77,77,78,78,78,79,80,86,86,86,87,88,88,88,88],"relic_stats":{"Darkstone Periapt":6,"SsserpentHead":150,"Regal Pillow":0,"FaceOfCleric":5,"Gremlin Horn":[3,3],"counters":[10,54],"obtain_stats":[{"Darkstone Periapt":10,"SsserpentHead":5,"Regal Pillow":14,"FaceOfCleric":5,"downfall:HeartBlessingRed":8,"Gremlin Horn":12,"Strawberry":0,"GremlinMask":5,"CultistMask":5,"downfall:CloakOfManyFaces":5,"hexamod:SpiritBrand":0,"NlothsMask":5},{"Darkstone Periapt":7,"SsserpentHead":4,"Regal Pillow":8,"FaceOfCleric":4,"downfall:HeartBlessingRed":5,"Gremlin Horn":7,"Strawberry":0,"GremlinMask":4,"CultistMask":4,"downfall:CloakOfManyFaces":4,"hexamod:SpiritBrand":0,"NlothsMask":4},{"Darkstone Periapt":33,"SsserpentHead":22,"Regal Pillow":40,"FaceOfCleric":22,"downfall:HeartBlessingRed":27,"Gremlin Horn":33,"Strawberry":0,"GremlinMask":22,"CultistMask":22,"downfall:CloakOfManyFaces":22,"hexamod:SpiritBrand":0,"NlothsMask":22}]},"card_choices":[{"not_picked":["hexamod:SpectersWail","hexamod:FastForward"],"picked":"hexamod:GhostShield","floor":2.0},{"not_picked":["hexamod:BacktrackSmack","hexamod:HauntingEcho"],"picked":"hexamod:EmpoweredFlame","floor":3.0},{"not_picked":["hexamod:EtherealExpedition","hexamod:Again"],"picked":"hexamod:GhostLash","floor":4.0},{"not_picked":["hexamod:SwordOfDarkness","hexamod:BurningTouch"],"picked":"hexamod:Haunt","floor":6},{"not_picked":["hexamod:FastForward","hexamod:RetreatToShadows"],"picked":"hexamod:AdvancingGuard","floor":9},{"not_picked":["hexamod:GhostLash","hexamod:PhantomFireball","hexamod:RainOfEmbers"],"picked":"SKIP","floor":10},{"not_picked":["hexamod:ShieldOfDarkness","hexamod:SuperheatedStrike"],"picked":"hexamod:ParanormalForm","floor":14},{"not_picked":["hexamod:ExtraCrispy","hexamod:FastForward"],"picked":"hexamod:HauntingEcho","floor":15}],"player_experience":679296,"relics_obtained":[{"floor":5,"key":"downfall:CloakOfManyFaces"},{"floor":10,"key":"Darkstone Periapt"},{"floor":12,"key":"Gremlin Horn"},{"floor":14,"key":"Regal Pillow"}],"event_choices":[],"is_beta":false,"boss_relics":[],"items_purged_floors":[],"is_endless":false,"potions_floor_spawned":[3,4,9],"killed_by":"SI_SHIV_ARCHETYPE","ascension_level":6}}