{"host":"qzi6bhetobyvb8z3","time":1611842575,"event":{"mods":["Act Like it!","Aspiration","BaseMod","BetterRewards","Friendly Minions","Hubris","Infinite Spire","Minty Spire (QoL Compilation)","Quick Restart","Replay The Spire","SOS（斯巴达之子）","Shop Mod","StSLib"],"gold_per_floor":[153,169,169,15,15,15,48,84,84,84,84,84,84,182,182,293,293,326,326,393,393,393,81,81,188,188,241,16,110,110,183,183,313,313,360,465,179,38,65,120,5,5,5,5,5,67,67,76,76,215,215,229,184,237,237,118,169,235,247,259,320,332,353,365,390,402,542,554,596,542,1,1,30,110,110,196,222,231,80,80,80,165,174,320,320,388,388,397,456,49,162,162,12,35,44,44,95,139,139,139,275,275,287,287,316,316,348,329,329,378,387,429,429,461,68,68,161,161,173,37,64,64,38,70,70,111,135,144,243,243,243,251,251,387,387,397,397,406,431,653,653,712,764,789,808,458,56,85,148,148,281,281,281,146,189,271],"floor_reached":157,"language":"ZHS","playtime":9136,"items_purged":["Shoot","Whiteorb+1","Greenorb","Defend_Dante","Defend_Dante","Defend_Dante","Defend_Dante+1","Fullhouse+1","Fullhouse+1","Injury","Redorb+1","Turbo+1","Gunslinger+1","Pot Of Greed+1","Pot Of Greed+1","Pot Of Greed+1","DT+1","Hightime+1","Goldorb+1"],"score":4787,"play_id":"42dee082-d77f-4daa-a25a-aeb38da8afd7","local_time":"20210128220255","daily_mods":["Heirloom","Flight"],"is_ascension_mode":false,"campfire_choices":[{"data":"Stinger","floor":6.0,"key":"SMITH"},{"data":"Redorb","floor":11.0,"key":"SMITH"},{"data":"Whiteorb","floor":12.0,"key":"SMITH"},{"data":"Royaldefend","floor":13.0,"key":"SMITH"},{"data":"Gilgamesh","floor":24.0,"key":"SMITH"},{"data":"Weaponchange","floor":24.0,"key":"SMITH"},{"data":"Darkslayer","floor":30.0,"key":"SMITH"},{"data":"Trickster","floor":30.0,"key":"SMITH"},{"data":"Fullhouse","floor":32.0,"key":"SMITH"},{"data":"Rebellion","floor":32.0,"key":"SMITH"},{"data":"Royaldefend","floor":44.0,"key":"SMITH"},{"data":"Straight","floor":44.0,"key":"SMITH"},{"data":"Hightime","floor":45.0,"key":"SMITH"},{"data":"Dash2","floor":45.0,"key":"SMITH"},{"data":"Provocation","floor":47.0,"key":"SMITH"},{"data":"Pot Of Greed","floor":47.0,"key":"SMITH"},{"data":"Pot Of Greed","floor":49.0,"key":"SMITH"},{"data":"Pot Of Greed","floor":49.0,"key":"SMITH"},{"data":"Airtrick","floor":59.0,"key":"SMITH"},{"data":"Enemystep","floor":59.0,"key":"SMITH"},{"data":"Attack_b","floor":66.0,"key":"SMITH"},{"data":"Attack_a","floor":66.0,"key":"SMITH"},{"floor":78.0,"key":"DIG"},{"floor":80.0,"key":"DIG"},{"floor":81.0,"key":"DIG"},{"floor":92.0,"key":"DIG"},{"floor":100.0,"key":"DIG"},{"floor":109.0,"key":"DIG"},{"data":"Lucifer","floor":116,"key":"SMITH"},{"floor":125,"key":"DIG"},{"floor":128,"key":"DIG"},{"floor":130,"key":"DIG"},{"floor":133,"key":"DIG"},{"data":"Straight+1","floor":141,"key":"PURGE"},{"floor":150,"key":"DIG"},{"floor":153,"key":"DIG"}],"circlet_count":0,"master_deck":["Attack_a+1","Attack_a+1","Attack_b+1","Provocation+1","Enemystep+1","Rebellion+1","Stinger+1","Royaldefend+1","Unrisingdragon+1","Dash2+1","Royaldefend+1","Royalguard+1","Shock+1","Gilgamesh+1","Weaponchange+1","Trickster+1","GilgameshcomboA+1","Darkslayer+1","Swordcombo+1","Kick13+1","BeastUppercut+1","Hightime+1","Swordmaster+1","Airtrick+1","LucifercomboA+1","Darkslayer+1","Swordmaster+1","Hightime+1","LucifercomboD+1","Dash1+1","Millionkick+1","Trickster+1","LucifercomboC+1","Enemystep+1","Splesh+1","Echo Form+1","Lucifer+1","Stylechange+1","LucifercomboB+1","Royaldefend+1","Dash2+1","Royalguard+1","Weaponreturn+1","Weaponreturn+1","Demonreform+1","Attack_a+1","Straight+1","Airtrick+1","Swordcombo+1"],"relics":["SSS","replay:Trail_Library","Ginger","Membership Card","Replay:Arrowhead","ChewingGum","MerchantsRug","Tiny Chest","TheAbacus","hubris:BottledRain","infinitespire:WardingShard","Torii","Molten Egg 2","Blood Vial","Durian","Black Star","hubris:TenFootPole","Calipers","Replay:Lucky Slots","Replay:Baseball","hubris:EmptyBottle","infinitespire:Lucky Rock","CeramicFish","infinitespire:Beetle Shell","hubris:DisguiseKit","ReplayTheSpireMod:Lightbulb","hubris:SlimyHat","Ice Cream","Bag of Preparation","ReplayTheSpireMod:Shallot","Mummified Hand","Meat on the Bone","Toxic Egg 2","infinitespire:BottledMercury","infinitespire:EmpoweringShard","Smiling Mask","The Courier","Golden Egg","hubris:EvacipatedBox","hubris:FruitBowl","Quantum Egg","Runic Dome","ReplayTheSpireMod:Ninjato","TungstenRod","hubris:MysteriousPyramids","Replay:Bandana","hubris:Icosahedron","Potion Belt","aspiration:FrozenJewel","Gremlin Food","Shovel","Lizard Tail","infinitespire:PuzzleCube","Regal Pillow","Bronze Scales","aspiration:StickyExplosives_weak","MealTicket","Whetstone","Philosopher\u0027s Stone","Art of War","Replay:PocketPolymizer","ReplayTheSpireMod:CursedCoin","Chameleon Ring","Replay:Wax Seal","hubris:Teleporter","Replay:Bottled Snecko","Onion Ring","Akabeko","White Beast Statue","Anchor","infinitespire:FocusingShard","InkBottle","hubris:MedicalManual","Replay:WaspNest","Nunchaku","Oddly Smooth Stone","Orrery","aspiration:Lifesprig","War Paint","Blue Candle","Blue Doll","Bag of Marbles","hubris:AstralHammer","Centennial Puzzle","Replay:Bottled Steam","infinitespire:Joker Card","Ring of Chaos","Omamori","Letter Opener","Boot","Bird Faced Urn","ReplayFunnel","Happy Flower","Juzu Bracelet","Replay:Rubber Ducky","Replay:Bottled Flurry","hubris:GlazedTorus","hubris:CuriousFeather","aspiration:Nostalgia","Replay:M_SmolderingBlood","Pantograph","HornCleat","aspiration:HummingbirdHeart","hubris:VirtuousBlindfold","ClockworkSouvenir","Strawberry","Red Mask","Toy Ornithopter","hubris:FunFungus","infinitespire:Magic Flask","Replay:Multitool","Lantern","hubris:ToyBattleship","aspiration:TomeofQuesting","infinitespire:Eraser","Garlic","Bottled Flame","Fusion Hammer","infinitespire:CursedDice","hubris:CrystalStatue","infinitespire:CheckeredPen","Vajra","PreservedInsect","Replay:Mystery Machine","Sundial","infinitespire:Lychee Nut","aspiration:DSix","aspiration:ChemicalBlood","Orichalcum","aspiration:AnachronicSnailShell","Iron Hammer","infinitespire:Bottled Soul","Shuriken","hubris:PeanutButter","Replay:Bottled Eggs","Mango","Pear","Sozu","Darkstone Periapt","infinitespire:Broken Mirror","hubris:MobiusCoin","Kunai","infinitespire:ShieldingShard"],"acts_visited":["Exordium","TheCity","TheBeyond","Exordium","TheCity","TheBeyond","Exordium","TheCity","TheBeyond","TheEnding"],"potions_floor_usage":[114],"damage_taken":[{"damage":11.0,"enemies":"Cultist","floor":1.0,"turns":5.0},{"damage":3.0,"enemies":"2 Louse","floor":2.0,"turns":3.0},{"damage":4.0,"enemies":"Jaw Worm","floor":7.0,"turns":5.0},{"damage":44.0,"enemies":"Gremlin Nob","floor":8.0,"turns":5.0},{"damage":16.0,"enemies":"3 Sentries","floor":14.0,"turns":8.0},{"damage":7.0,"enemies":"Hexaghost","floor":16.0,"turns":9.0},{"damage":0.0,"enemies":"Shell Parasite","floor":18.0,"turns":6.0},{"damage":2.0,"enemies":"2 Thieves","floor":20.0,"turns":4.0},{"damage":4.0,"enemies":"Slavers","floor":25.0,"turns":8.0},{"damage":0.0,"enemies":"Nightmare","floor":27.0,"turns":4.0},{"damage":0.0,"enemies":"Gremlin Leader","floor":29.0,"turns":7.0},{"damage":1.0,"enemies":"Book of Stabbing","floor":31.0,"turns":4.0},{"damage":36.0,"enemies":"Automaton","floor":33.0,"turns":8.0},{"damage":26.0,"enemies":"3 Shapes","floor":35.0,"turns":5.0},{"damage":17.0,"enemies":"Nightmare","floor":40.0,"turns":7.0},{"damage":1.0,"enemies":"Reptomancer","floor":46.0,"turns":3.0},{"damage":16.0,"enemies":"hubris:GrandSnecko","floor":50.0,"turns":5.0},{"damage":0.0,"enemies":"Jaw Worm","floor":52.0,"turns":1.0},{"damage":0.0,"enemies":"2 Louse","floor":54.0,"turns":1.0},{"damage":0.0,"enemies":"Lagavulin","floor":57.0,"turns":2.0},{"damage":0.0,"enemies":"Small Slimes","floor":58.0,"turns":2.0},{"damage":0.0,"enemies":"Gremlin Nob","floor":61.0,"turns":2.0},{"damage":0.0,"enemies":"Blue Slaver","floor":65.0,"turns":2.0},{"damage":0.0,"enemies":"Slime Boss","floor":67.0,"turns":2.0},{"damage":0.0,"enemies":"Spheric Guardian","floor":69.0,"turns":1.0},{"damage":0.0,"enemies":"Chosen","floor":73.0,"turns":1.0},{"damage":0.0,"enemies":"Gremlin Leader","floor":74.0,"turns":1.0},{"damage":0.0,"enemies":"Book of Stabbing","floor":76.0,"turns":1.0},{"damage":0.0,"enemies":"Shelled Parasite and Fungi","floor":82.0,"turns":1.0},{"damage":0.0,"enemies":"Collector","floor":84.0,"turns":1.0},{"damage":12.0,"enemies":"3 Shapes","floor":86.0,"turns":1.0},{"damage":0.0,"enemies":"Orb Walker","floor":89.0,"turns":1.0},{"damage":0.0,"enemies":"R_Hoarder","floor":91.0,"turns":2.0},{"damage":0.0,"enemies":"Nemesis","floor":97.0,"turns":1.0},{"damage":93.0,"enemies":"Nightmare_Alpha","floor":98.0,"turns":3.0},{"damage":13.0,"enemies":"infinitespire:MassOfShapes","floor":101.0,"turns":1.0},{"damage":0.0,"enemies":"Small Slimes","floor":103.0,"turns":1.0},{"damage":0.0,"enemies":"Jaw Worm","floor":105.0,"turns":1.0},{"damage":0.0,"enemies":"Lagavulin","floor":107.0,"turns":1.0},{"damage":0.0,"enemies":"Nightmare_Alpha","floor":108.0,"turns":6.0},{"damage":0.0,"enemies":"Lagavulin","floor":112.0,"turns":1.0},{"damage":0,"enemies":"3 Sentries","floor":114,"turns":1},{"damage":0,"enemies":"The Guardian","floor":117,"turns":1},{"damage":0,"enemies":"Shell Parasite","floor":119,"turns":1},{"damage":0,"enemies":"Masked Bandits","floor":121,"turns":1},{"damage":0,"enemies":"Nightmare","floor":124,"turns":2},{"damage":0,"enemies":"Book of Stabbing","floor":126,"turns":1},{"damage":0,"enemies":"Chosen","floor":132,"turns":1},{"damage":0,"enemies":"Collector","floor":134,"turns":2},{"damage":0,"enemies":"3 Shapes","floor":136,"turns":1},{"damage":0,"enemies":"3 Darklings","floor":139,"turns":2},{"damage":0,"enemies":"R_Hoarder","floor":142,"turns":2},{"damage":0,"enemies":"Reptomancer","floor":143,"turns":1},{"damage":0,"enemies":"Nightmare_Alpha","floor":145,"turns":2},{"damage":0,"enemies":"Reptomancer","floor":148,"turns":1},{"damage":0,"enemies":"Mind Bloom Boss Battle","floor":149,"turns":2},{"damage":0,"enemies":"infinitespire:LordOfFortification","floor":151,"turns":4},{"damage":0,"enemies":"Shield and Spear","floor":155,"turns":2},{"damage":0,"enemies":"The Heart","floor":156,"turns":6}],"seed_played":"4599702779554879095","potions_obtained":[{"floor":2.0,"key":"Venom Potion"},{"floor":14.0,"key":"SpeedPotion"},{"floor":18.0,"key":"SteroidPotion"},{"floor":46.0,"key":"Explosive Potion"},{"floor":52.0,"key":"LiquidMemories"},{"floor":58.0,"key":"ColorlessPotion"},{"floor":69.0,"key":"BlessingOfTheForge"},{"floor":74.0,"key":"Milkshake"},{"floor":84.0,"key":"PowerPotion"},{"floor":89.0,"key":"SkillPotion"},{"floor":91.0,"key":"SteroidPotion"},{"floor":97.0,"key":"Milkshake"},{"floor":98.0,"key":"Strength Potion"},{"floor":101.0,"key":"Dexterity Potion"},{"floor":103.0,"key":"Fruit Juice"},{"floor":114,"key":"PowerPotion"},{"floor":117,"key":"SpeedPotion"},{"floor":119,"key":"Swift Potion"},{"floor":121,"key":"Milkshake"},{"floor":124,"key":"Regen Potion"},{"floor":126,"key":"Swift Potion"},{"floor":132,"key":"Explosive Potion"},{"floor":134,"key":"Languid Potion"},{"floor":136,"key":"Milkshake"},{"floor":148,"key":"Energy Potion"},{"floor":149,"key":"Dexterity Potion"},{"floor":151,"key":"SmokeBomb"}],"is_trial":true,"path_per_floor":["M","M","?","$","?","R","M","E","T","?","R","R","R","E","R","B",null,"M","?","M","?","?","$","R","E","T","NM","$","E","R","E","R","B",null,"M","?","$","$","T","NM","$","?","T","R","R","E","R","AVR","R","B",null,"M","$","M","T","$","E","M","R","T","E","$","?","T","M","R","B",null,"M","?","$","?","M","E","AVR","E","T","R","$","R","R","M","R","B",null,"M","T","?","M","$","E","R","$","T","?","AVR","E","NM","T","R","B",null,"M","?","M","?","E","NM","R","T","T","E","AVR","E","$","R","B",null,"M","$","?","?","$","NM","R","E","T","R","?","R","T","M","R","B",null,"M","?","AVR","M","?","R","E","E","T","NM","$","$","E","?","R","B",null,"R","$","E","B",null],"character_chosen":"DANTE","items_purchased":["Membership Card","MerchantsRug","Tiny Chest","TheAbacus","Weaponchange","Straight","Molten Egg 2","Strange Spoon","GilgameshcomboA+1","Calipers","Hightime","Replay:Lucky Slots","Replay:Baseball","hubris:EmptyBottle","Lee\u0027s Waffle","Bag of Preparation","Mummified Hand","Smiling Mask","The Courier","Golden Egg","hubris:EvacipatedBox","hubris:FruitBowl","Swordmaster+1","Hightime+1","Hightime+1","ReplayTheSpireMod:Ninjato","Matryoshka","TungstenRod","Guide Book","hubris:MysteriousPyramids","Replay:Bandana","Dash1+1","aspiration:StickyExplosives_weak","ReplayTheSpireMod:CursedCoin","Chameleon Ring","Replay:Wax Seal","hubris:Teleporter","Replay:Bottled Snecko","Onion Ring","Akabeko","White Beast Statue","Anchor","infinitespire:FocusingShard","InkBottle","Oddly Smooth Stone","Orrery","aspiration:Lifesprig","Weaponreturn+1","aspiration:SeaSaltIceCream","Pantograph","HornCleat","aspiration:HummingbirdHeart","ClockworkSouvenir","Strawberry","infinitespire:Lychee Nut","DollysMirror","aspiration:DSix","aspiration:ChemicalBlood","Orichalcum","aspiration:AnachronicSnailShell","Iron Hammer","infinitespire:Bottled Soul","Shuriken","infinitespire:Broken Mirror","hubris:MobiusCoin"],"campfire_rested":0,"item_purchase_floors":[4,23,23,23,23,23,28,28,28,37,37,37,37,38,41,53,56,62,62,62,62,62,71,71,71,71,71,71,71,71,71,79,79,90,90,90,90,90,90,90,90,90,90,90,93,93,93,115,115,115,115,115,120,120,146,146,146,146,146,147,147,147,147,154,154],"current_hp_per_floor":[69,66,66,66,66,66,71,33,33,33,33,33,33,24,24,18,80,80,80,80,80,80,80,80,79,79,80,80,80,80,85,85,57,85,61,40,40,40,40,25,92,92,92,92,92,91,91,91,91,76,92,92,92,92,92,92,92,92,92,92,92,11,8,8,22,22,36,92,92,92,92,92,92,92,92,92,92,92,92,92,92,92,92,92,92,80,80,80,82,92,92,92,92,92,92,92,92,69,69,69,58,92,102,102,102,102,102,102,102,102,102,102,102,112,112,112,112,112,112,122,122,122,122,122,122,122,122,122,122,122,122,122,122,122,122,122,122,122,122,122,122,122,122,122,122,76,76,76,97,112,112,112,112,112,112,112],"gold":271,"neow_bonus":"","is_daily":false,"chose_seed":false,"campfire_upgraded":23,"win_rate":0.0,"timestamp":1611842575,"path_taken":["M","?","?","$","?","R","?","E","T","?","R","R","R","E","R","BOSS","M","?","?","?","?","$","R","E","T","NM","?","E","R","E","R","BOSS","M","?","?","$","?","NM","?","?","T","R","R","E","R","AVR","R","BOSS","M","$","?","?","$","E","?","R","T","E","?","?","?","M","R","BOSS","M","?","$","?","M","E","AVR","E","T","R","?","R","R","M","R","BOSS","M","?","?","?","$","E","R","$","T","?","AVR","E","NM","?","R","BOSS","M","?","?","?","E","NM","R","T","?","E","AVR","E","$","R","BOSS","M","$","?","?","$","NM","R","E","T","R","?","R","?","M","R","BOSS","M","?","AVR","M","?","R","E","E","T","NM","$","$","E","?","R","BOSS","R","$","E","BOSS"],"items_purchased_type":["Relic","Relic","Relic","Relic","Card","Card","Relic","Relic","Card","Relic","Card","Relic","Relic","Relic","Relic","Relic","Relic","Relic","Relic","Relic","Relic","Relic","Card","Card","Card","Relic","Relic","Relic","Relic","Relic","Relic","Card","Relic","Relic","Relic","Relic","Relic","Relic","Relic","Relic","Relic","Relic","Relic","Relic","Relic","Relic","Relic","Card","Relic","Relic","Relic","Relic","Relic","Relic","Relic","Relic","Relic","Relic","Relic","Relic","Relic","Relic","Relic","Relic","Relic"],"build_version":"2020-12-22","purchased_purges":19,"victory":true,"max_hp_per_floor":[80,80,80,80,80,80,80,80,80,80,80,80,80,80,80,80,80,80,80,80,80,80,80,80,80,80,80,80,80,80,85,85,85,85,85,85,85,85,85,85,92,92,92,92,92,92,92,92,92,92,92,92,92,92,92,92,92,92,92,92,92,92,92,92,92,92,92,92,92,92,92,92,92,92,92,92,92,92,92,92,92,92,92,92,92,92,92,92,92,92,92,92,92,92,92,92,92,92,92,92,92,92,102,102,102,102,102,102,102,102,102,102,102,112,112,112,112,112,112,122,122,122,122,122,122,122,122,122,122,122,122,122,122,122,122,122,122,122,122,122,122,122,122,122,122,76,76,76,97,112,112,112,112,112,112,112],"card_choices":[{"not_picked":["DT","Holywater"],"picked":"Whiteorb","floor":1.0},{"not_picked":["BeastUppercut","Dash2"],"picked":"Greenorb","floor":2.0},{"not_picked":["Weaponchange","LucifercomboA"],"picked":"Royaldefend","floor":7.0},{"not_picked":["Goldorb","Lucifer"],"picked":"Unrisingdragon","floor":8.0},{"not_picked":["Swordmaster","Chargeshoot"],"picked":"Royaldefend","floor":14.0},{"not_picked":["Weaponreturn","Blueorb"],"picked":"Royalguard","floor":16.0},{"not_picked":["EbonyIvory","Gunslinger"],"picked":"Shock+1","floor":18.0},{"not_picked":["Millionkick","LucifercomboC","Rebellion"],"picked":"SKIP","floor":20.0},{"not_picked":["Shock+1","Weaponchange+1"],"picked":"Trickster","floor":25.0},{"not_picked":["SSScard","Greenorb"],"picked":"Fullhouse","floor":27.0},{"not_picked":["Unrisingdragon+1","Rebellion"],"picked":"Darkslayer","floor":29.0},{"not_picked":["GilgameshcomboA+1","Greenorb","Dash2"],"picked":"SKIP","floor":31.0},{"not_picked":["Royalguard","Purpleorb"],"picked":"Swordcombo+1","floor":33.0},{"not_picked":["Splesh+1","Dash1","Straight+1"],"picked":"SKIP","floor":35.0},{"not_picked":["Splesh+1","Gilgamesh+1"],"picked":"Kick13+1","floor":36.0},{"not_picked":["Weaponupgrade+1","LucifercomboC+1"],"picked":"BeastUppercut+1","floor":36.0},{"not_picked":["Goldorb","Chargeshoot+1","VitalstarS"],"picked":"SKIP","floor":40.0},{"not_picked":["Weaponchange","Ecstasy+1","Rip and Tear"],"picked":"Swordmaster+1","floor":46.0},{"not_picked":["Trickster","Enemystep","Biased Cognition"],"picked":"Airtrick","floor":50.0},{"not_picked":["Straight+1","Stinger+1","GilgameshcomboA+1","Sunder"],"picked":"SKIP","floor":52.0},{"not_picked":["Weaponupgrade","Millionstab+1","VitalstarM","Rebound"],"picked":"SKIP","floor":54.0},{"not_picked":["VitalstarM","Unrisingdragon+1","Enemystep","Tempest"],"picked":"SKIP","floor":57.0},{"not_picked":["VitalstarM","Royaldefend","Honeycombofire","BasicCrystalCard"],"picked":"SKIP","floor":58.0},{"not_picked":["Unrisingdragon+1","Straight+1","Streamline"],"picked":"LucifercomboA+1","floor":61.0},{"not_picked":["Greenorb+1","LucifercomboA+1","Chargeshoot2+1"],"picked":"Turbo","floor":65.0},{"not_picked":["Trickster+1","Enemystep+1","ReplayTheSpireMod:Omega Cannon"],"picked":"Darkslayer+1","floor":67.0},{"not_picked":["Pandora","LucifercomboC+1","ReplayTheSpireMod:GoodbyeWorld"],"picked":"DT+1","floor":69.0},{"not_picked":["Doubleshoot+1","Chargeshoot+1","Whiteorb+1","Time Bomb"],"picked":"SKIP","floor":73.0},{"not_picked":["DevilstarL+1","Holywater+1","Kick13+1","Genetic Algorithm"],"picked":"SKIP","floor":74.0},{"not_picked":["Straight+1","Greenorb+1","Swordmaster+1","Steam"],"picked":"SKIP","floor":76.0},{"not_picked":["Hightime+1","Whiteorb+1","Reinforced Body"],"picked":"Millionkick+1","floor":82.0},{"not_picked":["Purpleorb+1","Darkslayer+1","Buffer"],"picked":"Trickster+1","floor":84.0},{"not_picked":["Chargeshoot2+1","Gilgamesh+1","Conserve Battery"],"picked":"LucifercomboC+1","floor":86.0},{"not_picked":["Swordmaster+1","Rebellion","Heatsinks"],"picked":"Splesh+1","floor":89.0},{"not_picked":["LucifercomboD+1","DT+1","Gilgamesh+1","Rip and Tear"],"picked":"SKIP","floor":91.0},{"not_picked":["CoyoteA","LucifercomboC+1","Gunstinger+1"],"picked":"Echo Form","floor":93.0},{"not_picked":["Weaponchange+1","Gunslinger+1","Chargeshoot+1","Ball Lightning"],"picked":"SKIP","floor":97.0},{"not_picked":["Holywater+1","Honeycombofire+1","Shock+1","Lockon"],"picked":"SKIP","floor":98.0},{"not_picked":["VitalstarL+1","Swordcombo+1","Electrodynamics"],"picked":"Stylechange+1","floor":101.0},{"not_picked":["Fullhouse+1","Unrisingdragon+1","DT+1","Cold Snap"],"picked":"SKIP","floor":103.0},{"not_picked":["EbonyIvory","Millionstab+1","Reprogram"],"picked":"LucifercomboB+1","floor":105.0},{"not_picked":["Lucifer","GilgameshcomboA+1","Kick13+1","Crystallizer"],"picked":"SKIP","floor":107.0},{"not_picked":["Weaponupgrade+1","Dash1+1","Goldorb+1","Steam"],"picked":"SKIP","floor":108.0},{"not_picked":["Millionstab+1","Straight+1","Stack"],"picked":"Dash2+1","floor":112.0},{"not_picked":["Hightime+1","Gunslinger+1","Undo"],"picked":"Royalguard+1","floor":114},{"not_picked":["BeastUppercut+1","Chargeshoot+1","Unrisingdragon+1","Skim"],"picked":"SKIP","floor":119},{"not_picked":["VitalstarS+1","Swordmaster+1","CoyoteA","Conserve Battery"],"picked":"SKIP","floor":124},{"not_picked":["Kick13+1","Fullhouse+1","Pandora+1","ReplayTheSpireMod:System Scan"],"picked":"SKIP","floor":126},{"not_picked":["VitalstarS+1","Gunslinger+1","Dash1+1","Leap"],"picked":"SKIP","floor":132},{"not_picked":["Airtrick+1","Trickster+1","Multi-Cast"],"picked":"Demonreform+1","floor":134},{"not_picked":["Dash1+1","LucifercomboC+1","Whiteorb+1","Cold Snap"],"picked":"SKIP","floor":136},{"not_picked":["Gilgamesh","Doubleshoot+1","ReplayTheSpireMod:Repulse"],"picked":"Straight+1","floor":139},{"not_picked":["Swordmaster+1","LucifercomboB+1","Royalguard+1","ReplayTheSpireMod:GoodbyeWorld"],"picked":"SKIP","floor":142},{"not_picked":["Shock+1","Gunstinger+1","Gunslinger+1","Turbo"],"picked":"SKIP","floor":143},{"not_picked":["LucifercomboB+1","LucifercomboD+1","Gunslinger+1","BasicCrystalCard"],"picked":"SKIP","floor":145},{"not_picked":["Weaponupgrade+1","Lucifer","Swordmaster+1","Redo"],"picked":"SKIP","floor":148},{"not_picked":["Swordmaster+1","Blueorb+1","Airhike+1","Redo"],"picked":"SKIP","floor":155},{"not_picked":["Stylechange+1","Goldorb+1","All For One"],"picked":"Swordcombo+1","floor":156}],"player_experience":703700,"relics_obtained":[{"floor":8.0,"key":"Grinning Jar"},{"floor":9.0,"key":"Gambling Chip"},{"floor":14.0,"key":"Replay:Arrowhead"},{"floor":25.0,"key":"hubris:BottledRain"},{"floor":26.0,"key":"infinitespire:WardingShard"},{"floor":27.0,"key":"Torii"},{"floor":29.0,"key":"Blood Vial"},{"floor":31.0,"key":"Durian"},{"floor":36.0,"key":"hubris:TenFootPole"},{"floor":39.0,"key":"infinitespire:Lucky Rock"},{"floor":40.0,"key":"CeramicFish"},{"floor":40.0,"key":"infinitespire:Beetle Shell"},{"floor":43.0,"key":"hubris:DisguiseKit"},{"floor":46.0,"key":"ReplayTheSpireMod:Lightbulb"},{"floor":46.0,"key":"hubris:SlimyHat"},{"floor":55.0,"key":"ReplayTheSpireMod:Shallot"},{"floor":57.0,"key":"Meat on the Bone"},{"floor":57.0,"key":"MawBank"},{"floor":60.0,"key":"Toxic Egg 2"},{"floor":61.0,"key":"infinitespire:BottledMercury"},{"floor":61.0,"key":"infinitespire:EmpoweringShard"},{"floor":64.0,"key":"Quantum Egg"},{"floor":74.0,"key":"Potion Belt"},{"floor":74.0,"key":"aspiration:FrozenJewel"},{"floor":76.0,"key":"Shovel"},{"floor":76.0,"key":"Lizard Tail"},{"floor":77.0,"key":"infinitespire:PuzzleCube"},{"floor":77.0,"key":"Regal Pillow"},{"floor":78.0,"key":"Bronze Scales"},{"floor":80.0,"key":"MealTicket"},{"floor":81.0,"key":"Whetstone"},{"floor":87.0,"key":"Art of War"},{"floor":87.0,"key":"Replay:PocketPolymizer"},{"floor":91.0,"key":"hubris:MedicalManual"},{"floor":91.0,"key":"Replay:WaspNest"},{"floor":92.0,"key":"Nunchaku"},{"floor":94.0,"key":"War Paint"},{"floor":97.0,"key":"Blue Doll"},{"floor":97.0,"key":"Bag of Marbles"},{"floor":98.0,"key":"hubris:AstralHammer"},{"floor":98.0,"key":"Centennial Puzzle"},{"floor":99.0,"key":"Replay:Bottled Steam"},{"floor":100.0,"key":"infinitespire:Joker Card"},{"floor":107.0,"key":"Omamori"},{"floor":107.0,"key":"Letter Opener"},{"floor":108.0,"key":"Boot"},{"floor":108.0,"key":"Bird Faced Urn"},{"floor":109.0,"key":"ReplayFunnel"},{"floor":110.0,"key":"Happy Flower"},{"floor":111.0,"key":"Juzu Bracelet"},{"floor":112.0,"key":"Replay:Rubber Ducky"},{"floor":114,"key":"hubris:GlazedTorus"},{"floor":114,"key":"hubris:CuriousFeather"},{"floor":121,"key":"Red Mask"},{"floor":124,"key":"Toy Ornithopter"},{"floor":124,"key":"hubris:FunFungus"},{"floor":125,"key":"infinitespire:Magic Flask"},{"floor":126,"key":"Replay:Multitool"},{"floor":126,"key":"Lantern"},{"floor":127,"key":"hubris:ToyBattleship"},{"floor":128,"key":"aspiration:TomeofQuesting"},{"floor":130,"key":"infinitespire:Eraser"},{"floor":131,"key":"Garlic"},{"floor":133,"key":"Bottled Flame"},{"floor":142,"key":"hubris:CrystalStatue"},{"floor":142,"key":"infinitespire:CheckeredPen"},{"floor":143,"key":"Vajra"},{"floor":144,"key":"PreservedInsect"},{"floor":145,"key":"Replay:Mystery Machine"},{"floor":145,"key":"Sundial"},{"floor":148,"key":"hubris:PeanutButter"},{"floor":148,"key":"Replay:Bottled Eggs"},{"floor":149,"key":"Mango"},{"floor":150,"key":"Pear"},{"floor":153,"key":"Darkstone Periapt"},{"floor":155,"key":"Kunai"},{"floor":155,"key":"infinitespire:ShieldingShard"}],"event_choices":[{"damage_healed":0.0,"max_hp_gain":0.0,"max_hp_loss":0.0,"gold_gain":0.0,"event_name":"Match and Keep!","player_choice":"3 cards matched","floor":5.0,"gold_loss":0.0,"damage_taken":0.0,"cards_obtained":["Enemystep","Rebellion","Stinger"]},{"cards_removed":["Shoot"],"damage_healed":0.0,"max_hp_gain":0.0,"max_hp_loss":0.0,"gold_gain":0.0,"event_name":"Living Wall","player_choice":"Forget","floor":15.0,"gold_loss":0.0,"damage_taken":0.0},{"damage_healed":0.0,"max_hp_gain":0.0,"max_hp_loss":0.0,"gold_gain":0.0,"event_name":"Upgrade Shrine","player_choice":"Upgraded","floor":19.0,"gold_loss":0.0,"damage_taken":0.0,"cards_upgraded":["Royalguard"]},{"damage_healed":0.0,"max_hp_gain":0.0,"max_hp_loss":0.0,"gold_gain":0.0,"event_name":"The Library","player_choice":"Read","floor":21.0,"gold_loss":0.0,"damage_taken":0.0,"cards_obtained":["Gilgamesh"]},{"damage_healed":0.0,"max_hp_gain":0.0,"max_hp_loss":0.0,"gold_gain":0.0,"event_name":"Vampires","player_choice":"Ignored","floor":22.0,"gold_loss":0.0,"damage_taken":0.0},{"damage_healed":0.0,"max_hp_gain":0.0,"max_hp_loss":0.0,"gold_gain":0.0,"event_name":"NoteForYourself","player_choice":"Ignored","floor":42.0,"gold_loss":0.0,"damage_taken":0.0},{"damage_healed":0.0,"max_hp_gain":0.0,"max_hp_loss":0.0,"gold_gain":0.0,"event_name":"Match and Keep!","player_choice":"1 cards matched","floor":88.0,"gold_loss":0.0,"damage_taken":0.0,"cards_obtained":["Enemystep"]},{"damage_healed":0.0,"max_hp_gain":0.0,"max_hp_loss":0.0,"gold_gain":0.0,"event_name":"Match and Keep!","player_choice":"0 cards matched","floor":104.0,"gold_loss":0.0,"damage_taken":0.0,"cards_obtained":[]},{"damage_healed":0,"gold_gain":0,"player_choice":"Fought Bandits","damage_taken":0,"max_hp_gain":0,"max_hp_loss":0,"event_name":"Masked Bandits","floor":121,"gold_loss":0},{"damage_healed":0,"gold_gain":99,"player_choice":"Stole From Cult","damage_taken":0,"max_hp_gain":0,"max_hp_loss":0,"event_name":"Nest","floor":129,"gold_loss":0},{"damage_healed":0,"gold_gain":0,"player_choice":"Memory 1","damage_taken":0,"max_hp_gain":0,"max_hp_loss":0,"event_name":"SensoryStone","floor":137,"gold_loss":0},{"damage_healed":0,"gold_gain":222,"player_choice":"Wore Mask","damage_taken":0,"max_hp_gain":0,"max_hp_loss":0,"event_name":"Tomb of Lord Red Mask","floor":140,"gold_loss":0},{"damage_healed":0,"gold_gain":0,"player_choice":"Fight","damage_taken":0,"max_hp_gain":0,"max_hp_loss":0,"event_name":"MindBloom","floor":149,"gold_loss":0}],"is_beta":false,"boss_relics":[{"not_picked":["aspiration:SilentSkillbook","Ring of Chaos"],"picked":"ChewingGum"},{"not_picked":["aspiration:RitualDagger","ReplayTheSpireMod:DimensionalGlitch"],"picked":"Black Star"},{"not_picked":["aspiration:PoetsPen_weak","Astrolabe"],"picked":"hubris:Backtick"},{"not_picked":["Tiny House","Velvet Choker","Abe\u0027s Treasure"],"picked":"Runic Dome"},{"not_picked":["Sozu","hubris:TerracottaHorce","Replay:Drink Me"],"picked":"Philosopher\u0027s Stone"},{"not_picked":["Calling Bell","Snecko Heart","hubris:Stopwatch"],"picked":"Ring of Chaos"},{"not_picked":["Replay:Ancient Bell","hubris:RunicObelisk","hubris:Stopwatch"],"picked":"hubris:VirtuousBlindfold"},{"not_picked":["hubris:GrandSneckoEye","Abe\u0027s Treasure","aspiration:DefectSkillbook"],"picked":"Fusion Hammer"},{"not_picked":["Painkiller Herb","Snecko Heart","Honey Jar"],"picked":"Sozu"}],"items_purged_floors":[23,37,38,41,53,62,71,75,79,90,93,96,113,115,120,123,146,147,154],"is_endless":true,"potions_floor_spawned":[2,14,18,29,46,52,58,69,74,84,89,91,97,98,101,103,105,107,108,112,114,117,119,121,124,126,132,134,136,139,142,143,145,148,149,151,155,156],"ascension_level":0}}