{"host":"8d3fefv2347kqkpz","time":1611826529,"event":{"mods":["AchievementEnabler","Act Like it!","Aspiration","BaseMod","Better Vampires","Colored Map","Colored Powertips","Conspire","GifTheSpireLib","Highlight Path","Hubris","Mimic Mod","Minty Spire (QoL Compilation)","Quick Restart","Rare Cards Sparkle","Relic Stats","Replay The Spire","Spicy Shops","StSLib","The Jungle","Waifu the Spire"],"gold_per_floor":[20,20,20,20,31,31,45,45,75,91,91,101,122,132,132,229,229,247,346,15,15,34,34,134,148,148,168,168,196,46,80,80,184,184,202,212,212,230,76,76,108,108,147,162,6,6,6,37,37,37,37],"floor_reached":50,"language":"ZHS","playtime":2641,"items_purged":["Injury","Strike_G"],"score":553,"play_id":"8123e513-31de-46bd-a56c-d8f2d2f4eefd","local_time":"20210128173529","is_ascension_mode":false,"campfire_choices":[{"floor":6.0,"key":"REST"},{"data":"Neutralize","floor":8.0,"key":"SMITH"},{"data":"Phantasmal Killer","floor":11.0,"key":"SMITH"},{"floor":15.0,"key":"REST"},{"floor":23.0,"key":"REST"},{"data":"Glass Knife","floor":28.0,"key":"SMITH"},{"floor":32.0,"key":"REST"},{"floor":40.0,"key":"REST"},{"floor":42.0,"key":"REST"},{"floor":47.0,"key":"REST"},{"floor":49.0,"key":"REST"}],"circlet_count":0,"master_deck":["Strike_G","Strike_G","Strike_G","Defend_G","Defend_G","Defend_G","Defend_G","Defend_G","Survivor","Neutralize+1","Phantasmal Killer+1","Flying Knee","conspire:PoisonWeapons+1","Blade Dance+1","Concentrate+1","Burst+1","Dodge and Roll+1","Glass Knife+1","Night Terror+1","Prepared+1","Prostrate+1","conspire:PoisonWeapons+1","Omniscience+1","hubris:Sniper+1","MasterReality","Acrobatics+1","EmptyBody+1","Well Laid Plans+1","Tools of the Trade+1"],"relics":["Ring of the Snake","Toxic Egg 2","ReplayFunnel","Odd Mushroom","aspiration:WatcherSkillbook","Snack Pack","White Beast Statue","Orrery","Replay:Bottled Steam","HoveringKite","Ancient Tea Set","hubris:GlazedTorus","BargainBundle","Ginger"],"acts_visited":["TheCity","TheBeyond"],"potions_floor_usage":[50,50],"damage_taken":[{"damage":21.0,"enemies":"Jaw Worm","floor":1.0,"turns":7.0},{"damage":1.0,"enemies":"Cultist","floor":5.0,"turns":3.0},{"damage":1.0,"enemies":"Small Slimes","floor":7.0,"turns":4.0},{"damage":2.0,"enemies":"3 Louse","floor":9.0,"turns":5.0},{"damage":15.0,"enemies":"3 Louse","floor":10.0,"turns":3.0},{"damage":8.0,"enemies":"Exordium Wildlife","floor":12.0,"turns":6.0},{"damage":13.0,"enemies":"The Mushroom Lair","floor":13.0,"turns":4.0},{"damage":3.0,"enemies":"Lots of Slimes","floor":14.0,"turns":5.0},{"damage":7.0,"enemies":"Slime Boss","floor":16.0,"turns":10.0},{"damage":11.0,"enemies":"conspire:FuzzyDice","floor":18.0,"turns":5.0},{"damage":14.0,"enemies":"2 Thieves","floor":22.0,"turns":4.0},{"damage":15.0,"enemies":"Centurion and Healer","floor":25.0,"turns":8.0},{"damage":1.0,"enemies":"Chosen and Byrds","floor":27.0,"turns":8.0},{"damage":8.0,"enemies":"conspire:SneckoGhost","floor":29.0,"turns":8.0},{"damage":36.0,"enemies":"Slavers","floor":31.0,"turns":5.0},{"damage":42.0,"enemies":"conspire:MysteriousRune","floor":33.0,"turns":8.0},{"damage":29.0,"enemies":"3 Darklings","floor":35.0,"turns":7.0},{"damage":5.0,"enemies":"Orb Walker","floor":36.0,"turns":2.0},{"damage":42.0,"enemies":"Sphere and 2 Shapes","floor":38.0,"turns":13.0},{"damage":10.0,"enemies":"Nemesis","floor":41.0,"turns":7.0},{"damage":0.0,"enemies":"Writhing Mass","floor":43.0,"turns":8.0},{"damage":1.0,"enemies":"Writhing Mass","floor":44.0,"turns":6.0},{"damage":8.0,"enemies":"Giant Head","floor":48.0,"turns":6.0},{"damage":70,"enemies":"Donu and Deca","floor":50,"turns":5}],"seed_played":"1160095162268947052","potions_obtained":[{"floor":7.0,"key":"ColorlessPotion"},{"floor":10.0,"key":"Explosive Potion"},{"floor":14.0,"key":"Fire Potion"},{"floor":16.0,"key":"PowerPotion"},{"floor":18.0,"key":"AttackPotion"},{"floor":22.0,"key":"Poison Potion"},{"floor":29.0,"key":"SpeedPotion"},{"floor":31.0,"key":"Block Potion"},{"floor":33.0,"key":"Regen Potion"},{"floor":35.0,"key":"Death Potion"},{"floor":36.0,"key":"Reflective Coating"},{"floor":38.0,"key":"PowerPotion"},{"floor":41.0,"key":"SteroidPotion"},{"floor":44.0,"key":"SpeedPotion"}],"is_trial":false,"path_per_floor":["M","?","?","?","M","R","M","R","MIM","M","R","M","?","M","R","B",null,"M","?","$","?","M","R","?","M","T","M","R","E","$","E","R","B",null,"M","M","?","M","$","R","E","R","MIM","M","$","?","R","E","R","B"],"character_chosen":"THE_SILENT","items_purchased":["Snack Pack","Orrery","Acrobatics+1","BargainBundle","Tools of the Trade+1"],"campfire_rested":8,"item_purchase_floors":[20,30,39,45,45],"current_hp_per_floor":[49,49,49,42,41,62,61,61,59,44,44,36,23,20,41,34,70,59,59,59,53,43,64,64,57,57,64,64,60,60,26,47,9,70,47,42,42,17,17,36,32,51,55,56,56,56,66,62,66,0,0],"gold":37,"neow_bonus":"THREE_RARE_CARDS","is_daily":false,"chose_seed":false,"campfire_upgraded":3,"win_rate":0.0,"timestamp":1611826529,"path_taken":["M","?","?","?","M","R","?","R","MIM","M","R","M","?","M","R","BOSS","M","?","$","?","?","R","?","M","T","M","R","E","?","E","R","BOSS","M","M","?","M","$","R","E","R","MIM","M","$","?","R","E","R","BOSS"],"items_purchased_type":["Relic","Relic","Card","Relic","Card"],"build_version":"2020-12-22","purchased_purges":2,"victory":false,"max_hp_per_floor":[70,70,70,70,70,70,70,70,70,70,70,70,70,70,70,70,70,70,70,70,70,70,70,70,70,70,70,70,70,70,70,70,70,70,70,70,66,66,66,66,66,66,66,66,66,66,66,66,66,66,66],"relic_stats":{"counters":[24,147],"HoveringKite":[21],"Ginger":[0],"obtain_stats":[{"ReplayFunnel":9,"BargainBundle":45,"HoveringKite":34,"Ginger":48,"Odd Mushroom":13,"Ancient Tea Set":41,"White Beast Statue":26,"aspiration:WatcherSkillbook":17,"Orrery":30,"Snack Pack":20,"Toxic Egg 2":2,"Ring of the Snake":0,"Replay:Bottled Steam":31,"hubris:GlazedTorus":43},{"ReplayFunnel":4,"BargainBundle":22,"HoveringKite":16,"Ginger":23,"Odd Mushroom":7,"Ancient Tea Set":20,"White Beast Statue":12,"aspiration:WatcherSkillbook":9,"Orrery":14,"Snack Pack":10,"Toxic Egg 2":1,"Ring of the Snake":0,"Replay:Bottled Steam":15,"hubris:GlazedTorus":21},{"ReplayFunnel":19,"BargainBundle":136,"HoveringKite":93,"Ginger":142,"Odd Mushroom":32,"Ancient Tea Set":122,"White Beast Statue":64,"aspiration:WatcherSkillbook":47,"Orrery":80,"Snack Pack":52,"Toxic Egg 2":7,"Ring of the Snake":0,"Replay:Bottled Steam":85,"hubris:GlazedTorus":130}],"Ring of the Snake":[48]},"card_choices":[{"not_picked":["Unload","aspiration:Lunge"],"picked":"Phantasmal Killer","floor":0.0},{"not_picked":["Poisoned Stab","Hidden Blade"],"picked":"Flying Knee","floor":1.0},{"not_picked":["Sucker Punch","Deadly Poison+1"],"picked":"Blade Dance+1","floor":5.0},{"not_picked":["Masterful Stab","Blade Dance+1"],"picked":"Concentrate+1","floor":7.0},{"not_picked":["Footwork","Bane"],"picked":"Burst+1","floor":9.0},{"not_picked":["Deadly Poison+1","Slice"],"picked":"Dodge and Roll+1","floor":10.0},{"not_picked":["Prepared+1","Dodge and Roll+1","Finisher"],"picked":"SKIP","floor":12.0},{"not_picked":["Flying Knee","Dodge and Roll+1"],"picked":"Glass Knife","floor":13.0},{"not_picked":["Sucker Punch","Bane","Expertise+1"],"picked":"SKIP","floor":14.0},{"not_picked":["Corpse Explosion+1","Glass Knife"],"picked":"Night Terror+1","floor":16.0},{"not_picked":["PiercingWail+1","Acrobatics+1","BowlingBash"],"picked":"Prepared+1","floor":18.0},{"not_picked":["JustLucky+1","Replay:ManipulateFuture+1","Underhanded Strike","Bane"],"picked":"SKIP","floor":22.0},{"not_picked":["hubris:SlightOfHand+1","Bane+1","Endless Agony"],"picked":"Prostrate+1","floor":25.0},{"not_picked":["Deadly Poison+1","Deflect+1","Backflip+1","Hidden Blade+1"],"picked":"SKIP","floor":27.0},{"not_picked":["Replay:Cycle+1","Crippling Poison+1","Cloak And Dagger+1","PiercingWail+1"],"picked":"SKIP","floor":29.0},{"not_picked":["BowlingBash","Dagger Spray+1","Ragnarok"],"picked":"conspire:PoisonWeapons+1","floor":30.0},{"not_picked":["Replay:Anticipation+1","ConjureBlade+1","Bane"],"picked":"Omniscience+1","floor":30.0},{"not_picked":["BowlingBash","Replay:ManipulateFuture+1","Deflect+1"],"picked":"hubris:Sniper+1","floor":30.0},{"not_picked":["Predator+1","Reflex+1","ReplayTheSpireMod:The Works+1","CutThroughFate"],"picked":"SKIP","floor":31.0},{"not_picked":["Wraith Form v2","Corpse Explosion+1","Die Die Die"],"picked":"MasterReality","floor":33.0},{"not_picked":["Dash","Expertise+1","JustLucky","Hidden Blade+1"],"picked":"SKIP","floor":35.0},{"not_picked":["Caltrops+1","Finisher","JustLucky","Noxious Fumes+1"],"picked":"SKIP","floor":36.0},{"not_picked":["Acrobatics+1","Distraction+1","Deadly Poison+1","Conclude+1"],"picked":"SKIP","floor":38.0},{"not_picked":["Setup+1","Skewer+1","Draining Mist+1","Replay:Poison Smokescreen+1"],"picked":"SKIP","floor":41.0},{"not_picked":["conspire:PoisonWeapons+1","Slice+1","Deflect+1"],"picked":"EmptyBody+1","floor":43.0},{"not_picked":["Consecrate","Acrobatics+1","Replay:Poison Smokescreen+1"],"picked":"Well Laid Plans+1","floor":44.0},{"not_picked":["Grand Finale","Flechettes+1","Scrawl+1","ReplayTheSpireMod:Tripwire+1"],"picked":"SKIP","floor":48.0}],"player_experience":215123,"relics_obtained":[{"floor":9.0,"key":"ReplayFunnel"},{"floor":13.0,"key":"Odd Mushroom"},{"floor":26.0,"key":"White Beast Statue"},{"floor":31.0,"key":"Replay:Bottled Steam"},{"floor":41.0,"key":"Ancient Tea Set"},{"floor":43.0,"key":"hubris:GlazedTorus"},{"floor":48.0,"key":"Ginger"}],"event_choices":[{"cards_removed":["Strike_G"],"damage_healed":0.0,"max_hp_gain":0.0,"max_hp_loss":0.0,"gold_gain":0.0,"event_name":"Golden Wing","player_choice":"Card Removal","floor":4.0,"gold_loss":0.0,"damage_taken":7.0},{"damage_healed":0.0,"max_hp_gain":0.0,"max_hp_loss":0.0,"gold_gain":0.0,"event_name":"Mushrooms","player_choice":"Fought Mushrooms","floor":13.0,"gold_loss":0.0,"damage_taken":0.0},{"damage_healed":0.0,"max_hp_gain":0.0,"max_hp_loss":0.0,"gold_gain":99.0,"event_name":"Nest","player_choice":"Stole From Cult","floor":19.0,"gold_loss":0.0,"damage_taken":0.0},{"damage_healed":0.0,"max_hp_gain":0.0,"max_hp_loss":0.0,"gold_gain":0.0,"event_name":"Knowing Skull","player_choice":"","floor":21.0,"potions_obtained":[],"gold_loss":0.0,"damage_taken":6.0,"cards_obtained":[]},{"damage_healed":0.0,"max_hp_gain":0.0,"max_hp_loss":0.0,"gold_gain":100.0,"event_name":"Golden Shrine","player_choice":"Pray","floor":24.0,"gold_loss":0.0,"damage_taken":0.0},{"damage_healed":0.0,"max_hp_gain":0.0,"max_hp_loss":4.0,"gold_gain":0.0,"event_name":"Winding Halls","player_choice":"Max HP","floor":37.0,"gold_loss":0.0,"damage_taken":0.0}],"is_beta":false,"boss_relics":[{"not_picked":["conspire:SlowCooker","Replay:Drink Me"],"picked":"aspiration:WatcherSkillbook"},{"not_picked":["Snecko Heart","hubris:Stopwatch"],"picked":"HoveringKite"}],"items_purged_floors":[20,39],"is_endless":false,"potions_floor_spawned":[7,10,14,16,18,22,27,29,31,33,35,36,38,41,43,44,48],"killed_by":"Donu and Deca","ascension_level":0}}