{"host":"fligtxqnrbjmaaid","time":1611804257,"event":{"mods":["ATMod(°¢èªMod)","AchievementEnabler","Act Like it!","BaseMod","Dota2Spire","Downfall","Hallownest","Infinite Spire","Lobotomy","Marisa£¨ìFÓê¡¡Ä§ÀíÉ³£©","Minty Spire (QoL Compilation)","Replay The Spire","StSLib","The Blackbeard","The Construct","The Cursed","The Gatherer","The Runesmith","The Senshi","[IsaacMod]ÒÔÈö¼âËþ"],"gold_per_floor":[114,76,86,96,106,106,125,125,148,98,98,109,109,129,129,226,226,241,256,273,239,253,253,253,253],"floor_reached":24,"language":"ZHS","playtime":982,"items_purged":[],"score":192,"play_id":"5cf9da87-dc7f-410f-9b06-e8a9ecc423d4","local_time":"20210128112417","is_ascension_mode":false,"campfire_choices":[{"data":"Metallicize","floor":6,"key":"SMITH"},{"data":"Immolate","floor":8,"key":"SMITH"},{"data":"Cleave","floor":11,"key":"SMITH"},{"data":"Cleave","floor":15,"key":"SMITH"},{"data":"Fire Breathing","floor":23,"key":"SMITH"}],"circlet_count":0,"master_deck":["Strike_R","Strike_R","Strike_R","Strike_R","Defend_R","Defend_R","Defend_R","Defend_R","Bash","AT_KingSlayer+1","Cleave+1","Metallicize+1","Cleave+1","Shrug It Off","ReplayTheSpireMod:Stacked","Immolate+1","Barricade","Life Link+1","Anger","Combust+1","Fire Breathing+1"],"relics":["Burning Blood","AT_ATBox","HushsDoor","SteamSale","Oddly Smooth Stone","Painkiller Herb"],"acts_visited":["Exordium","TheCity"],"potions_floor_usage":[16],"damage_taken":[{"damage":5,"enemies":"Cultist","floor":1,"turns":4},{"damage":7,"enemies":"Jaw Worm","floor":3,"turns":6},{"damage":6,"enemies":"Small Slimes","floor":4,"turns":4},{"damage":1,"enemies":"2 Fungi Beasts","floor":5,"turns":5},{"damage":11,"enemies":"3 Louse","floor":7,"turns":3},{"damage":4,"enemies":"Looter","floor":12,"turns":2},{"damage":7,"enemies":"Large Slime","floor":14,"turns":5},{"damage":10,"enemies":"Slime Boss","floor":16,"turns":9},{"damage":8,"enemies":"Chosen","floor":18,"turns":6},{"damage":5,"enemies":"2 Thieves","floor":19,"turns":3},{"damage":24,"enemies":"Snake Plant","floor":20,"turns":4},{"damage":11,"enemies":"3 Cultists","floor":22,"turns":4},{"damage":0,"enemies":"Chosen and Byrds","floor":24,"turns":1}],"seed_played":"6337382095041568235","potions_obtained":[{"floor":1,"key":"Fire Potion"},{"floor":3,"key":"ColorlessPotion"},{"floor":5,"key":"Weak Potion"},{"floor":12,"key":"SteroidPotion"},{"floor":22,"key":"HeartOfIron"}],"is_trial":false,"path_per_floor":["M","$","M","M","M","R","M","R","T","?","R","M","?","M","R","B",null,"?","?","?","T","?","T","?"],"character_chosen":"IRONCLAD","items_purchased":["Metallicize","Fire Breathing"],"campfire_rested":0,"item_purchase_floors":[2,21],"current_hp_per_floor":[80,80,79,79,80,80,75,75,75,75,75,77,77,76,76,72,80,78,79,61,61,56,56,56,56],"gold":253,"neow_bonus":"UPGRADE_CARD","is_daily":false,"chose_seed":false,"campfire_upgraded":5,"win_rate":0.0,"timestamp":1611804257,"path_taken":["M","$","M","M","?","R","M","R","T","?","R","M","?","M","R","BOSS","?","?","?","T","?","T","?"],"items_purchased_type":["Card","Card"],"build_version":"2020-12-22","purchased_purges":0,"victory":false,"max_hp_per_floor":[80,80,80,80,80,80,80,80,80,80,80,80,80,80,80,80,80,80,80,80,80,80,80,80,80],"card_choices":[{"not_picked":["Carnage","infinitespire:OneForAll"],"picked":"Cleave","floor":1},{"not_picked":["Hemokinesis","Iron Wave"],"picked":"Cleave","floor":3},{"not_picked":["True Grit","Dual Wield"],"picked":"Shrug It Off","floor":4},{"not_picked":["Replay:Undeath\u0027s Touch","Perfected Strike"],"picked":"ReplayTheSpireMod:Stacked","floor":5},{"not_picked":["Warcry","Wild Strike"],"picked":"Immolate","floor":7},{"not_picked":["Iron Wave","Body Slam","Clothesline"],"picked":"SKIP","floor":12},{"not_picked":["AT_BodySlamDance","Warcry"],"picked":"Bomb","floor":14},{"not_picked":["Brutality","Corruption"],"picked":"Barricade","floor":16},{"not_picked":["Dual Wield","Whirlwind"],"picked":"Life Link+1","floor":18},{"not_picked":["Armaments+1","Havoc+1"],"picked":"Anger","floor":19},{"not_picked":["Infernal Blade","Cleave"],"picked":"Combust+1","floor":20},{"not_picked":["Abandon","Perfected Strike","Headbutt+1"],"picked":"SKIP","floor":22}],"player_experience":110434,"relics_obtained":[{"floor":9,"key":"Oddly Smooth Stone"}],"event_choices":[{"cards_removed":["Strike_R"],"damage_healed":0,"gold_gain":0,"player_choice":"Card Removal","damage_taken":0,"max_hp_gain":0,"max_hp_loss":0,"event_name":"The Cleric","floor":10,"gold_loss":50}],"is_beta":false,"boss_relics":[{"not_picked":["Kintsugi","ReplayTheSpireMod:DimensionalGlitch"],"picked":"Painkiller Herb"},{"not_picked":[]}],"items_purged_floors":[],"is_endless":false,"potions_floor_spawned":[1,3,5,12,22],"killed_by":"Chosen and Byrds","ascension_level":0}}