{"host":"anox4050deqdcqoh","time":1611832600,"event":{"mods":["BaseMod","Colored Map","Highlight Path","Minty Spire (QoL Compilation)","Quick Restart","Rare Cards Sparkle","everything is the same but u backflip on backflip"],"gold_per_floor":[16,16,16,30,47,47,57,57,57,57,71,100,111,123,123,227,227,217,230,230,230,244,244,244,244],"floor_reached":24,"language":"ENG","playtime":696,"items_purged":[],"score":230,"play_id":"395f3440-c7b2-41da-90c9-5074e8465c66","local_time":"20210128061640","is_ascension_mode":true,"campfire_choices":[{"data":"Demon Form","floor":6,"key":"SMITH"},{"data":"Sword Boomerang","floor":8,"key":"SMITH"},{"data":"Bash","floor":10,"key":"SMITH"},{"floor":15,"key":"REST"},{"floor":23,"key":"REST"}],"circlet_count":0,"master_deck":["Strike_R","Strike_R","Strike_R","Defend_R","Defend_R","Defend_R","Defend_R","Bash+1","Cleave+1","Sword Boomerang+1","Demon Form+1","Feel No Pain","Rupture","Heavy Blade","Feel No Pain+1","Hemokinesis"],"relics":["Burning Blood","Bird Faced Urn","Anchor","Kunai","Oddly Smooth Stone","Empty Cage"],"acts_visited":["Exordium","TheCity"],"potions_floor_usage":[16,18,19,24],"damage_taken":[{"damage":6,"enemies":"Cultist","floor":1,"turns":3},{"damage":0,"enemies":"Jaw Worm","floor":4,"turns":3},{"damage":0,"enemies":"Small Slimes","floor":5,"turns":2},{"damage":0,"enemies":"3 Louse","floor":7,"turns":2},{"damage":4,"enemies":"Red Slaver","floor":11,"turns":2},{"damage":25,"enemies":"3 Sentries","floor":12,"turns":5},{"damage":20,"enemies":"Looter","floor":13,"turns":4},{"damage":7,"enemies":"Blue Slaver","floor":14,"turns":3},{"damage":35,"enemies":"Slime Boss","floor":16,"turns":7},{"damage":22,"enemies":"2 Thieves","floor":18,"turns":4},{"damage":4,"enemies":"Shell Parasite","floor":19,"turns":4},{"damage":34,"enemies":"Snake Plant","floor":22,"turns":4},{"damage":88,"enemies":"Gremlin Leader","floor":24,"turns":4}],"seed_played":"-8331687496280896557","potions_obtained":[{"floor":1,"key":"BlessingOfTheForge"},{"floor":4,"key":"LiquidMemories"},{"floor":12,"key":"BlessingOfTheForge"},{"floor":16,"key":"AttackPotion"},{"floor":18,"key":"DistilledChaos"}],"is_trial":false,"path_per_floor":["M","T","?","M","M","R","M","R","T","R","M","E","M","M","R","B",null,"M","M","?","?","M","R","E"],"character_chosen":"IRONCLAD","items_purchased":[],"campfire_rested":2,"item_purchase_floors":[],"current_hp_per_floor":[80,80,80,80,80,80,80,80,80,80,80,61,49,50,74,51,80,66,70,70,70,46,70,0,0],"gold":244,"neow_bonus":"ONE_RARE_RELIC","is_daily":false,"chose_seed":false,"campfire_upgraded":3,"win_rate":0.0,"timestamp":1611832600,"path_taken":["M","?","?","M","M","R","?","R","T","R","M","E","M","M","R","BOSS","M","M","?","?","M","R","E"],"items_purchased_type":[],"build_version":"2020-12-22","purchased_purges":0,"victory":false,"max_hp_per_floor":[80,80,80,80,80,80,80,80,80,80,80,80,80,80,80,80,80,80,80,80,80,80,80,80,80],"card_choices":[{"not_picked":["Shockwave","Clash"],"picked":"Cleave","floor":1},{"not_picked":["True Grit","Thunderclap"],"picked":"Sword Boomerang","floor":4},{"not_picked":["Clash","Rupture"],"picked":"Demon Form","floor":5},{"not_picked":["Clash","Shrug It Off"],"picked":"Feel No Pain","floor":7},{"not_picked":["Twin Strike","Anger","Sentinel"],"picked":"SKIP","floor":11},{"not_picked":["Fire Breathing","Perfected Strike"],"picked":"Rupture","floor":12},{"not_picked":["Wild Strike","Sword Boomerang","Body Slam"],"picked":"SKIP","floor":13},{"not_picked":["Cleave","True Grit"],"picked":"Heavy Blade","floor":14},{"not_picked":["Body Slam+1","Twin Strike"],"picked":"Feel No Pain+1","floor":18},{"not_picked":["Twin Strike","Thunderclap","Flex"],"picked":"SKIP","floor":19},{"not_picked":["Clash","Reckless Charge","Iron Wave"],"picked":"SKIP","floor":22}],"player_experience":415109,"relics_obtained":[{"floor":2,"key":"Anchor"},{"floor":9,"key":"Kunai"},{"floor":12,"key":"Oddly Smooth Stone"}],"event_choices":[{"damage_healed":0,"gold_gain":0,"player_choice":"Upgraded","damage_taken":0,"max_hp_gain":0,"max_hp_loss":0,"event_name":"Upgrade Shrine","floor":3,"gold_loss":0,"cards_upgraded":["Cleave"]},{"damage_healed":0,"gold_gain":0,"player_choice":"Read","damage_taken":0,"max_hp_gain":0,"max_hp_loss":0,"event_name":"The Library","floor":20,"gold_loss":0,"cards_obtained":["Hemokinesis"]},{"damage_healed":0,"gold_gain":0,"player_choice":"Ignored","damage_taken":0,"max_hp_gain":0,"max_hp_loss":0,"event_name":"Ghosts","floor":21,"gold_loss":0}],"is_beta":false,"boss_relics":[{"not_picked":["Philosopher\u0027s Stone","Velvet Choker"],"picked":"Empty Cage"}],"items_purged_floors":[],"is_endless":false,"potions_floor_spawned":[1,4,12,14,16,18],"killed_by":"Gremlin Leader","ascension_level":3}}