{"host":"rkezzvf6da7mjjsm","time":1611863792,"event":{"mods":["BaseMod","Colored Map","Downfall","Minty Spire (QoL Compilation)","StSLib"],"gold_per_floor":[99,99,117,132,142,142,168,168,193,221,221,236,236,270,289,386,386,286,286,286,286],"floor_reached":19,"language":"ENG","playtime":913,"items_purged":[],"score":200,"play_id":"5d859461-2bf4-4275-9516-99cda95995a6","local_time":"20210129065632","is_ascension_mode":false,"campfire_choices":[{"data":"sneckomod:Unknown","floor":1.0,"key":"SMITH"},{"data":"sneckomod:SnekBite","floor":6.0,"key":"SMITH"},{"floor":13.0,"key":"RECALL"},{"data":"sneckomod:SerpentMind","floor":18.0,"key":"SMITH"}],"circlet_count":0,"master_deck":["sneckomod:Strike","sneckomod:Strike","sneckomod:Defend","sneckomod:Defend","sneckomod:Defend","sneckomod:TailWhip","sneckomod:SnekBite+1","sneckomod:Unknown+1","sneckomod:Unknown","sneckomod:Rotation","sneckomod:Unknown1Cost","sneckomod:RainOfDice","sneckomod:UnknownRareSkill","sneckomod:ImprovisedGuard","sneckomod:Unknown1Cost","sneckomod:UnknownCommonAttack","sneckomod:QuickBite","sneckomod:SerpentMind+1","sneckomod:UnknownClassTHE_BRONZE_AUTOMATON","sneckomod:UnknownClassTHE_BRONZE_AUTOMATON","sneckomod:UnknownClassTHE_BRONZE_AUTOMATON","sneckomod:UnknownClassTHE_BRONZE_AUTOMATON","sneckomod:UnknownClassTHE_BRONZE_AUTOMATON"],"relics":["Busted Crown","Bag of Marbles","Pantograph","Odd Mushroom","Unceasing Top","sneckomod:SneckoBoss","downfall:HeartBlessingRed"],"acts_visited":["Exordium","TheCity"],"potions_floor_usage":[],"damage_taken":[{"damage":0.0,"enemies":"Small Slimes","floor":3.0,"turns":3.0},{"damage":0.0,"enemies":"Cultist","floor":4.0,"turns":3.0},{"damage":2.0,"enemies":"2 Louse","floor":5.0,"turns":2.0},{"damage":13.0,"enemies":"Lagavulin","floor":9.0,"turns":6.0},{"damage":5.0,"enemies":"The Mushroom Lair","floor":10.0,"turns":4.0},{"damage":2.0,"enemies":"Large Slime","floor":12.0,"turns":5.0},{"damage":19.0,"enemies":"Gremlin Nob","floor":14.0,"turns":4.0},{"damage":3.0,"enemies":"3 Louse","floor":15.0,"turns":4.0},{"damage":40.0,"enemies":"DF_ARCHETYPE_STREAMLINE","floor":16.0,"turns":7.0},{"damage":0,"enemies":"Shell Parasite","floor":19,"turns":1}],"seed_played":"-6050849353787319007","potions_obtained":[{"floor":2.0,"key":"LiquidBronze"},{"floor":2.0,"key":"DuplicationPotion"},{"floor":2.0,"key":"Dexterity Potion"},{"floor":3.0,"key":"AttackPotion"},{"floor":10.0,"key":"sneckomod:DiceRollPotion"},{"floor":12.0,"key":"EntropicBrew"}],"is_trial":false,"path_per_floor":["R","?","M","M","M","R","T","?","E","?","?","M","R","E","M","B",null,"R","M"],"character_chosen":"THE_SNECKO","items_purchased":[],"campfire_rested":0,"item_purchase_floors":[],"current_hp_per_floor":[90,90,90,90,88,88,88,88,75,70,75,73,73,54,51,43,95,95,95,95,95],"gold":286,"neow_bonus":"BOSS_RELIC","is_daily":false,"chose_seed":false,"campfire_upgraded":3,"win_rate":0.0,"timestamp":1611863792,"path_taken":["R","?","?","M","M","R","T","?","E","?","?","M","R","E","M","BOSS","R","M"],"items_purchased_type":[],"build_version":"2020-12-22","purchased_purges":0,"victory":false,"max_hp_per_floor":[90,90,90,90,90,90,90,90,90,90,95,95,95,95,95,95,95,95,95,95,95],"card_choices":[{"not_picked":[],"picked":"sneckomod:Rotation","floor":3.0},{"not_picked":[],"picked":"sneckomod:Unknown1Cost","floor":4.0},{"not_picked":[],"picked":"sneckomod:RainOfDice","floor":5.0},{"not_picked":[],"picked":"sneckomod:UnknownRareSkill","floor":9.0},{"not_picked":[],"picked":"sneckomod:ImprovisedGuard","floor":10.0},{"not_picked":[],"picked":"sneckomod:Unknown1Cost","floor":12.0},{"not_picked":[],"picked":"sneckomod:UnknownCommonAttack","floor":14.0},{"not_picked":[],"picked":"sneckomod:QuickBite","floor":15.0},{"not_picked":[],"picked":"sneckomod:SerpentMind","floor":16.0}],"player_experience":667522,"relics_obtained":[{"floor":7.0,"key":"Bag of Marbles"},{"floor":9.0,"key":"Pantograph"},{"floor":10.0,"key":"Odd Mushroom"},{"floor":14.0,"key":"Unceasing Top"}],"event_choices":[{"damage_healed":0.0,"max_hp_gain":0.0,"max_hp_loss":0.0,"gold_gain":0.0,"event_name":"Lab","player_choice":"Got Potions","floor":2.0,"gold_loss":0.0,"damage_taken":0.0},{"damage_healed":0.0,"max_hp_gain":0.0,"max_hp_loss":0.0,"gold_gain":0.0,"event_name":"Mushrooms","player_choice":"Fought Mushrooms","floor":10.0,"gold_loss":0.0,"damage_taken":0.0},{"damage_healed":0.0,"max_hp_gain":5.0,"max_hp_loss":0.0,"gold_gain":0.0,"event_name":"Big Fish","player_choice":"Donut","floor":11.0,"gold_loss":0.0,"damage_taken":0.0}],"is_beta":false,"boss_relics":[{"not_picked":["Runic Dome","Velvet Choker"],"picked":"sneckomod:SneckoBoss"}],"items_purged_floors":[],"is_endless":false,"potions_floor_spawned":[3,10,12,14],"killed_by":"Shell Parasite","ascension_level":0}}