{"host":"b4vwm7jq6jdk6nca","time":1611839397,"event":{"mods":["Act Like it!","Ascension Reborn","BaseMod","Hallownest","Minty Spire (QoL Compilation)","Pale of the Ancients","Quick Restart","Relic Filter Mod","Reliquary","Spicy Shops","StSLib","TestMod","Wide Potions","[IsaacMod]ÒÔÈö¼âËþ"],"gold_per_floor":[117,117,117,117,131,143,68,68,68],"floor_reached":8,"language":"ZHS","playtime":295,"items_purged":[],"score":92,"play_id":"2184983e-7c34-4167-ae9d-1b321447dd97","local_time":"20210128210957","is_ascension_mode":true,"campfire_choices":[],"circlet_count":0,"master_deck":["AscendersBane","Strike_P","Strike_P","Strike_P","Strike_P","Defend_P","Defend_P","Defend_P","Defend_P","Eruption","Vigilance","Ragnarok","Hallownest:curseDreamersLament","FlyingSleeves","Halt","Hallownest:skillGreenpathMap"],"relics":["testmod-TestBox","HushsDoor","testmod-StringDisintegrator","Damocles","testmod-BatchProcessingSystem","FossilizedHelix","Hallownest:TeacherSealRelic","Calipers","Smiling Mask","Letter Opener"],"acts_visited":["Exordium"],"potions_floor_usage":[],"damage_taken":[{"damage":4.0,"enemies":"Hallownest:monsterHuskGuard","floor":1.0,"turns":5.0},{"damage":0.0,"enemies":"2_ Uuma","floor":5.0,"turns":4.0},{"damage":1.0,"enemies":"Hallownest:2_Baldur","floor":6.0,"turns":3.0},{"damage":1,"enemies":"Hallownest:eliteCrystalGuardian","floor":8,"turns":4}],"seed_played":"8552942539426916164","potions_obtained":[],"is_trial":false,"path_per_floor":["M","?","?","T","M","M","?","E"],"character_chosen":"WATCHER","items_purchased":[],"campfire_rested":0,"item_purchase_floors":[],"current_hp_per_floor":[57,57,57,57,57,56,56,55,55],"gold":68,"neow_bonus":"BOSS_RELIC","is_daily":false,"chose_seed":false,"campfire_upgraded":0,"win_rate":0.0,"timestamp":1611839397,"path_taken":["M","?","?","?","M","M","?","E"],"items_purchased_type":[],"build_version":"2020-12-22","purchased_purges":0,"victory":false,"max_hp_per_floor":[68,68,68,68,68,68,68,68,68],"card_choices":[{"not_picked":["Perseverance","ThirdEye"],"picked":"Ragnarok","floor":1.0},{"not_picked":["Fasting2","Evaluate"],"picked":"FlyingSleeves","floor":5.0},{"not_picked":["BowlingBash","WindmillStrike"],"picked":"Halt","floor":6.0}],"player_experience":315934,"relics_obtained":[{"floor":1.0,"key":"FossilizedHelix"},{"floor":4.0,"key":"Calipers"},{"floor":5.0,"key":"Smiling Mask"},{"floor":6.0,"key":"Letter Opener"}],"event_choices":[],"is_beta":false,"boss_relics":[],"items_purged_floors":[],"is_endless":false,"potions_floor_spawned":[],"killed_by":"Hallownest:eliteCrystalGuardian","ascension_level":20}}