{"host":"0ueeacaatm8t6jyh","time":1611852914,"event":{"mods":["AchievementEnabler","BaseMod","Colored Powertips","Minty Spire (QoL Compilation)","Quick Restart","Rare Cards Sparkle","Shop Mod","StSLib"],"gold_per_floor":[110,110,110,110,120,120,120,150,161,188,227,254,294,318,330,342,354,366,366],"floor_reached":18,"language":"ZHS","playtime":361,"items_purged":[],"score":290,"play_id":"fff3fc3e-28e7-43dc-a9f6-a216e4f0f361","local_time":"20210129005514","is_ascension_mode":true,"campfire_choices":[{"floor":7.0,"key":"REST"},{"data":"Whirlwind","floor":15.0,"key":"SMITH"},{"floor":17.0,"key":"REST"}],"circlet_count":0,"master_deck":["AscendersBane","Strike_R","Strike_R","Strike_R","Strike_R","Strike_R","Defend_R","Defend_R","Defend_R","Bash","Shrug It Off","Whirlwind+1","Feel No Pain","Burning Pact","Dark Embrace","Evolve"],"relics":["Burning Blood","NeowsBlessing","Dream Catcher","Meat on the Bone","Bronze Scales","MawBank","Anchor","Smiling Mask","Golden Idol"],"acts_visited":["Exordium"],"potions_floor_usage":[],"damage_taken":[{"damage":0.0,"enemies":"Jaw Worm","floor":1.0,"turns":1.0},{"damage":0.0,"enemies":"2 Louse","floor":5.0,"turns":1.0},{"damage":0.0,"enemies":"3 Sentries","floor":8.0,"turns":1.0},{"damage":6.0,"enemies":"Cultist","floor":9.0,"turns":3.0},{"damage":0.0,"enemies":"3 Louse","floor":12.0,"turns":1.0},{"damage":13.0,"enemies":"Gremlin Nob","floor":13.0,"turns":3.0},{"damage":14.0,"enemies":"Lots of Slimes","floor":14.0,"turns":3.0},{"damage":57,"enemies":"Hexaghost","floor":18,"turns":8}],"seed_played":"-592034599175168508","potions_obtained":[{"floor":1.0,"key":"SteroidPotion"},{"floor":8.0,"key":"DistilledChaos"},{"floor":14.0,"key":"Explosive Potion"}],"is_trial":false,"path_per_floor":["M","$","?","?","M","?","R","E","M","T","T","M","E","M","R","?","R","B"],"character_chosen":"IRONCLAD","items_purchased":[],"campfire_rested":2,"item_purchase_floors":[],"current_hp_per_floor":[74,74,63,63,69,69,75,75,75,75,75,75,68,60,60,34,56,0,0],"gold":366,"neow_bonus":"THREE_ENEMY_KILL","is_daily":false,"chose_seed":false,"campfire_upgraded":1,"win_rate":0.0,"timestamp":1611852914,"path_taken":["M","$","?","?","?","?","R","E","?","T","T","M","E","M","R","?","R","BOSS"],"items_purchased_type":[],"build_version":"2020-12-22","purchased_purges":0,"victory":false,"max_hp_per_floor":[75,75,75,75,75,75,75,75,75,75,75,75,75,75,75,75,75,75,75],"card_choices":[{"not_picked":["Uppercut","Clothesline"],"picked":"Shrug It Off","floor":1.0},{"not_picked":["Flex","Clothesline","Perfected Strike"],"picked":"SKIP","floor":5.0},{"not_picked":["Thunderclap","Combust"],"picked":"Whirlwind","floor":7.0},{"not_picked":["Ghostly Armor","Iron Wave","Headbutt"],"picked":"SKIP","floor":8.0},{"not_picked":["Clothesline","Spot Weakness"],"picked":"Feel No Pain","floor":9.0},{"not_picked":["Anger","Seeing Red"],"picked":"Burning Pact","floor":12.0},{"not_picked":["Double Tap","Clash"],"picked":"Dark Embrace","floor":13.0},{"not_picked":["Carnage","Whirlwind","Twin Strike"],"picked":"SKIP","floor":14.0},{"not_picked":["Twin Strike","Armaments"],"picked":"Evolve","floor":17.0}],"player_experience":482984,"relics_obtained":[{"floor":8.0,"key":"Bronze Scales"},{"floor":10.0,"key":"MawBank"},{"floor":11.0,"key":"Anchor"},{"floor":13.0,"key":"Smiling Mask"}],"event_choices":[{"damage_healed":0.0,"max_hp_gain":0.0,"max_hp_loss":0.0,"gold_gain":0.0,"event_name":"Scrap Ooze","player_choice":"Success","floor":3.0,"gold_loss":0.0,"damage_taken":11.0,"relics_obtained":["Dream Catcher"]},{"cards_removed":["Defend_R"],"damage_healed":0.0,"max_hp_gain":0.0,"max_hp_loss":0.0,"gold_gain":0.0,"event_name":"Bonfire Elementals","player_choice":"Offered Basic","floor":4.0,"gold_loss":0.0,"damage_taken":0.0},{"damage_healed":0.0,"max_hp_gain":0.0,"max_hp_loss":0.0,"gold_gain":0.0,"event_name":"WeMeetAgain","player_choice":"Gave Potion","floor":6.0,"gold_loss":0.0,"damage_taken":0.0,"relics_obtained":["Meat on the Bone"]},{"damage_healed":0.0,"max_hp_gain":0.0,"max_hp_loss":0.0,"gold_gain":0.0,"event_name":"Golden Idol","player_choice":"Take Damage","floor":16.0,"gold_loss":0.0,"damage_taken":26.0,"relics_obtained":["Golden Idol"]}],"is_beta":false,"boss_relics":[],"items_purged_floors":[],"is_endless":false,"potions_floor_spawned":[1,8,14],"killed_by":"Hexaghost","ascension_level":20}}