{"host":"g8iwl4xt8d9tko0g","time":1611819406,"event":{"mods":["AchievementEnabler","Bartender","BaseMod","Better Match","Better Sensory Stone","Better Skull","Block Reminder","Colored Map","Colored Powertips","Downfall","Energized Spire","Evolution","Googly Eyes","Halation","Highlight Path","Hubris","LagranYue(???·?)","Luminous","Magitek Elite","Marisa????????","Melee Mod","Minty Spire (QoL Compilation)","Reliquary","Replay The Spire","Shop Mod","Spire Arcade","StSLib","SuperFastMode","The Alterego","The Animator","The Bladedancer","The Marked","The Mystic","The Servant 0.9.4","The Wild Card","Transform Curses","Uncapped","everything is the same but u backflip on backflip"],"gold_per_floor":[112,112,112,112,122,166,166,180,180,195,195,160,235,251,251,348,398,323,323,323,337,337,337,337,114,114,130,159,177,177,177],"floor_reached":30,"language":"ENG","playtime":1399,"items_purged":[],"score":271,"play_id":"bab1e5b2-dbef-44e0-9e79-9023da75d556","local_time":"20210127233646","is_ascension_mode":false,"campfire_choices":[{"data":"animator:Hans","floor":7,"key":"SMITH"},{"floor":11,"key":"RECALL"},{"floor":15,"key":"REST"},{"floor":23,"key":"REST"}],"circlet_count":0,"master_deck":["animator:Strike_Konosuba","animator:Defend_Konosuba","animator:Strike","animator:Strike","animator:Strike","animator:Defend","animator:Defend+1","animator:Defend","animator:Kazuma+1","animator:Aqua","animator:Hans+1","animator:Mitsurugi","animator:RinTohsaka","animator:Assassin","animator:Caster+1","animator:Alexander","animator:Mitsurugi","animator:Archer","animator:EmiyaShirou+1"],"relics":["animator:LivingPicture","animator:TheMissingPiece","EVO:Axolotl","LagranYue:RandomDrawCardRelic","NeowsBlessing","Potion Belt","Turnip","Tiny House","Mummified Hand","halation:EternalFortune","Genji_Glove","CloakClasp"],"acts_visited":["Exordium","TheCity"],"potions_floor_usage":[17,18],"damage_taken":[{"damage":0,"enemies":"Jaw Worm","floor":1,"turns":1},{"damage":0,"enemies":"Small Slimes","floor":5,"turns":1},{"damage":0,"enemies":"Lagavulin","floor":6,"turns":1},{"damage":0,"enemies":"2 Louse","floor":8,"turns":3},{"damage":17,"enemies":"2 Fungi Beasts","floor":10,"turns":6},{"damage":21,"enemies":"Exordium Wildlife","floor":14,"turns":5},{"damage":46,"enemies":"Hexaghost","floor":16,"turns":14},{"damage":26,"enemies":"2 Thieves","floor":18,"turns":5},{"damage":21,"enemies":"3 Byrds","floor":21,"turns":5},{"damage":6,"enemies":"3 Cultists","floor":27,"turns":4},{"damage":11,"enemies":"animator:HornedBat","floor":28,"turns":14},{"damage":34,"enemies":"Shelled Parasite and Fungi","floor":29,"turns":8},{"damage":18,"enemies":"Snake Plant","floor":30,"turns":4}],"seed_played":"3442839883283359271","potions_obtained":[{"floor":5,"key":"FearPotion"},{"floor":8,"key":"Doom Potion"},{"floor":16,"key":"Swift Potion"},{"floor":17,"key":"Fruit Juice"},{"floor":29,"key":"SteroidPotion"}],"is_trial":false,"path_per_floor":["M","?","?","?","M","E","R","M","T","M","R","?","?","M","R_BF","B",null,"M","?","T","M","?","R","?","$","T","M","E","M","M"],"character_chosen":"THE_ANIMATOR","items_purchased":["animator:Archer","Genji_Glove"],"campfire_rested":2,"item_purchase_floors":[25,25],"current_hp_per_floor":[66,66,66,66,66,66,66,67,67,52,52,67,56,37,57,13,77,53,53,53,34,37,61,61,61,61,57,48,16,0,0],"gold":177,"neow_bonus":"THREE_ENEMY_KILL","is_daily":false,"chose_seed":false,"campfire_upgraded":1,"win_rate":0.0,"timestamp":1611819406,"path_taken":["M","?","?","?","M","E","R","?","T","M","R","?","?","M","R_BF","BOSS","M","?","?","M","?","R","?","$","T","M","E","M","M"],"items_purchased_type":["Card","Relic"],"build_version":"2020-12-22","purchased_purges":0,"victory":false,"max_hp_per_floor":[66,66,66,66,66,66,66,67,67,67,67,67,67,67,67,67,77,77,77,77,77,80,80,80,80,80,80,80,80,80,80],"card_choices":[{"not_picked":["animator:Ciel","animator:RoyMustang","animator:OrikoMikuni"],"picked":"SKIP","floor":1},{"not_picked":["animator:Sloth","animator:Chung","animator:Tatsumaki"],"picked":"SKIP","floor":5},{"not_picked":["animator:DolaRiku","animator:Genos"],"picked":"animator:Hans","floor":6},{"not_picked":["animator:Verdia","animator:Vanir"],"picked":"animator:Mitsurugi","floor":8},{"not_picked":["animator:Chris","animator:Scar"],"picked":"animator:RinTohsaka","floor":10},{"not_picked":["animator:ChlammyZell","animator:SayakaMiki","animator:Tet"],"picked":"SKIP","floor":14},{"not_picked":["animator:RoyMustang","animator:Berserker"],"picked":"animator:Assassin","floor":17},{"not_picked":["animator:Sonic","animator:Pride"],"picked":"animator:Caster","floor":18},{"not_picked":["animator:RinTohsaka","animator:Berserker"],"picked":"animator:Alexander","floor":21},{"not_picked":["animator:DolaStephanie","animator:DolaRiku","animator:DolaCouronne+1"],"picked":"SKIP","floor":27},{"not_picked":["animator:DolaRiku","animator:Melzalgald"],"picked":"animator:EmiyaShirou+1","floor":28},{"not_picked":["animator:SuzuneAmano","animator:Caster","animator:Scar"],"picked":"SKIP","floor":29}],"player_experience":197923,"relics_obtained":[{"floor":6,"key":"Potion Belt"},{"floor":9,"key":"Turnip"},{"floor":20,"key":"Mummified Hand"},{"floor":28,"key":"CloakClasp"}],"event_choices":[{"damage_healed":0,"gold_gain":0,"player_choice":"Ignored","damage_taken":0,"max_hp_gain":0,"max_hp_loss":0,"event_name":"Golden Wing","floor":2,"gold_loss":0},{"damage_healed":0,"gold_gain":0,"player_choice":"Ignored","damage_taken":0,"max_hp_gain":0,"max_hp_loss":0,"event_name":"Liars Game","floor":3,"gold_loss":0},{"damage_healed":0,"gold_gain":0,"player_choice":"Grow","damage_taken":0,"max_hp_gain":0,"max_hp_loss":0,"event_name":"Living Wall","floor":4,"gold_loss":0,"cards_upgraded":["animator:Kazuma"]},{"damage_healed":16,"gold_gain":0,"player_choice":"Healed","damage_taken":0,"max_hp_gain":0,"max_hp_loss":0,"event_name":"The Cleric","floor":12,"gold_loss":35},{"damage_healed":0,"gold_gain":75,"player_choice":"Gather Gold","damage_taken":11,"max_hp_gain":0,"max_hp_loss":0,"event_name":"World of Goop","floor":13,"gold_loss":0},{"damage_healed":0,"gold_gain":0,"player_choice":"Copied","damage_taken":0,"max_hp_gain":0,"max_hp_loss":0,"event_name":"Duplicator","floor":24,"gold_loss":0,"cards_obtained":["animator:Mitsurugi"]}],"is_beta":false,"boss_relics":[{"not_picked":["LagranYue:ContractPerformanceRelic","energizedSpire:StickyHand"],"picked":"Tiny House"}],"items_purged_floors":[],"is_endless":false,"potions_floor_spawned":[5,8,16,29],"killed_by":"Snake Plant","ascension_level":0}}