{"host":"aj7el8l5kufbk20z","time":1611827061,"event":{"mods":["AchievementEnabler","BaseMod","Colored Map","Colored Powertips","Curses Come First","Highlight Path","Minty Spire (QoL Compilation)","Permanent Neow","Poor People Problems","Quick Restart","Rare Cards Sparkle","Relic Stats","StSLib","SuperFastMode","Waifu the Spire"],"gold_per_floor":[119,239,239,182,107,136,136,162,162,162,191,204,204,215,215,293,343,360,360,371,541,553,583,603,619,619,653,653,673,698,798,798,875,875,887,199,199,199,199,226,226,271,271,289,314,326,138,156,156,156],"floor_reached":51,"language":"ZHS","playtime":3195,"items_purged":["Strike_G","Strike_G","Writhe","Defend_G","Strike_G+1","Defend_G"],"score":1709,"play_id":"c3c9768a-7fc4-4bbc-9c55-cb5e67cd4b31","local_time":"20210128174421","is_ascension_mode":true,"campfire_choices":[{"data":"After Image","floor":7.0,"key":"SMITH"},{"data":"Noxious Fumes","floor":10.0,"key":"SMITH"},{"data":"Footwork","floor":13.0,"key":"SMITH"},{"data":"Well Laid Plans","floor":15.0,"key":"SMITH"},{"data":"Footwork","floor":32,"key":"SMITH"},{"data":"Cloak And Dagger","floor":41,"key":"SMITH"},{"data":"Cloak And Dagger","floor":49,"key":"SMITH"}],"circlet_count":0,"master_deck":["AscendersBane","Strike_G+1","Defend_G+1","Defend_G","Defend_G","Survivor","Blade Dance+1","Infinite Blades","Noxious Fumes+1","Blade Dance","After Image+1","Prepared","Footwork+1","Well Laid Plans+1","PiercingWail","Infinite Blades","Cloak And Dagger+1","Panache","Footwork+1","Crippling Poison","Acrobatics+1","Backflip","Cloak And Dagger+1","Necronomicurse","Accuracy","Cloak And Dagger+1","Noxious Fumes","Envenom","Cloak And Dagger+1","Blind","Envenom","PiercingWail+1","Escape Plan","Terror","Deadly Poison","Infinite Blades","After Image"],"relics":["Black Star","Sling","Lantern","PreservedInsect","Toy Ornithopter","Anchor","Mummified Hand","Potion Belt","Strawberry","Whetstone","FossilizedHelix","Tiny House","Art of War","MealTicket","Bottled Lightning","Boot","Juzu Bracelet","Prayer Wheel","TungstenRod","Bird Faced Urn","Necronomicon","Vajra","Akabeko","Du-Vu Doll","StrikeDummy","WristBlade","Molten Egg 2","Bottled Tornado","Orichalcum","White Beast Statue","Question Card","Shuriken","Omamori","Darkstone Periapt","Meat on the Bone"],"acts_visited":["Exordium","TheCity","TheBeyond"],"potions_floor_usage":[],"damage_taken":[{"damage":7.0,"enemies":"Small Slimes","floor":1.0,"turns":4.0},{"damage":0.0,"enemies":"Lagavulin","floor":6.0,"turns":3.0},{"damage":3.0,"enemies":"3 Sentries","floor":8.0,"turns":5.0},{"damage":8.0,"enemies":"Gremlin Nob","floor":11.0,"turns":3.0},{"damage":0.0,"enemies":"Jaw Worm","floor":12.0,"turns":3.0},{"damage":0.0,"enemies":"2 Louse","floor":14.0,"turns":3.0},{"damage":12.0,"enemies":"Hexaghost","floor":16.0,"turns":10.0},{"damage":0.0,"enemies":"Chosen","floor":18.0,"turns":7.0},{"damage":0,"enemies":"3 Byrds","floor":20,"turns":6},{"damage":36,"enemies":"3 Cultists","floor":22,"turns":5},{"damage":71,"enemies":"Gremlin Leader","floor":23,"turns":5},{"damage":2,"enemies":"Sentry and Sphere","floor":24,"turns":6},{"damage":6,"enemies":"Snake Plant","floor":25,"turns":5},{"damage":0,"enemies":"Slavers","floor":27,"turns":4},{"damage":0,"enemies":"Shelled Parasite and Fungi","floor":29,"turns":5},{"damage":0,"enemies":"Book of Stabbing","floor":30,"turns":4},{"damage":0,"enemies":"Colosseum Slavers","floor":31,"turns":2},{"damage":0,"enemies":"Colosseum Nobs","floor":31,"turns":5},{"damage":21,"enemies":"Automaton","floor":33,"turns":9},{"damage":0,"enemies":"3 Darklings","floor":35,"turns":5},{"damage":0,"enemies":"Giant Head","floor":40,"turns":5},{"damage":0,"enemies":"Orb Walker","floor":44,"turns":2},{"damage":0,"enemies":"Reptomancer","floor":45,"turns":4},{"damage":8,"enemies":"4 Shapes","floor":46,"turns":3},{"damage":0,"enemies":"3 Darklings","floor":48,"turns":3},{"damage":41,"enemies":"Time Eater","floor":50,"turns":10}],"seed_played":"-2887671068101063424","potions_obtained":[{"floor":1.0,"key":"SkillPotion"},{"floor":8.0,"key":"Regen Potion"},{"floor":14.0,"key":"ColorlessPotion"},{"floor":17.0,"key":"SmokeBomb"},{"floor":45,"key":"AttackPotion"}],"is_trial":false,"path_per_floor":["M","$","?","$","?","E","R","E","T","R","E","M","R","M","R","B",null,"M","?","M","$","M","E","M","M","T","E","?","M","E","?","R","B",null,"M","$","?","?","?","E","R","$","T","M","E","M","$","M","R","B",null],"character_chosen":"THE_SILENT","items_purchased":["Infinite Blades","Sling","Lantern","PreservedInsect","Noxious Fumes","Blade Dance","Panache","MealTicket","Bottled Lightning","Footwork","Molten Egg 2","Bottled Tornado","Question Card","Infinite Blades","Meat on the Bone"],"campfire_rested":0,"item_purchase_floors":[2,2,2,4,4,4,21,21,21,21,36,36,42,47,47],"current_hp_per_floor":[52,52,32,32,32,32,32,66,73,73,65,65,65,65,65,53,73,73,73,73,73,98,78,76,70,70,70,53,69,78,78,78,68,76,78,78,78,78,78,78,78,78,78,78,78,78,78,78,78,57],"gold":156,"neow_bonus":"BOSS_RELIC","is_daily":false,"chose_seed":false,"campfire_upgraded":7,"win_rate":0.0,"timestamp":1611827061,"path_taken":["M","$","?","$","?","E","R","E","T","R","E","M","R","M","R","BOSS","M","?","M","$","M","E","M","M","T","E","?","M","E","?","R","BOSS","M","$","?","?","?","E","R","$","T","M","E","M","$","M","R","BOSS"],"items_purchased_type":["Card","Relic","Relic","Relic","Card","Card","Card","Relic","Relic","Card","Relic","Relic","Relic","Card","Relic"],"build_version":"2020-12-22","purchased_purges":6,"victory":true,"max_hp_per_floor":[66,66,66,66,66,66,66,66,73,73,73,73,73,73,73,73,78,78,78,78,78,78,78,78,78,78,78,78,78,78,78,78,78,78,78,78,78,78,78,78,78,78,78,78,78,78,78,78,78,78],"relic_stats":{"Darkstone Periapt":0,"counters":[26,126],"PreservedInsect":443,"Juzu Bracelet":1,"Whetstone":["Strike_G","Neutralize"],"Orichalcum":[0],"Boot":[50],"Question Card":7,"Mummified Hand":[160],"Shuriken":[12],"Bird Faced Urn":[66],"MealTicket":0,"Prayer Wheel":5,"Black Star":8,"Art of War":[5],"Necronomicon":[0],"obtain_stats":[{"Darkstone Periapt":45,"Lantern":2,"Tiny House":17,"Vajra":30,"Juzu Bracelet":23,"Whetstone":11,"Bottled Tornado":36,"Sling":2,"Boot":23,"WristBlade":34,"Mummified Hand":8,"Strawberry":9,"MealTicket":21,"Prayer Wheel":26,"Necronomicon":28,"Ring of the Snake":0,"Potion Belt":8,"PreservedInsect":4,"Omamori":45,"Orichalcum":40,"Question Card":42,"Akabeko":30,"White Beast Statue":40,"Du-Vu Doll":31,"Anchor":6,"Shuriken":43,"Bird Faced Urn":27,"Molten Egg 2":36,"Black Star":0,"Art of War":19,"Bottled Lightning":21,"StrikeDummy":31,"Toy Ornithopter":6,"FossilizedHelix":11,"TungstenRod":27,"Meat on the Bone":47},{"Darkstone Periapt":23,"Lantern":1,"Tiny House":7,"Vajra":16,"Juzu Bracelet":11,"Whetstone":4,"Bottled Tornado":20,"Sling":1,"Boot":11,"WristBlade":19,"Mummified Hand":3,"Strawberry":3,"MealTicket":9,"Prayer Wheel":13,"Necronomicon":14,"Ring of the Snake":0,"Potion Belt":3,"PreservedInsect":1,"Omamori":23,"Orichalcum":21,"Question Card":21,"Akabeko":16,"White Beast Statue":21,"Du-Vu Doll":18,"Anchor":2,"Shuriken":21,"Bird Faced Urn":14,"Molten Egg 2":20,"Black Star":0,"Art of War":8,"Bottled Lightning":9,"StrikeDummy":18,"Toy Ornithopter":2,"FossilizedHelix":4,"TungstenRod":14,"Meat on the Bone":24},{"Darkstone Periapt":110,"Lantern":4,"Tiny House":31,"Vajra":78,"Juzu Bracelet":54,"Whetstone":15,"Bottled Tornado":99,"Sling":4,"Boot":54,"WristBlade":94,"Mummified Hand":12,"Strawberry":12,"MealTicket":44,"Prayer Wheel":65,"Necronomicon":69,"Ring of the Snake":0,"Potion Belt":12,"PreservedInsect":4,"Omamori":110,"Orichalcum":104,"Question Card":104,"Akabeko":78,"White Beast Statue":104,"Du-Vu Doll":85,"Anchor":7,"Shuriken":104,"Bird Faced Urn":69,"Molten Egg 2":99,"Black Star":0,"Art of War":38,"Bottled Lightning":44,"StrikeDummy":85,"Toy Ornithopter":7,"FossilizedHelix":15,"TungstenRod":69,"Meat on the Bone":113}],"Toy Ornithopter":0,"TungstenRod":16,"Meat on the Bone":0},"card_choices":[{"not_picked":["Flechettes","PiercingWail"],"picked":"Blade Dance","floor":1.0},{"not_picked":["Eviscerate","Slice"],"picked":"After Image","floor":6.0},{"not_picked":["Dagger Throw","Dagger Spray"],"picked":"Prepared","floor":8.0},{"not_picked":["Tools of the Trade","Underhanded Strike"],"picked":"Footwork","floor":11.0},{"not_picked":["Reflex","Slice"],"picked":"Well Laid Plans","floor":12.0},{"not_picked":["Calculated Gamble","Flying Knee","Sucker Punch"],"picked":"SKIP","floor":14.0},{"not_picked":["Dagger Spray","Flechettes"],"picked":"PiercingWail","floor":17.0},{"not_picked":["Bane","Blade Dance"],"picked":"Infinite Blades","floor":18.0},{"not_picked":["Acrobatics","Blade Dance"],"picked":"Cloak And Dagger","floor":20},{"not_picked":["Tools of the Trade","Flying Knee"],"picked":"Crippling Poison","floor":22},{"not_picked":["Glass Knife","Flechettes"],"picked":"Acrobatics+1","floor":23},{"not_picked":["Flying Knee+1","Quick Slash","Slice"],"picked":"SKIP","floor":24},{"not_picked":["Deflect","Masterful Stab"],"picked":"Backflip","floor":25},{"not_picked":["Dagger Spray","Bane"],"picked":"Cloak And Dagger","floor":27},{"not_picked":["Caltrops","Prepared"],"picked":"Accuracy","floor":29},{"not_picked":["Concentrate","PiercingWail"],"picked":"Cloak And Dagger","floor":29},{"not_picked":["Dagger Throw","Underhanded Strike+1"],"picked":"Noxious Fumes","floor":30},{"not_picked":["Malaise","Storm of Steel"],"picked":"Envenom","floor":33},{"not_picked":["Sucker Punch","Well Laid Plans"],"picked":"Cloak And Dagger+1","floor":35},{"not_picked":["Dagger Spray","Sucker Punch+1","Flechettes"],"picked":"SKIP","floor":35},{"not_picked":["Trip","Forethought"],"picked":"Blind","floor":37},{"not_picked":["Underhanded Strike+1","Flying Knee+1"],"picked":"Envenom","floor":40},{"not_picked":["Deadly Poison","Flechettes+1","Noxious Fumes"],"picked":"PiercingWail+1","floor":44},{"not_picked":["Caltrops","Predator+1","Flechettes+1","Blade Dance"],"picked":"SKIP","floor":44},{"not_picked":["Poisoned Stab+1","Blade Dance","Bouncing Flask"],"picked":"Escape Plan","floor":45},{"not_picked":["Bane+1","Sucker Punch+1","Calculated Gamble"],"picked":"Terror","floor":46},{"not_picked":["Dagger Throw+1","Terror","Doppelganger"],"picked":"Deadly Poison","floor":46},{"not_picked":["Deadly Poison","Cloak And Dagger","PiercingWail"],"picked":"After Image","floor":48},{"not_picked":["Slice+1","Dagger Throw+1","Bane+1","Flying Knee+1"],"picked":"SKIP","floor":48}],"player_experience":432255,"relics_obtained":[{"floor":6.0,"key":"Toy Ornithopter"},{"floor":6.0,"key":"Anchor"},{"floor":8.0,"key":"Mummified Hand"},{"floor":8.0,"key":"Potion Belt"},{"floor":9.0,"key":"Strawberry"},{"floor":11.0,"key":"Whetstone"},{"floor":11.0,"key":"FossilizedHelix"},{"floor":23,"key":"Boot"},{"floor":23,"key":"Juzu Bracelet"},{"floor":26,"key":"Prayer Wheel"},{"floor":27,"key":"TungstenRod"},{"floor":27,"key":"Bird Faced Urn"},{"floor":28,"key":"Necronomicon"},{"floor":30,"key":"Vajra"},{"floor":30,"key":"Akabeko"},{"floor":31,"key":"Du-Vu Doll"},{"floor":31,"key":"StrikeDummy"},{"floor":40,"key":"Orichalcum"},{"floor":40,"key":"White Beast Statue"},{"floor":43,"key":"Shuriken"},{"floor":45,"key":"Omamori"},{"floor":45,"key":"Darkstone Periapt"}],"event_choices":[{"damage_healed":0.0,"max_hp_gain":0.0,"max_hp_loss":0.0,"gold_gain":0.0,"event_name":"Shining Light","player_choice":"Entered Light","floor":3.0,"gold_loss":0.0,"damage_taken":20.0,"cards_upgraded":["Blade Dance","Strike_G"]},{"cards_removed":["Strike_G"],"damage_healed":0.0,"max_hp_gain":0.0,"max_hp_loss":0.0,"gold_gain":0.0,"event_name":"The Cleric","player_choice":"Card Removal","floor":5.0,"gold_loss":75.0,"damage_taken":0.0},{"damage_healed":0.0,"max_hp_gain":0.0,"max_hp_loss":0.0,"gold_gain":0.0,"event_name":"The Mausoleum","player_choice":"Opened","floor":19.0,"gold_loss":0.0,"damage_taken":0.0,"relics_obtained":["Art of War"],"cards_obtained":["Writhe"]},{"damage_healed":0,"gold_gain":0,"player_choice":"Obtained Book","damage_taken":21,"max_hp_gain":0,"max_hp_loss":0,"event_name":"Cursed Tome","floor":28,"gold_loss":0},{"damage_healed":0,"gold_gain":0,"player_choice":"Fight","damage_taken":0,"max_hp_gain":0,"max_hp_loss":0,"event_name":"Colosseum","floor":31,"gold_loss":0},{"damage_healed":0,"gold_gain":0,"player_choice":"Fought Nobs","damage_taken":0,"max_hp_gain":0,"max_hp_loss":0,"event_name":"Colosseum","floor":31,"gold_loss":0},{"damage_healed":0,"gold_gain":0,"player_choice":"Memory 1","damage_taken":0,"max_hp_gain":0,"max_hp_loss":0,"event_name":"SensoryStone","floor":37,"gold_loss":0},{"damage_healed":0,"gold_gain":0,"player_choice":"Upgraded","damage_taken":0,"max_hp_gain":0,"max_hp_loss":0,"event_name":"Upgrade Shrine","floor":38,"gold_loss":0,"cards_upgraded":["Cloak And Dagger"]},{"cards_removed":["Neutralize"],"damage_healed":0,"gold_gain":0,"player_choice":"Removed Attack","damage_taken":0,"max_hp_gain":0,"max_hp_loss":0,"event_name":"Falling","floor":39,"gold_loss":0}],"is_beta":false,"boss_relics":[{"not_picked":["Sozu","SacredBark"],"picked":"Tiny House"},{"not_picked":["Velvet Choker","Calling Bell"],"picked":"WristBlade"}],"items_purged_floors":[2,4,21,36,42,47],"is_endless":false,"potions_floor_spawned":[1,8,14,20,22,23,24,30,31,33,35,44,45,46,48],"ascension_level":17}}