{"host":"2d0rd30cigwncx1y","time":1611865971,"event":{"mods":["BaseMod","Colored Map","Colored Powertips","Downfall","MarisaÅiñ∂âJÅ@ñÇóùçπÅj","Minty Spire (QoL Compilation)","Replay The Spire","StSLib","The Alterego","The Marked","The Servant 0.9.4"],"gold_per_floor":[99,119,130,130,148,148,148,148,168,168,193,212,246,24,38,38,38,38],"floor_reached":16,"language":"ENG","playtime":741,"items_purged":["bronze:Strike"],"score":151,"play_id":"f34bd980-ae83-4468-b1f3-fda6d5f2ae2e","local_time":"20210128213251","is_ascension_mode":true,"campfire_choices":[{"data":"bronze:CleanCode","floor":1,"key":"SMITH"},{"data":"bronze:OilSpill","floor":6,"key":"SMITH"}],"circlet_count":0,"master_deck":["bronze:Strike","bronze:Strike","bronze:Strike+1","bronze:Defend","bronze:Defend","bronze:Defend","bronze:Defend","bronze:Replicate","bronze:Goto+1","bronze:OilSpill+1","bronze:BugBarrage+1","downfall:Malfunctioning","bronze:FineTuning","bronze:BugBarrage","bronze:RecursiveStrike","bronze:FineTuning","bronze:Shield","bronze:BugBarrage+1","bronze:BuggyMess","bronze:BuggyMess"],"relics":["bronze:BronzeCore","Mirror","Shuriken","Lantern","Girya"],"acts_visited":["Exordium"],"potions_floor_usage":[],"damage_taken":[{"damage":1,"enemies":"Cultist","floor":2,"turns":4},{"damage":4,"enemies":"Small Slimes","floor":3,"turns":4},{"damage":12,"enemies":"Jaw Worm","floor":5,"turns":3},{"damage":0,"enemies":"Large Slime","floor":9,"turns":3},{"damage":0,"enemies":"Lagavulin","floor":11,"turns":3},{"damage":21,"enemies":"Exordium Thugs","floor":12,"turns":4},{"damage":10,"enemies":"Gremlin Nob","floor":13,"turns":3},{"damage":0,"enemies":"downfall:FleeingMerchant","floor":14,"turns":4},{"damage":0,"enemies":"Gremlin Gang","floor":15,"turns":1},{"damage":4,"enemies":"SI_SHIV_ARCHETYPE","floor":16,"turns":3}],"seed_played":"-2115239662623740251","potions_obtained":[{"floor":5,"key":"Dexterity Potion"},{"floor":11,"key":"SmokeBomb"},{"floor":12,"key":"SkillPotion"},{"floor":15,"key":"hexamod:SoulburnPotion"}],"is_trial":false,"path_per_floor":["R","M","M","?","M","R","T","?","M","?","E","M","E","$","M","B"],"character_chosen":"THE_AUTOMATON","items_purchased":["bronze:Shield","bronze:BugBarrage+1","bronze:BuggyMess"],"campfire_rested":0,"item_purchase_floors":[14,14,14],"current_hp_per_floor":[70,69,65,65,53,53,53,53,53,35,35,14,4,4,4,0,0,0],"gold":38,"neow_bonus":"ONE_RANDOM_RARE_CARD","is_daily":false,"chose_seed":false,"campfire_upgraded":2,"win_rate":0.0,"timestamp":1611865971,"path_taken":["R","M","M","?","M","R","T","?","M","?","E","M","E","?","M","BOSS"],"items_purchased_type":["Card","Card","Card"],"build_version":"2020-12-22","purchased_purges":1,"victory":false,"max_hp_per_floor":[70,70,70,70,70,70,70,70,70,70,70,70,70,70,70,70,70,70],"card_choices":[{"not_picked":["bronze:Return","bronze:Turbo"],"picked":"bronze:OilSpill","floor":2},{"not_picked":["bronze:DarkDash","bronze:DelayedSlice"],"picked":"bronze:BugBarrage","floor":3},{"not_picked":["bronze:Backtrace","bronze:DelayedSlice"],"picked":"bronze:FineTuning","floor":5},{"not_picked":["bronze:DelayedSlice","bronze:MaxOutput"],"picked":"bronze:BugBarrage","floor":9},{"not_picked":["bronze:DigitalCarnage","bronze:Shell"],"picked":"bronze:RecursiveStrike","floor":11},{"not_picked":["bronze:Constructor","bronze:WhirlingStrike","bronze:BitShift"],"picked":"SKIP","floor":12},{"not_picked":["bronze:DelayedGuard","bronze:Invalidate","bronze:GetLatest"],"picked":"SKIP","floor":13},{"not_picked":["bronze:Repulsor","bronze:Separator"],"picked":"bronze:FineTuning","floor":14},{"not_picked":["bronze:Allocate","bronze:BugBarrage"],"picked":"bronze:BuggyMess","floor":15}],"player_experience":111635,"relics_obtained":[{"floor":7,"key":"Mirror"},{"floor":11,"key":"Lantern"},{"floor":13,"key":"Girya"}],"event_choices":[{"cards_removed":["bronze:CleanCode"],"damage_healed":0,"gold_gain":0,"player_choice":"Card Removal","damage_taken":0,"max_hp_gain":0,"max_hp_loss":0,"event_name":"The Cleric","floor":8,"gold_loss":0},{"damage_healed":0,"gold_gain":0,"player_choice":"Success","damage_taken":18,"relics_obtained":["Shuriken"],"max_hp_gain":0,"max_hp_loss":0,"event_name":"Scrap Ooze","floor":10,"gold_loss":0}],"is_beta":false,"boss_relics":[],"items_purged_floors":[14],"is_endless":false,"potions_floor_spawned":[5,11,12,15],"killed_by":"SI_SHIV_ARCHETYPE","ascension_level":2}}