{"host":"qsusua7l529r8z9k","time":1611819150,"event":{"mods":["BaseMod","Minty Spire (QoL Compilation)","StSLib"],"gold_per_floor":[113,129,145,57,132,164,89,89,89,123,151,178,178,194,194,267,267,282,138,63,63,76,76,107,117,117,117,145,145,160,193,193,267,267,287,304,304,318,335,366,385,61,61,96,96,106,131,21,21,21],"floor_reached":51,"language":"ZHS","playtime":2692,"items_purged":["Strike_B","Strike_B","Strike_B+1"],"score":1783,"play_id":"45d76b1e-e0ee-4b66-9fcf-f3168ddd5ecf","local_time":"20210128153230","is_ascension_mode":true,"campfire_choices":[{"floor":8.0,"key":"REST"},{"data":"Defragment","floor":13.0,"key":"SMITH"},{"data":"Buffer","floor":15.0,"key":"SMITH"},{"data":"Defragment","floor":23.0,"key":"SMITH"},{"data":"Capacitor","floor":27.0,"key":"SMITH"},{"data":"Coolheaded","floor":29.0,"key":"SMITH"},{"data":"Dualcast","floor":32.0,"key":"SMITH"},{"floor":49,"key":"REST"}],"circlet_count":0,"master_deck":["AscendersBane","Defend_B","Defend_B","Defend_B","Zap+1","Dualcast+1","Defragment+1","Coolheaded+1","Electrodynamics","Glacier","Capacitor+1","Buffer+1","Echo Form","Defragment+1","Defragment+1","Coolheaded+1","Reinforced Body+1","Turbo+1","White Noise+1","Fission+1","Double Energy+1","Conserve Battery+1","Apotheosis+1","Madness+1","Madness+1","Hologram+1"],"relics":["Cracked Core","Ice Cream","Peace Pipe","Symbiotic Virus","DataDisk","Odd Mushroom","Emotion Chip","Philosopher\u0027s Stone","Whetstone","Toxic Egg 2","Shuriken","Lizard Tail","Black Star","White Beast Statue","Vajra","Membership Card","Torii","Mercury Hourglass","HornCleat","Pen Nib","Oddly Smooth Stone"],"acts_visited":["Exordium","TheCity","TheBeyond"],"potions_floor_usage":[50,50,50,50],"damage_taken":[{"damage":1.0,"enemies":"Cultist","floor":1.0,"turns":3.0},{"damage":3.0,"enemies":"2 Louse","floor":2.0,"turns":3.0},{"damage":0.0,"enemies":"Jaw Worm","floor":3.0,"turns":4.0},{"damage":14.0,"enemies":"3 Sentries","floor":6.0,"turns":3.0},{"damage":19.0,"enemies":"Gremlin Nob","floor":10.0,"turns":5.0},{"damage":1.0,"enemies":"The Mushroom Lair","floor":11.0,"turns":4.0},{"damage":7.0,"enemies":"Lagavulin","floor":12.0,"turns":5.0},{"damage":0.0,"enemies":"Large Slime","floor":14.0,"turns":3.0},{"damage":0.0,"enemies":"The Guardian","floor":16.0,"turns":11.0},{"damage":4.0,"enemies":"Chosen","floor":18.0,"turns":4.0},{"damage":0.0,"enemies":"Spheric Guardian","floor":22.0,"turns":4.0},{"damage":0.0,"enemies":"Gremlin Leader","floor":24.0,"turns":7.0},{"damage":0.0,"enemies":"Centurion and Healer","floor":25.0,"turns":5.0},{"damage":13.0,"enemies":"Book of Stabbing","floor":28.0,"turns":9.0},{"damage":0.0,"enemies":"Snecko","floor":30.0,"turns":5.0},{"damage":0.0,"enemies":"Slavers","floor":31.0,"turns":3.0},{"damage":22.0,"enemies":"Collector","floor":33.0,"turns":12.0},{"damage":0.0,"enemies":"Orb Walker","floor":35.0,"turns":3.0},{"damage":0.0,"enemies":"3 Darklings","floor":36.0,"turns":5.0},{"damage":0.0,"enemies":"Writhing Mass","floor":38.0,"turns":7.0},{"damage":0.0,"enemies":"Spire Growth","floor":39.0,"turns":6.0},{"damage":8.0,"enemies":"Nemesis","floor":40.0,"turns":9.0},{"damage":0.0,"enemies":"Sphere and 2 Shapes","floor":41.0,"turns":4.0},{"damage":0.0,"enemies":"Reptomancer","floor":44.0,"turns":10.0},{"damage":15,"enemies":"3 Darklings","floor":46,"turns":4},{"damage":0,"enemies":"Nemesis","floor":47,"turns":15},{"damage":0,"enemies":"Awakened One","floor":50,"turns":27}],"seed_played":"-2917992176602077488","potions_obtained":[{"floor":1.0,"key":"Ancient Potion"},{"floor":3.0,"key":"DuplicationPotion"},{"floor":6.0,"key":"LiquidBronze"},{"floor":16.0,"key":"GamblersBrew"},{"floor":24.0,"key":"SpeedPotion"},{"floor":31.0,"key":"LiquidBronze"},{"floor":37.0,"key":"EntropicBrew"},{"floor":40.0,"key":"Fruit Juice"},{"floor":41.0,"key":"SpeedPotion"},{"floor":44.0,"key":"SteroidPotion"},{"floor":46,"key":"FocusPotion"}],"is_trial":false,"path_per_floor":["M","M","M","$","?","E","$","R","T","E","?","E","R","M","R","B",null,"M","$","?","?","M","R","E","M","T","R","E","R","M","E","R","B",null,"M","M","?","M","M","E","M","$","T","E","?","M","E","?","R","B",null],"character_chosen":"DEFECT","items_purchased":["Electrodynamics","Defragment","Membership Card","Apotheosis+1"],"campfire_rested":2,"item_purchase_floors":[4,19,42,42],"current_hp_per_floor":[45,42,42,42,31,17,17,38,38,19,18,11,11,11,11,11,56,52,52,52,52,52,52,52,52,52,52,39,39,39,39,39,17,58,58,58,58,58,58,55,55,55,55,55,41,26,26,26,48,48],"gold":21,"neow_bonus":"ONE_RARE_RELIC","is_daily":false,"chose_seed":false,"campfire_upgraded":6,"win_rate":0.0,"timestamp":1611819150,"path_taken":["M","M","M","?","?","E","?","R","T","E","?","E","R","M","R","BOSS","M","$","?","?","M","R","E","M","T","R","E","R","M","E","R","BOSS","M","?","?","M","M","E","M","$","T","E","?","M","E","?","R","BOSS"],"items_purchased_type":["Card","Card","Relic","Card"],"build_version":"2020-12-22","purchased_purges":3,"victory":true,"max_hp_per_floor":[71,71,71,71,71,71,71,71,71,71,71,71,71,71,71,71,71,71,71,71,71,71,71,71,71,71,71,71,71,71,71,71,71,71,71,71,71,71,71,76,76,76,76,76,76,76,76,76,76,76],"card_choices":[{"not_picked":["Hologram","Redo"],"picked":"Defragment","floor":1.0},{"not_picked":["Sweeping Beam","Gash"],"picked":"Coolheaded","floor":2.0},{"not_picked":["Undo","Compile Driver","Sweeping Beam"],"picked":"SKIP","floor":3.0},{"not_picked":["Consume","Go for the Eyes"],"picked":"Glacier","floor":6.0},{"not_picked":["Auto Shields","Hologram","Gash"],"picked":"SKIP","floor":10.0},{"not_picked":["Cold Snap","Auto Shields"],"picked":"Capacitor","floor":11.0},{"not_picked":["Recycle","Beam Cell"],"picked":"Buffer","floor":12.0},{"not_picked":["Stack","Genetic Algorithm","Reprogram"],"picked":"SKIP","floor":14.0},{"not_picked":["Thunder Strike","Amplify"],"picked":"Echo Form","floor":16.0},{"not_picked":["FTL","Sweeping Beam","Auto Shields"],"picked":"SKIP","floor":18.0},{"not_picked":["Steam Power","Leap"],"picked":"Coolheaded+1","floor":22.0},{"not_picked":["Lockon","Electrodynamics","Fusion"],"picked":"SKIP","floor":24.0},{"not_picked":["Stack","Melter","Steam"],"picked":"SKIP","floor":25.0},{"not_picked":["Undo+1","Ball Lightning"],"picked":"Reinforced Body+1","floor":28.0},{"not_picked":["Leap+1","Scrape"],"picked":"Turbo+1","floor":30.0},{"not_picked":["Defragment","Barrage"],"picked":"White Noise+1","floor":31.0},{"not_picked":["Biased Cognition","Amplify+1"],"picked":"Fission+1","floor":33.0},{"not_picked":["Turbo+1","Stack+1"],"picked":"Double Energy+1","floor":35.0},{"not_picked":["Leap+1","Loop","Stack+1"],"picked":"SKIP","floor":36.0},{"not_picked":["Steam Power+1","Consume+1","Steam+1"],"picked":"SKIP","floor":38.0},{"not_picked":["Go for the Eyes","Sweeping Beam","White Noise+1"],"picked":"SKIP","floor":39.0},{"not_picked":["Go for the Eyes","Sweeping Beam","White Noise+1"],"picked":"SKIP","floor":39.0},{"not_picked":["Self Repair","Conserve Battery+1","All For One"],"picked":"SKIP","floor":40.0},{"not_picked":["Go for the Eyes","Cold Snap"],"picked":"Conserve Battery+1","floor":41.0},{"not_picked":["Sweeping Beam+1","FTL","Scrape+1"],"picked":"SKIP","floor":44.0},{"not_picked":["Loop","White Noise+1","Genetic Algorithm+1"],"picked":"SKIP","floor":46},{"not_picked":["Go for the Eyes+1","Beam Cell+1"],"picked":"Hologram+1","floor":47}],"player_experience":516473,"relics_obtained":[{"floor":6.0,"key":"Peace Pipe"},{"floor":9.0,"key":"Symbiotic Virus"},{"floor":10.0,"key":"DataDisk"},{"floor":11.0,"key":"Odd Mushroom"},{"floor":12.0,"key":"Emotion Chip"},{"floor":24.0,"key":"Whetstone"},{"floor":26.0,"key":"Toxic Egg 2"},{"floor":28.0,"key":"Shuriken"},{"floor":31.0,"key":"Lizard Tail"},{"floor":40.0,"key":"White Beast Statue"},{"floor":40.0,"key":"Vajra"},{"floor":43.0,"key":"Torii"},{"floor":44.0,"key":"Mercury Hourglass"},{"floor":44.0,"key":"HornCleat"},{"floor":47,"key":"Pen Nib"},{"floor":47,"key":"Oddly Smooth Stone"}],"event_choices":[{"damage_healed":0.0,"max_hp_gain":0.0,"max_hp_loss":0.0,"gold_gain":75.0,"event_name":"World of Goop","player_choice":"Gather Gold","floor":5.0,"gold_loss":0.0,"damage_taken":11.0},{"damage_healed":0.0,"max_hp_gain":0.0,"max_hp_loss":0.0,"gold_gain":0.0,"event_name":"Mushrooms","player_choice":"Fought Mushrooms","floor":11.0,"gold_loss":0.0,"damage_taken":0.0},{"cards_removed":["Strike_B"],"damage_healed":0.0,"max_hp_gain":0.0,"max_hp_loss":0.0,"gold_gain":0.0,"event_name":"Beggar","player_choice":"Gave Gold","floor":20.0,"gold_loss":75.0,"damage_taken":0.0},{"damage_healed":0.0,"max_hp_gain":0.0,"max_hp_loss":0.0,"gold_gain":0.0,"event_name":"Duplicator","player_choice":"Copied","floor":21.0,"gold_loss":0.0,"damage_taken":0.0,"cards_obtained":["Defragment"]},{"damage_healed":0.0,"max_hp_gain":0.0,"max_hp_loss":0.0,"gold_gain":0.0,"event_name":"Lab","player_choice":"Got Potions","floor":37.0,"gold_loss":0.0,"damage_taken":0.0},{"damage_healed":0.0,"max_hp_gain":0.0,"max_hp_loss":0.0,"gold_gain":0.0,"event_name":"Winding Halls","player_choice":"Embrace Madness","floor":45.0,"gold_loss":0.0,"damage_taken":14.0,"cards_obtained":["Madness","Madness"]},{"cards_removed":["Defend_B"],"damage_healed":0,"gold_gain":0,"player_choice":"Upgrade and Remove","damage_taken":0,"max_hp_gain":0,"max_hp_loss":0,"event_name":"Designer","floor":48,"gold_loss":110,"cards_upgraded":["Zap"]}],"is_beta":false,"boss_relics":[{"not_picked":["Empty Cage","FrozenCore"],"picked":"Philosopher\u0027s Stone"},{"not_picked":["Calling Bell","Velvet Choker"],"picked":"Black Star"}],"items_purged_floors":[7,19,42],"is_endless":false,"potions_floor_spawned":[1,3,6,16,24,25,28,31,35,38,40,41,44,46,47],"ascension_level":16}}