{"host":"emut9mh212kd9b86","time":1611803024,"event":{"mods":["ATMod(阿瑾Mod)","Act Like it!","Arknights The Spire","BaseMod","Lobotomy","Minty Spire (QoL Compilation)","MostiFishMod","Shop Mod","Spicy Shops","StSLib","TestMod","【遗物卡牌】REMEMod"],"gold_per_floor":[112,130,140,156,167,198,222,255,303,319,330,355,20,45,45,142,142,158,158,158,158,177,239,267,282,282,310,409,425,425,442,442,539,539,557,202,252,305,319,347,347,372,395,446,473,503,548,585,597,630,642,654,200,235,240],"floor_reached":56,"language":"ZHS","playtime":5561,"items_purged":["ats:Strike C","ats:Strike S","ats:Strike G","ats:Defend","ats:Strike V"],"score":3938,"play_id":"207a395b-a9fa-4286-a941-2199d4b9d69a","local_time":"20210128110344","is_ascension_mode":true,"campfire_choices":[{"data":"ats:Emotion Absorption","floor":15,"key":"SMITH"},{"data":"ats:Armor Crushing Shot","floor":30,"key":"SMITH"},{"data":"ats:Blood Oath","floor":32,"key":"SMITH"},{"data":"AT_DivineConfetti","floor":41,"key":"SMITH"},{"floor":49,"key":"RECALL"},{"data":"ats:Overload","floor":52,"key":"SMITH"}],"circlet_count":0,"master_deck":["ats:Armor Crushing Shot+1","ats:Defend","ats:Defend+1","ats:Defend+1","ats:Emotion Absorption+1","AT_DivineConfetti+1","Feed","ats:Sunburst","ats:Blood Oath+1","ats:Overload+1","ats:Calcification","ats:Calcification","ats:Wolf Pack"],"relics":["ats:Sanity","testmod-TestBox","DaveBox","AT_ATBox","REME_ComplimentaryCards","testmod-CrystalShield","RhineSuit","CogitoBucket","SynthV:TestCard","ats:Originium","AT_EbonyIvory","testmod-TurbochargingSystem","AspirationHeart","testmod-LifeArmor","MerchantsRug","AT_ArcaneBoots","REME_CardOfGreed","Singing Bowl","AdjustmentMirror","MutagenicStrength","AT_ForceNature","Oddly Smooth Stone","Darkstone Periapt","AtMidnight","Theresia","PatriotShield","AT_BladeRuinedKing","testmod-BouquetWithThorns","StoneCalendar","Bag of Preparation","testmod-Acrobat","ats:Industrial Water Cannon","Bag of Marbles","HandDrill","AT_GuinsooRageblade"],"acts_visited":["Exordium","TheCity","TheBeyond","TheEnding"],"potions_floor_usage":[6,50],"damage_taken":[{"damage":0,"enemies":"Cultist","floor":1,"turns":3},{"damage":4,"enemies":"Jaw Worm","floor":2,"turns":3},{"damage":10,"enemies":"Small Slimes","floor":3,"turns":2},{"damage":5,"enemies":"Blue Slaver","floor":4,"turns":3},{"damage":8,"enemies":"3 Louse","floor":5,"turns":2},{"damage":6,"enemies":"Gremlin Nob","floor":6,"turns":4},{"damage":15,"enemies":"Lagavulin","floor":8,"turns":5},{"damage":4,"enemies":"Exordium Wildlife","floor":10,"turns":2},{"damage":11,"enemies":"Looter","floor":11,"turns":2},{"damage":2,"enemies":"3 Sentries","floor":12,"turns":3},{"damage":2,"enemies":"Lagavulin","floor":14,"turns":3},{"damage":4,"enemies":"Hexaghost","floor":16,"turns":6},{"damage":34,"enemies":"Shell Parasite","floor":18,"turns":4},{"damage":4,"enemies":"3 Byrds","floor":22,"turns":2},{"damage":20,"enemies":"Slavers","floor":24,"turns":4},{"damage":0,"enemies":"3 Cultists","floor":25,"turns":4},{"damage":7,"enemies":"Book of Stabbing","floor":27,"turns":3},{"damage":0,"enemies":"Snake Plant","floor":29,"turns":30},{"damage":0,"enemies":"Sentry and Sphere","floor":31,"turns":4},{"damage":0,"enemies":"Champ","floor":33,"turns":8},{"damage":0,"enemies":"Orb Walker","floor":35,"turns":1},{"damage":0,"enemies":"Mind Bloom Boss Battle","floor":37,"turns":1},{"damage":0,"enemies":"2 Orb Walkers","floor":38,"turns":2},{"damage":0,"enemies":"3 Shapes","floor":39,"turns":1},{"damage":0,"enemies":"Nemesis","floor":40,"turns":1},{"damage":0,"enemies":"Reptomancer","floor":42,"turns":1},{"damage":0,"enemies":"Giant Head","floor":44,"turns":3},{"damage":0,"enemies":"3 Darklings","floor":45,"turns":1},{"damage":0,"enemies":"4 Shapes","floor":46,"turns":5},{"damage":0,"enemies":"Reptomancer","floor":47,"turns":2},{"damage":0,"enemies":"Maw","floor":48,"turns":3},{"damage":12,"enemies":"Awakened One","floor":50,"turns":7},{"damage":0,"enemies":"Shield and Spear","floor":54,"turns":3},{"damage":0,"enemies":"The Heart","floor":55,"turns":4}],"seed_played":"8987135213576802128","potions_obtained":[{"floor":5,"key":"BlessingOfTheForge"},{"floor":8,"key":"testmod-TestPotion"},{"floor":11,"key":"testmod-TimePotion"},{"floor":12,"key":"AttackPotion"},{"floor":22,"key":"CultistPotion"},{"floor":27,"key":"testmod-TestPotion"},{"floor":29,"key":"Block Potion"},{"floor":31,"key":"Fire Potion"},{"floor":37,"key":"BlessingOfTheForge"},{"floor":42,"key":"DistilledChaos"},{"floor":44,"key":"SkillPotion"},{"floor":54,"key":"Explosive Potion"}],"is_trial":false,"path_per_floor":["M","M","M","M","M","E","T","E","T","M","M","E","$","E","R","B",null,"M","?","?","?","M","$","E","M","T","E","?","M","R","M","R","B",null,"M","$","?","?","M","E","R","E","T","E","M","M","E","M","R","B",null,"R","$","E","B",null],"character_chosen":"DOCTOR_CLASS","items_purchased":["MerchantsRug","AT_SpeedBoots","REME_CardOfGreed","AT_BladeRuinedKing","ats:Calcification","Bag of Marbles","HandDrill"],"campfire_rested":0,"item_purchase_floors":[13,13,13,36,36,53,53],"current_hp_per_floor":[65,64,54,49,44,41,41,32,32,44,36,37,37,40,40,50,88,56,56,56,35,39,39,27,35,35,28,28,83,83,89,89,109,124,126,126,128,131,133,139,139,144,144,149,151,156,159,161,161,161,161,161,161,163,163],"gold":240,"neow_bonus":"","is_daily":false,"chose_seed":false,"campfire_upgraded":5,"win_rate":0.0,"timestamp":1611803024,"path_taken":["M","?","M","M","M","E","?","E","T","M","M","E","$","E","R","BOSS","M","?","?","?","M","$","E","?","T","E","?","M","R","M","R","BOSS","M","$","?","?","?","E","R","E","T","E","?","M","E","M","R","BOSS","R","$","E","BOSS"],"items_purchased_type":["Relic","Relic","Relic","Relic","Card","Relic","Relic"],"build_version":"2020-12-22","purchased_purges":5,"victory":true,"max_hp_per_floor":[72,75,75,75,78,78,78,78,78,91,91,94,94,96,96,101,101,103,103,103,108,113,113,115,120,120,120,120,125,125,127,127,129,129,131,131,133,135,137,139,139,144,144,149,151,156,159,161,161,161,161,161,161,163,163],"card_choices":[{"not_picked":["ats:Ignite","ats:Directed Diagnosis","ats:Absolute Focus"],"picked":"SKIP","floor":1},{"not_picked":["ats:Literary Storm","ats:Flame Of Heaven","ats:Assault Order","ats:Charging Defense"],"picked":"ats:Sunburst","floor":2},{"not_picked":["ats:Absolute Focus","ats:Hammer On","ats:Red Shift","ats:Flexible Camouflage"],"picked":"ats:Blood Oath","floor":3},{"not_picked":["ats:Ignite","ats:Part Time Job","ats:Defend Order","ats:Dogmatic Field","ats:Curse Doll"],"picked":"SKIP","floor":4},{"not_picked":["ats:Beaten Up","ats:Closed Bolt Burst Fire","ats:Flexible Camouflage","ats:Guard Mode","ats:Curse Doll"],"picked":"SKIP","floor":5},{"not_picked":["ats:Magnetic Hammer","ats:Echo Reverb","ats:Apocalypse","ats:Burning Ground","ats:Cat Scratch"],"picked":"SKIP","floor":6},{"not_picked":["ats:True Silver Slash","ats:Apocalypse","ats:Song Of Battle","ats:Curse Doll","ats:Serious Mode"],"picked":"SKIP","floor":8},{"not_picked":["ats:Curse Doll","ats:Leaping Hammer","ats:Consecutive Shot Auto","ats:Absolute Focus"],"picked":"ats:Overload","floor":10},{"not_picked":["ats:Very Hot Blade","ats:Curse Doll","ats:Automatic Cover","ats:Roar Of Ursus","ats:Phantom"],"picked":"SKIP","floor":11},{"not_picked":["ats:Guardian Obelisk","ats:Explosion Area Strengthen","ats:Shadow Assault","ats:Leaping Hammer","ats:Rat Pack"],"picked":"SKIP","floor":12},{"not_picked":["ats:Apocalypse","ats:Flame Of Heaven","ats:Automatic Cover","ats:Collapsing Strike","ats:Powerful Strike"],"picked":"Singing Bowl","floor":14},{"not_picked":["ats:Echo Reverb","ats:Soul Rend","ats:Volcano","ats:Fractured Body","ats:True Silver Slash"],"picked":"Singing Bowl","floor":16},{"not_picked":["ats:Cat Scratch","ats:Guard Mode","ats:Hammer On+1","ats:Blood Oath","ats:Assault Order"],"picked":"Singing Bowl","floor":18},{"not_picked":["ats:Assault Order","ats:Burning Ground+1","ats:Shell Defense","ats:Hammer On","ats:Spore Proliferation"],"picked":"Singing Bowl","floor":22},{"not_picked":["ats:Literary Storm+1","ats:Soul Absorption","ats:Leaping Hammer+1","ats:Support Order","ats:Apocalypse+1"],"picked":"Singing Bowl","floor":24},{"not_picked":["ats:Apocalypse+1","ats:Mental Burst+1","ats:Curse Doll","ats:Ignite","ats:Powerful Strike"],"picked":"Singing Bowl","floor":25},{"not_picked":["ats:Guard Mode","ats:Part Time Job","ats:Absolute Focus","ats:Flexible Camouflage"],"picked":"ats:Calcification","floor":27},{"not_picked":["ats:Hammer On","ats:Explosion Area Strengthen","ats:Healing Strengthening+1","ats:Curse Doll","ats:Chain Hook+1"],"picked":"Singing Bowl","floor":29},{"not_picked":["ats:Encircling Forest","ats:Revitalization","ats:Poison Spread","ats:Assault Order","ats:Serious Mode"],"picked":"Singing Bowl","floor":31},{"not_picked":["ats:Dogmatic Field","ats:Shadow Assault","ats:Rat Pack","ats:Fractured Body","ats:True Silver Slash"],"picked":"Singing Bowl","floor":33},{"not_picked":["ats:Healing Strengthening","ats:Apocalypse","ats:Spore Proliferation+1","ats:Assault Order","ats:Flexible Camouflage"],"picked":"Singing Bowl","floor":35},{"not_picked":["ats:Shadow Raid+1","ats:Hammer On","ats:Flexible Camouflage","ats:Blood Oath","ats:Consecutive Shot Auto+1"],"picked":"Singing Bowl","floor":37},{"not_picked":["ats:Volcano","ats:Healing Strengthening","ats:Hammer On+1","ats:Leaping Hammer+1","ats:Explosion Area Strengthen"],"picked":"Singing Bowl","floor":38},{"not_picked":["ats:Consecutive Shot Auto","ats:Magnetic Hammer","ats:Spore Proliferation+1","ats:Assault Order","ats:Very Hot Blade"],"picked":"Singing Bowl","floor":39},{"not_picked":["ats:Powerful Strike+1","ats:Very Hot Blade","ats:Roar Of Ursus","ats:Soul Absorption","ats:Guard Mode+1"],"picked":"Singing Bowl","floor":40},{"not_picked":["ats:Cat Scratch+1","ats:Assault Order+1","ats:Shell Defense","ats:Curse Doll","ats:Healing Drone+1"],"picked":"Singing Bowl","floor":42},{"not_picked":["ats:Hammer On","ats:Sword Rain","ats:Cat Scratch","ats:Shell Defense","ats:Curse Doll"],"picked":"Singing Bowl","floor":44},{"not_picked":["ats:Part Time Job","ats:Assault Order+1","ats:Directed Diagnosis+1","ats:Flexible Camouflage+1","ats:Literary Storm+1"],"picked":"Singing Bowl","floor":45},{"not_picked":["ats:Explosion Area Strengthen+1","ats:Red Shift+1","ats:Cat Scratch+1","ats:Literary Storm+1","ats:Revitalization"],"picked":"Singing Bowl","floor":46},{"not_picked":["ats:Ignite+1","ats:Powerful Strike+1","ats:Curse Doll","ats:Automatic Cover"],"picked":"ats:Wolf Pack","floor":47},{"not_picked":["ats:Guard Mode+1","ats:Powerful Strike","ats:Sashimi Platter","ats:Composite Medical Shells","ats:Absolute Focus"],"picked":"Singing Bowl","floor":48},{"not_picked":["ats:Ambush","ats:Explosion Area Strengthen+1","ats:Sashimi Platter","ats:Cat Scratch","ats:Flame Of Heaven"],"picked":"Singing Bowl","floor":54}],"player_experience":339857,"relics_obtained":[{"floor":1,"key":"SynthV:TestCard"},{"floor":6,"key":"ats:Originium"},{"floor":6,"key":"SynthV:C4"},{"floor":8,"key":"ats:Originium"},{"floor":8,"key":"AT_EbonyIvory"},{"floor":9,"key":"testmod-TurbochargingSystem"},{"floor":12,"key":"ats:Originium"},{"floor":12,"key":"testmod-LifeArmor"},{"floor":14,"key":"ats:Originium"},{"floor":14,"key":"Singing Bowl"},{"floor":24,"key":"AT_ForceNature"},{"floor":26,"key":"Oddly Smooth Stone"},{"floor":27,"key":"Darkstone Periapt"},{"floor":29,"key":"AtMidnight"},{"floor":37,"key":"testmod-BouquetWithThorns"},{"floor":38,"key":"StoneCalendar"},{"floor":40,"key":"Bag of Preparation"},{"floor":42,"key":"testmod-Acrobat"},{"floor":43,"key":"MawBank"},{"floor":44,"key":"War Paint"},{"floor":47,"key":"ats:Industrial Water Cannon"},{"floor":54,"key":"AT_GuinsooRageblade"}],"event_choices":[{"damage_healed":0,"gold_gain":0,"player_choice":"Inject Mutagens","damage_taken":0,"relics_obtained":["MutagenicStrength"],"max_hp_gain":0,"max_hp_loss":0,"event_name":"Drug Dealer","floor":19,"gold_loss":0},{"damage_healed":0,"gold_gain":0,"player_choice":"Ignored","damage_taken":0,"max_hp_gain":0,"max_hp_loss":0,"event_name":"给自己的盒子","floor":20,"gold_loss":0},{"damage_healed":0,"gold_gain":0,"player_choice":"Shed Blood","damage_taken":26,"max_hp_gain":5,"max_hp_loss":0,"event_name":"Forgotten Altar","floor":21,"gold_loss":0},{"damage_healed":0,"gold_gain":99,"player_choice":"Stole From Cult","damage_taken":0,"max_hp_gain":0,"max_hp_loss":0,"event_name":"Nest","floor":28,"gold_loss":0},{"damage_healed":0,"gold_gain":0,"player_choice":"Fight","damage_taken":0,"max_hp_gain":0,"max_hp_loss":0,"event_name":"MindBloom","floor":37,"gold_loss":0},{"damage_healed":0,"gold_gain":0,"player_choice":"Fight","damage_taken":0,"max_hp_gain":0,"max_hp_loss":0,"event_name":"Mysterious Sphere","floor":38,"gold_loss":0}],"is_beta":false,"boss_relics":[{"not_picked":["FixedStarFall","Cursed Key"],"picked":"testmod-IncinerationGenerator"},{"not_picked":["Runic Pyramid","ExusiaiGun"],"picked":"PatriotShield"}],"items_purged_floors":[13,23,36,53,53],"is_endless":false,"potions_floor_spawned":[5,8,11,12,22,27,29,31,37,42,44,45,47,48,54],"ascension_level":7}}