{"host":"lnt5dzsuhru0aonl","time":1611830289,"event":{"mods":["2.2 Compatiblity","BaseMod","Colored Map","Colored Powertips","DeckTracker","Keyboard Shortcuts","Minty Spire (QoL Compilation)","Permanent Neow","Rare Cards Sparkle","StSLib","SuperFastMode","everything is the same but u backflip on backflip"],"gold_per_floor":[110,260,335,335,346,346,365,365,365,365,381,413,413,475,475,553,553,568,843,863,881,181,181,200,200,200],"floor_reached":25,"language":"KOR","playtime":654,"items_purged":["Regret"],"score":452,"play_id":"fcc46833-0ee8-48cc-a272-2f8574cda450","local_time":"20210128193809","is_ascension_mode":true,"campfire_choices":[{"data":"Rampage","floor":6.0,"key":"SMITH"},{"data":"Armaments","floor":8.0,"key":"SMITH"},{"data":"Bash","floor":10.0,"key":"SMITH"},{"data":"Shrug It Off","floor":15.0,"key":"SMITH"},{"floor":23,"key":"REST"}],"circlet_count":0,"master_deck":["AscendersBane","Strike_R","Strike_R+1","Strike_R","Strike_R","Strike_R+1","Defend_R","Defend_R","Defend_R","Defend_R","Bash+1","Swift Strike","Twin Strike","Rampage+1","Armaments+1","Headbutt","Shrug It Off+1","Inflame+1","Barricade+1","Power Through","Dark Embrace+1","Pommel Strike","Secret Weapon","Feel No Pain+1"],"relics":["Burning Blood","HornCleat","Boot","Frozen Egg 2","Fusion Hammer","OrangePellets","Juzu Bracelet"],"acts_visited":["Exordium","TheCity"],"potions_floor_usage":[16,21,25],"damage_taken":[{"damage":4.0,"enemies":"Small Slimes","floor":1.0,"turns":3.0},{"damage":3.0,"enemies":"2 Louse","floor":5.0,"turns":3.0},{"damage":1.0,"enemies":"Cultist","floor":7.0,"turns":3.0},{"damage":18.0,"enemies":"Large Slime","floor":11.0,"turns":4.0},{"damage":0.0,"enemies":"Gremlin Nob","floor":12.0,"turns":3.0},{"damage":10.0,"enemies":"3 Sentries","floor":14.0,"turns":9.0},{"damage":29,"enemies":"The Guardian","floor":16,"turns":10},{"damage":18,"enemies":"3 Byrds","floor":18,"turns":7},{"damage":7,"enemies":"Spheric Guardian","floor":20,"turns":4},{"damage":30,"enemies":"Snake Plant","floor":21,"turns":5},{"damage":0,"enemies":"Centurion and Healer","floor":24,"turns":6},{"damage":50,"enemies":"Slavers","floor":25,"turns":4}],"seed_played":"5314362333425227395","potions_obtained":[{"floor":5.0,"key":"BlessingOfTheForge"},{"floor":11.0,"key":"Ancient Potion"},{"floor":14.0,"key":"SpeedPotion"},{"floor":16,"key":"PowerPotion"}],"is_trial":false,"path_per_floor":["M","?","?","?","M","R","M","R","T","R","M","E","?","?","R","B",null,"M","?","M","M","$","R","M","E"],"character_chosen":"IRONCLAD","items_purchased":["Dark Embrace+1","Pommel Strike","OrangePellets","Secret Weapon","Juzu Bracelet"],"campfire_rested":1,"item_purchase_floors":[22,22,22,22,22],"current_hp_per_floor":[70,70,59,59,62,62,67,67,67,67,55,61,38,34,34,11,59,47,47,46,22,22,44,50,0,0],"gold":200,"neow_bonus":"RANDOM_COLORLESS","is_daily":false,"chose_seed":false,"campfire_upgraded":4,"win_rate":0.0,"timestamp":1611830289,"path_taken":["M","?","?","?","M","R","M","R","T","R","M","E","?","?","R","BOSS","M","?","M","M","$","R","M","E"],"items_purchased_type":["Card","Card","Relic","Card","Relic"],"build_version":"2020-12-22","purchased_purges":1,"victory":false,"max_hp_per_floor":[75,75,75,75,75,75,75,75,75,75,75,75,75,75,75,75,75,75,75,75,75,75,75,75,75,75],"card_choices":[{"not_picked":["Panacea","Flash of Steel"],"picked":"Swift Strike","floor":0.0},{"not_picked":["Body Slam","Reckless Charge"],"picked":"Twin Strike","floor":1.0},{"not_picked":["Headbutt","Reckless Charge"],"picked":"Rampage","floor":5.0},{"not_picked":["Wild Strike","Sentinel"],"picked":"Armaments","floor":7.0},{"not_picked":["Anger","Carnage"],"picked":"Headbutt","floor":11.0},{"not_picked":["Cleave","Whirlwind"],"picked":"Shrug It Off","floor":12.0},{"not_picked":["Hemokinesis","Headbutt"],"picked":"Inflame+1","floor":14.0},{"not_picked":["Feed","Immolate"],"picked":"Barricade+1","floor":16},{"not_picked":["Havoc","Armaments+1","Spot Weakness"],"picked":"SKIP","floor":18},{"not_picked":["Armaments","True Grit"],"picked":"Power Through","floor":20},{"not_picked":["Rampage","Armaments","Flex"],"picked":"SKIP","floor":21},{"not_picked":["Heavy Blade","Pommel Strike"],"picked":"Feel No Pain+1","floor":24}],"player_experience":779059,"relics_obtained":[{"floor":9.0,"key":"HornCleat"},{"floor":12.0,"key":"Boot"}],"event_choices":[{"damage_healed":0.0,"max_hp_gain":0.0,"max_hp_loss":0.0,"gold_gain":150.0,"event_name":"Liars Game","player_choice":"AGREE","floor":2.0,"gold_loss":0.0,"damage_taken":0.0,"cards_obtained":["Doubt"]},{"damage_healed":0.0,"max_hp_gain":0.0,"max_hp_loss":0.0,"gold_gain":75.0,"event_name":"World of Goop","player_choice":"Gather Gold","floor":3.0,"gold_loss":0.0,"damage_taken":11.0},{"cards_removed":["Doubt"],"damage_healed":0.0,"max_hp_gain":0.0,"max_hp_loss":0.0,"gold_gain":0.0,"event_name":"Living Wall","player_choice":"Forget","floor":4.0,"gold_loss":0.0,"damage_taken":0.0},{"damage_healed":0.0,"max_hp_gain":0.0,"max_hp_loss":0.0,"gold_gain":0.0,"event_name":"Shining Light","player_choice":"Entered Light","floor":13.0,"gold_loss":0.0,"damage_taken":23.0,"cards_upgraded":["Strike_R","Strike_R"]},{"damage_healed":0.0,"max_hp_gain":0.0,"max_hp_loss":0.0,"gold_gain":0.0,"event_name":"Dead Adventurer","player_choice":"Searched \u00273\u0027 times","floor":14.0,"gold_loss":0.0,"damage_taken":0.0,"relics_obtained":["Frozen Egg 2"]},{"damage_healed":0,"gold_gain":275,"player_choice":"Desecrate","damage_taken":0,"max_hp_gain":0,"max_hp_loss":0,"event_name":"Golden Shrine","floor":19,"gold_loss":0,"cards_obtained":["Regret"]}],"is_beta":false,"boss_relics":[{"not_picked":["Velvet Choker","SlaversCollar"],"picked":"Fusion Hammer"}],"items_purged_floors":[22],"is_endless":false,"potions_floor_spawned":[5,11,14,16,18],"killed_by":"Slavers","ascension_level":20}}