{"host":"znvnxllcillb3rtw","time":1611835136,"event":{"mods":["BaseMod","DeckTracker","Minty Spire (QoL Compilation)","Relic Stats","StSLib","SuperFastMode","everything is the same but u backflip on backflip"],"gold_per_floor":[13,13,34,55,78,78,99,99,99,99,174,14,38,54,54,54,54],"floor_reached":16,"language":"KOR","playtime":492,"items_purged":[],"score":188,"play_id":"7002dbdf-deb2-4cef-a6e5-09fbbdbb1626","local_time":"20210128205856","is_ascension_mode":true,"campfire_choices":[{"floor":6,"key":"REST"},{"data":"Footwork","floor":8,"key":"SMITH"},{"floor":15,"key":"REST"}],"circlet_count":0,"master_deck":["AscendersBane","Strike_G","Strike_G","Defend_G","Defend_G","Defend_G","Defend_G","Defend_G","Survivor","Neutralize","Quick Slash","Acrobatics","Noxious Fumes","Footwork+1","Masterful Stab","Reflex","Die Die Die","All Out Attack","Flying Knee","Finisher"],"relics":["Ring of the Snake","Golden Idol","Pear","Membership Card"],"acts_visited":["Exordium"],"potions_floor_usage":[5,16,16],"damage_taken":[{"damage":1,"enemies":"Small Slimes","floor":1,"turns":3},{"damage":7,"enemies":"Jaw Worm","floor":3,"turns":6},{"damage":0,"enemies":"2 Louse","floor":4,"turns":4},{"damage":7,"enemies":"Exordium Thugs","floor":5,"turns":7},{"damage":0,"enemies":"Blue Slaver","floor":7,"turns":5},{"damage":9,"enemies":"Exordium Wildlife","floor":13,"turns":3},{"damage":11,"enemies":"Exordium Thugs","floor":14,"turns":5},{"damage":45,"enemies":"Slime Boss","floor":16,"turns":6}],"seed_played":"-9031438412802226107","potions_obtained":[{"floor":1,"key":"Fire Potion"},{"floor":4,"key":"Ancient Potion"},{"floor":7,"key":"Energy Potion"},{"floor":14,"key":"AttackPotion"}],"is_trial":false,"path_per_floor":["M","?","M","M","M","R","M","R","T","?","?","$","M","M","R","B"],"character_chosen":"THE_SILENT","items_purchased":["Membership Card"],"campfire_rested":2,"item_purchase_floors":[12],"current_hp_per_floor":[58,35,28,28,21,40,40,40,50,50,39,39,30,19,41,0,0],"gold":54,"neow_bonus":"TRANSFORM_TWO_CARDS","is_daily":false,"chose_seed":false,"campfire_upgraded":1,"win_rate":0.0,"timestamp":1611835136,"path_taken":["M","?","M","M","M","R","M","R","T","?","?","$","M","M","R","BOSS"],"items_purchased_type":["Relic"],"build_version":"2020-12-22","purchased_purges":0,"victory":false,"max_hp_per_floor":[66,66,66,66,66,66,66,66,76,76,76,76,76,76,76,76,76],"relic_stats":{"counters":[8,39],"Golden Idol":25,"obtain_stats":[{"Pear":9,"Golden Idol":2,"Membership Card":12,"Ring of the Snake":0},{"Pear":5,"Golden Idol":1,"Membership Card":5,"Ring of the Snake":0},{"Pear":25,"Golden Idol":3,"Membership Card":25,"Ring of the Snake":0}],"Ring of the Snake":[16]},"card_choices":[{"not_picked":["PiercingWail","Blade Dance"],"picked":"Noxious Fumes","floor":1},{"not_picked":["Expertise","Terror"],"picked":"Footwork","floor":3},{"not_picked":["Sucker Punch","Dash"],"picked":"Masterful Stab","floor":4},{"not_picked":["Prepared","Acrobatics"],"picked":"Reflex","floor":5},{"not_picked":["Quick Slash","Bane"],"picked":"Die Die Die","floor":7},{"not_picked":["Deflect","Crippling Poison"],"picked":"Flying Knee","floor":13},{"not_picked":["Escape Plan","Reflex"],"picked":"Finisher","floor":14}],"player_experience":2888991,"relics_obtained":[{"floor":9,"key":"Pear"}],"event_choices":[{"damage_healed":0,"gold_gain":0,"player_choice":"Take Damage","damage_taken":23,"relics_obtained":["Golden Idol"],"max_hp_gain":0,"max_hp_loss":0,"event_name":"Golden Idol","floor":2,"gold_loss":0},{"damage_healed":0,"gold_gain":0,"cards_transformed":["Strike_G"],"player_choice":"Change","damage_taken":0,"max_hp_gain":0,"max_hp_loss":0,"event_name":"Living Wall","floor":10,"gold_loss":0,"cards_obtained":["All Out Attack"]},{"damage_healed":0,"gold_gain":75,"player_choice":"Gather Gold","damage_taken":11,"max_hp_gain":0,"max_hp_loss":0,"event_name":"World of Goop","floor":11,"gold_loss":0}],"is_beta":false,"boss_relics":[],"items_purged_floors":[],"is_endless":false,"potions_floor_spawned":[1,4,7,14],"killed_by":"Slime Boss","ascension_level":20}}