{"host":"7ap89n2sm7vm35bt","time":1611843191,"event":{"mods":["AchievementEnabler","Aspiration","BaseMod","Infinite Spire","Minty Spire (QoL Compilation)","StSLib","[IsaacMod]ÒÔÈö¼âËþ"],"gold_per_floor":[118,118,118,43,59,59,78,103,103,120,130,160,160,174,174,278,278,295,295,52,62,74,74,86,86,163,163,175,193,68,80,80,176,176,187,187,187,206,222,255,255,255,255,105,144,184,184,236,236,341],"floor_reached":51,"language":"ZHS","playtime":2027,"items_purged":["Strike_R","Strike_R","Defend_R","Strike_R","Strike_R"],"score":773,"play_id":"cdf94c76-f3a6-4cbb-97bd-9f374c65d1b5","local_time":"20210128221311","is_ascension_mode":false,"campfire_choices":[{"data":"Reaper","floor":6.0,"key":"SMITH"},{"data":"Blood for Blood","floor":13.0,"key":"SMITH"},{"data":"Flex","floor":15.0,"key":"SMITH"},{"floor":23.0,"key":"REST"},{"floor":25.0,"key":"RECALL"},{"floor":32.0,"key":"REST"},{"floor":41,"key":"REST"},{"floor":47,"key":"REST"},{"floor":49,"key":"REST"}],"circlet_count":0,"master_deck":["Strike_R","Defend_R","Defend_R","Defend_R","Bash","Reaper+1","Flex+1","Clash","Combust","Blood for Blood+1","Shrug It Off","Headbutt+1","Armaments+1","Streamline+1","Metallicize+1"],"relics":["Burning Blood","HushsDoor","YumHeart","aspiration:BabyByrd","Odd Mushroom","DeadEye","Fusion Hammer","TheAbacus","infinitespire:BottledMercury","CultistMask","aspiration:DefectSkillbook","Mercury Hourglass","Akabeko","SalivaCoin"],"acts_visited":["Exordium","TheCity","TheBeyond"],"potions_floor_usage":[50,50,50],"damage_taken":[{"damage":5.0,"enemies":"Cultist","floor":1.0,"turns":4.0},{"damage":7.0,"enemies":"2 Louse","floor":5.0,"turns":2.0},{"damage":2.0,"enemies":"Small Slimes","floor":7.0,"turns":3.0},{"damage":17.0,"enemies":"The Mushroom Lair","floor":8.0,"turns":4.0},{"damage":15.0,"enemies":"2 Fungi Beasts","floor":10.0,"turns":3.0},{"damage":10.0,"enemies":"Looter","floor":11.0,"turns":3.0},{"damage":6.0,"enemies":"3 Louse","floor":14.0,"turns":3.0},{"damage":30.0,"enemies":"The Guardian","floor":16.0,"turns":7.0},{"damage":13.0,"enemies":"Shell Parasite","floor":18.0,"turns":3.0},{"damage":6.0,"enemies":"Spheric Guardian","floor":21.0,"turns":3.0},{"damage":15.0,"enemies":"Centurion and Healer","floor":22.0,"turns":5.0},{"damage":8.0,"enemies":"Snake Plant","floor":24.0,"turns":2.0},{"damage":16.0,"enemies":"Cultist and Chosen","floor":28.0,"turns":5.0},{"damage":4.0,"enemies":"Snecko","floor":29.0,"turns":4.0},{"damage":15.0,"enemies":"Snake Plant","floor":31.0,"turns":3.0},{"damage":62.0,"enemies":"Collector","floor":33.0,"turns":10.0},{"damage":3.0,"enemies":"3 Shapes","floor":35.0,"turns":4.0},{"damage":0,"enemies":"Orb Walker","floor":38,"turns":2},{"damage":6,"enemies":"Writhing Mass","floor":39,"turns":6},{"damage":10,"enemies":"Giant Head","floor":40,"turns":7},{"damage":12,"enemies":"Sphere and 2 Shapes","floor":45,"turns":3},{"damage":16,"enemies":"Jaw Worm Horde","floor":46,"turns":4},{"damage":16,"enemies":"Writhing Mass","floor":48,"turns":5},{"damage":62,"enemies":"Time Eater","floor":50,"turns":10}],"seed_played":"8666525214179875422","potions_obtained":[{"floor":1.0,"key":"PowerPotion"},{"floor":8.0,"key":"ElixirPotion"},{"floor":11.0,"key":"DistilledChaos"},{"floor":18.0,"key":"BloodPotion"},{"floor":24.0,"key":"Energy Potion"},{"floor":31.0,"key":"LiquidMemories"},{"floor":38,"key":"Weak Potion"},{"floor":48,"key":"Dexterity Potion"}],"is_trial":false,"path_per_floor":["M","?","?","$","M","R","M","?","T","M","M","?","R","M","R","B",null,"M","?","$","M","M","R","M","R","T","?","M","M","$","M","R","B",null,"M","?","AVR","M","M","E","R","?","T","$","M","M","R","M","R","B",null],"character_chosen":"IRONCLAD","items_purchased":["TheAbacus"],"campfire_rested":5,"item_purchase_floors":[20],"current_hp_per_floor":[80,85,85,85,85,85,85,74,74,75,71,71,71,85,85,61,85,85,85,85,85,79,85,83,83,83,83,73,84,84,84,85,40,85,85,85,85,85,85,81,85,81,81,81,75,81,81,71,81,76],"gold":341,"neow_bonus":"ONE_RANDOM_RARE_CARD","is_daily":false,"chose_seed":false,"campfire_upgraded":3,"win_rate":0.0,"timestamp":1611843191,"path_taken":["M","?","?","$","M","R","M","?","T","M","M","?","R","?","R","BOSS","M","?","$","M","M","R","M","R","T","?","M","M","?","M","R","BOSS","M","?","AVR","M","?","E","R","?","T","$","?","M","R","M","R","BOSS"],"items_purchased_type":["Relic"],"build_version":"2020-12-22","purchased_purges":5,"victory":true,"max_hp_per_floor":[80,85,85,85,85,85,85,85,85,85,85,85,85,85,85,85,85,85,85,85,85,85,85,85,85,85,85,85,85,85,85,85,85,85,85,85,85,85,85,85,85,81,81,81,81,81,81,81,81,81],"card_choices":[{"not_picked":["Bloodletting","Bomb"],"picked":"Flex","floor":1.0},{"not_picked":["Infernal Blade","Sentinel"],"picked":"Clash","floor":5.0},{"not_picked":["Warcry","Rage"],"picked":"Combust","floor":7.0},{"not_picked":["Perfected Strike","True Grit"],"picked":"Blood for Blood","floor":8.0},{"not_picked":["Cleave","True Grit","Berserk"],"picked":"SKIP","floor":10.0},{"not_picked":["Pummel","Rage"],"picked":"Shrug It Off","floor":11.0},{"not_picked":["Havoc","Hemokinesis","True Grit"],"picked":"SKIP","floor":14.0},{"not_picked":["Searing Blow","Twin Strike"],"picked":"Headbutt+1","floor":18.0},{"not_picked":["Pommel Strike","Thunderclap","Feel No Pain+1"],"picked":"SKIP","floor":21.0},{"not_picked":["Clash","Body Slam+1","Twin Strike+1"],"picked":"SKIP","floor":22.0},{"not_picked":["Cleave","Shrug It Off","Carnage"],"picked":"SKIP","floor":24.0},{"not_picked":["Double Tap","Battle Trance"],"picked":"Armaments+1","floor":28.0},{"not_picked":["Clothesline","Dark Embrace","Whirlwind+1"],"picked":"SKIP","floor":29.0},{"not_picked":["Rage","Evolve","Headbutt"],"picked":"SKIP","floor":31.0},{"not_picked":["True Grit","Hologram+1","Blood for Blood","Shrug It Off"],"picked":"SKIP","floor":35.0},{"not_picked":["Genetic Algorithm","Conserve Battery+1","Coolheaded","FTL+1"],"picked":"SKIP","floor":38},{"not_picked":["Gash+1","Conserve Battery","Pummel+1"],"picked":"Streamline+1","floor":39},{"not_picked":["Self Repair+1","Havoc","Hemokinesis","Body Slam"],"picked":"SKIP","floor":40},{"not_picked":["Reprogram+1","Lockon","Redo","Heavy Blade+1"],"picked":"SKIP","floor":45},{"not_picked":["Demon Form","Gash","Double Energy","Tempest+1"],"picked":"SKIP","floor":46},{"not_picked":["Cleave+1","Leap","Conserve Battery+1"],"picked":"Metallicize+1","floor":48}],"player_experience":232002,"relics_obtained":[{"floor":8.0,"key":"Odd Mushroom"},{"floor":26.0,"key":"infinitespire:BottledMercury"},{"floor":40,"key":"Akabeko"},{"floor":43,"key":"SalivaCoin"}],"event_choices":[{"damage_healed":0.0,"max_hp_gain":5.0,"max_hp_loss":0.0,"gold_gain":0.0,"event_name":"Big Fish","player_choice":"Donut","floor":2.0,"gold_loss":0.0,"damage_taken":0.0},{"damage_healed":0.0,"max_hp_gain":0.0,"max_hp_loss":0.0,"gold_gain":0.0,"event_name":"Mushrooms","player_choice":"Fought Mushrooms","floor":8.0,"gold_loss":0.0,"damage_taken":0.0},{"damage_healed":0.0,"max_hp_gain":0.0,"max_hp_loss":0.0,"gold_gain":30.0,"event_name":"Dead Adventurer","player_choice":"Searched \u00272\u0027 times","floor":12.0,"gold_loss":0.0,"damage_taken":0.0,"relics_obtained":["DeadEye"]},{"damage_healed":0.0,"max_hp_gain":0.0,"max_hp_loss":0.0,"gold_gain":0.0,"event_name":"Ghosts","player_choice":"Ignored","floor":19.0,"gold_loss":0.0,"damage_taken":0.0},{"damage_healed":0.0,"max_hp_gain":0.0,"max_hp_loss":0.0,"gold_gain":0.0,"event_name":"FaceTrader","player_choice":"Trade","floor":27.0,"gold_loss":0.0,"damage_taken":0.0,"relics_obtained":["CultistMask"]},{"damage_healed":0.0,"max_hp_gain":0.0,"max_hp_loss":0.0,"gold_gain":0.0,"event_name":"Tomb of Lord Red Mask","player_choice":"Ignored","floor":36.0,"gold_loss":0.0,"damage_taken":0.0},{"damage_healed":0,"gold_gain":0,"player_choice":"Max HP","damage_taken":0,"max_hp_gain":0,"max_hp_loss":4,"event_name":"Winding Halls","floor":42,"gold_loss":0}],"is_beta":false,"boss_relics":[{"not_picked":["Coffee Dripper","Runic Dome"],"picked":"Fusion Hammer"},{"not_picked":[]},{"not_picked":["infinitespire:Cupcake","Empty Cage"],"picked":"aspiration:DefectSkillbook"},{"not_picked":[]}],"items_purged_floors":[4,20,30,37,44],"is_endless":false,"potions_floor_spawned":[1,8,11,14,18,21,24,29,31,38,40,48],"ascension_level":0}}