{"host":"k7udt7atmcuzf6l0","time":1611842882,"event":{"mods":["AchievementEnabler","BaseMod","BetterRewards","Colored Map","Colored Powertips","Highlight Path","Minty Spire (QoL Compilation)","Quick Restart","Rare Cards Sparkle","Relic Stats","StSLib","UnlockEverythingMod"],"gold_per_floor":[117,127,82,102,121,121,151,151,151,151,151,151,181,198,198,297,297,314,325,74,74,94,94,105,134,211,211,228,228,248,265,265,265,265],"floor_reached":33,"language":"ZHS","playtime":821,"items_purged":[],"score":279,"play_id":"1818d51f-1000-4c9d-893d-94f268360d7a","local_time":"20210128220802","is_ascension_mode":false,"campfire_choices":[{"data":"Armaments","floor":6.0,"key":"SMITH"},{"data":"Inflame","floor":10.0,"key":"SMITH"},{"data":"Whirlwind","floor":12.0,"key":"SMITH"},{"data":"Pommel Strike","floor":15,"key":"SMITH"},{"data":"Berserk","floor":23,"key":"SMITH"},{"data":"Flex","floor":27,"key":"SMITH"},{"data":"Dual Wield","floor":29,"key":"SMITH"},{"data":"Warcry","floor":32,"key":"SMITH"}],"circlet_count":0,"master_deck":["Strike_R","Strike_R","Strike_R","Strike_R","Strike_R","Defend_R+1","Defend_R","Defend_R","Defend_R+1","Bash","Armaments+1","Twin Strike","Headbutt","Whirlwind+1","Inflame+1","Body Slam+1","Pommel Strike+1","Hemokinesis","Berserk+1","Rampage+1","Dual Wield+1","Clash","Warcry+1","Flex+1","Feed"],"relics":["Burning Blood","NeowsBlessing","Thread and Needle","Mummified Hand","Paper Frog","War Paint","Runic Pyramid","Membership Card","Ancient Tea Set","Dead Branch","Shuriken"],"acts_visited":["Exordium","TheCity"],"potions_floor_usage":[16,16,24,24,33],"damage_taken":[{"damage":0.0,"enemies":"Cultist","floor":1.0,"turns":1.0},{"damage":0.0,"enemies":"Small Slimes","floor":2.0,"turns":1.0},{"damage":0.0,"enemies":"2 Louse","floor":4.0,"turns":1.0},{"damage":30.0,"enemies":"Exordium Thugs","floor":5.0,"turns":4.0},{"damage":17.0,"enemies":"Gremlin Nob","floor":7.0,"turns":4.0},{"damage":13.0,"enemies":"3 Sentries","floor":13.0,"turns":4.0},{"damage":0,"enemies":"Blue Slaver","floor":14,"turns":2},{"damage":27,"enemies":"The Guardian","floor":16,"turns":7},{"damage":23,"enemies":"Shell Parasite","floor":18,"turns":3},{"damage":0,"enemies":"3 Byrds","floor":19,"turns":5},{"damage":11,"enemies":"Centurion and Healer","floor":22,"turns":3},{"damage":18,"enemies":"Snecko","floor":24,"turns":4},{"damage":20,"enemies":"Slavers","floor":25,"turns":4},{"damage":14,"enemies":"3 Cultists","floor":28,"turns":5},{"damage":1,"enemies":"Sentry and Sphere","floor":30,"turns":3},{"damage":6,"enemies":"Cultist and Chosen","floor":31,"turns":4},{"damage":46,"enemies":"Automaton","floor":33,"turns":4}],"seed_played":"1209125252755768561","potions_obtained":[{"floor":4.0,"key":"AttackPotion"},{"floor":13,"key":"Fire Potion"},{"floor":14,"key":"LiquidBronze"},{"floor":18,"key":"Energy Potion"},{"floor":22,"key":"Swift Potion"},{"floor":28,"key":"SneckoOil"},{"floor":30,"key":"SpeedPotion"}],"is_trial":false,"path_per_floor":["M","M","$","M","M","R","E","?","T","R","?","R","E","M","R","B",null,"M","M","$","?","M","R","M","E","T","R","M","R","M","M","R","B"],"character_chosen":"IRONCLAD","items_purchased":["Headbutt","Membership Card","Ancient Tea Set","Clash"],"campfire_rested":0,"item_purchase_floors":[3,20,20,20],"current_hp_per_floor":[80,80,80,80,56,56,45,33,33,33,33,33,26,32,32,11,80,63,69,69,69,64,64,52,38,38,38,30,30,35,35,35,0,0],"gold":265,"neow_bonus":"THREE_ENEMY_KILL","is_daily":false,"chose_seed":false,"campfire_upgraded":8,"win_rate":0.0,"timestamp":1611842882,"path_taken":["M","?","$","M","M","R","E","?","T","R","?","R","E","M","R","BOSS","M","M","$","?","M","R","M","E","T","R","M","R","M","M","R","BOSS"],"items_purchased_type":["Card","Relic","Relic","Card"],"build_version":"2020-12-22","purchased_purges":0,"victory":false,"max_hp_per_floor":[80,80,80,80,80,80,80,80,80,80,80,80,80,80,80,80,80,80,80,80,80,80,80,80,80,80,80,80,80,80,80,80,80,80],"relic_stats":{"counters":[17,59],"Mummified Hand":[17],"Shuriken":[6],"Dead Branch":[3],"War Paint":["Defend_R","Defend_R"],"obtain_stats":[{"NeowsBlessing":0,"Mummified Hand":8,"Shuriken":26,"Dead Branch":25,"Thread and Needle":7,"Membership Card":20,"War Paint":13,"Ancient Tea Set":20,"Burning Blood":0,"Paper Frog":9,"Runic Pyramid":17},{"NeowsBlessing":0,"Mummified Hand":5,"Shuriken":13,"Dead Branch":13,"Thread and Needle":5,"Membership Card":10,"War Paint":6,"Ancient Tea Set":10,"Burning Blood":0,"Paper Frog":5,"Runic Pyramid":8},{"NeowsBlessing":0,"Mummified Hand":11,"Shuriken":43,"Dead Branch":43,"Thread and Needle":11,"Membership Card":32,"War Paint":15,"Ancient Tea Set":32,"Burning Blood":0,"Paper Frog":11,"Runic Pyramid":24}],"Burning Blood":78},"card_choices":[{"not_picked":["Wild Strike","Sever Soul"],"picked":"Armaments","floor":1.0},{"not_picked":["Dual Wield","Clothesline"],"picked":"Twin Strike","floor":2.0},{"not_picked":["Cleave","Sever Soul"],"picked":"Whirlwind","floor":4.0},{"not_picked":["Pommel Strike","Clothesline"],"picked":"Inflame","floor":5.0},{"not_picked":["Uppercut","Feel No Pain"],"picked":"Body Slam","floor":7.0},{"not_picked":["Impervious","Second Wind"],"picked":"Pommel Strike","floor":13},{"not_picked":["Anger","Dropkick"],"picked":"Hemokinesis","floor":14},{"not_picked":["Bludgeon","Barricade"],"picked":"Berserk","floor":16},{"not_picked":["Metallicize","Cleave+1"],"picked":"Rampage+1","floor":18},{"not_picked":["Cleave","Headbutt"],"picked":"Dual Wield","floor":19},{"not_picked":["Body Slam","Combust"],"picked":"Warcry","floor":22},{"not_picked":["Bloodletting","Warcry"],"picked":"Flex","floor":24},{"not_picked":["Demon Form","Heavy Blade","Perfected Strike"],"picked":"SKIP","floor":25},{"not_picked":["Anger","Havoc","Sword Boomerang"],"picked":"SKIP","floor":28},{"not_picked":["Wild Strike","Flex"],"picked":"Feed","floor":30},{"not_picked":["Perfected Strike","Havoc","Headbutt"],"picked":"SKIP","floor":31}],"player_experience":15102,"relics_obtained":[{"floor":7.0,"key":"Thread and Needle"},{"floor":9.0,"key":"Paper Frog"},{"floor":13,"key":"War Paint"},{"floor":25,"key":"Dead Branch"},{"floor":26,"key":"Shuriken"}],"event_choices":[{"damage_healed":0.0,"max_hp_gain":0.0,"max_hp_loss":0.0,"gold_gain":0.0,"event_name":"Scrap Ooze","player_choice":"Success","floor":8.0,"gold_loss":0.0,"damage_taken":12.0,"relics_obtained":["Mummified Hand"]},{"damage_healed":0.0,"max_hp_gain":0.0,"max_hp_loss":0.0,"gold_gain":0.0,"event_name":"Accursed Blacksmith","player_choice":"Forge","floor":11.0,"gold_loss":0.0,"damage_taken":0.0,"cards_upgraded":["Body Slam"]},{"damage_healed":0,"gold_gain":0,"player_choice":"Ignored","damage_taken":0,"max_hp_gain":0,"max_hp_loss":0,"event_name":"Vampires","floor":21,"gold_loss":0}],"is_beta":false,"boss_relics":[{"not_picked":["Snecko Eye","Busted Crown"],"picked":"Runic Pyramid"}],"items_purged_floors":[],"is_endless":false,"potions_floor_spawned":[4,13,14,18,22,28,30],"killed_by":"Automaton","ascension_level":0}}