{"host":"ewns8ifhbubwkcum","time":1611853625,"event":{"mods":["BaseMod","Block Reminder","Colored Map","Colored Powertips","Downfall","Highlight Path","Minty Spire (QoL Compilation)","Permanent Neow","Quick Restart","Random Character Button","StSLib"],"gold_per_floor":[99,111,129,279,342,18,45,74,106,6,37,49,64,77,96,96,96,96],"floor_reached":16,"language":"ENG","playtime":597,"items_purged":[],"score":144,"play_id":"10d52ae1-dd09-4049-bb81-e080fe7a2937","local_time":"20210128110705","is_ascension_mode":true,"campfire_choices":[{"floor":1.0,"key":"RECALL"},{"data":"bronze:AlphaBuild","floor":10.0,"key":"SMITH"}],"circlet_count":0,"master_deck":["bronze:Strike","bronze:Strike","bronze:Strike+1","bronze:Strike","bronze:Defend","bronze:Defend","bronze:Defend","bronze:Defend","bronze:Replicate+1","bronze:Goto","bronze:Constructor","bronze:WhirlingStrike","downfall:Icky","bronze:Fortify","bronze:AlphaBuild+1","bronze:Separator","bronze:Iterate","bronze:DelayedSlice","bronze:Frontload","bronze:Return"],"relics":["bronze:BronzeCore","Bag of Marbles","TungstenRod","Ice Cream","bronze:SilverBullet","Odd Mushroom","Gremlin Horn","downfall:HeartBlessingGreen","Whetstone"],"acts_visited":["Exordium"],"potions_floor_usage":[11,11],"damage_taken":[{"damage":1.0,"enemies":"Cultist","floor":2.0,"turns":4.0},{"damage":1.0,"enemies":"2 Louse","floor":3.0,"turns":2.0},{"damage":39.0,"enemies":"Gremlin Nob","floor":5.0,"turns":5.0},{"damage":2.0,"enemies":"downfall:FleeingMerchant","floor":6.0,"turns":4.0},{"damage":0.0,"enemies":"The Mushroom Lair","floor":8.0,"turns":1.0},{"damage":5.0,"enemies":"Lagavulin","floor":9.0,"turns":8.0},{"damage":0,"enemies":"3 Sentries","floor":11,"turns":2},{"damage":0,"enemies":"Jaw Worm","floor":12,"turns":1},{"damage":0,"enemies":"Blue Slaver","floor":13,"turns":1},{"damage":0,"enemies":"2 Fungi Beasts","floor":14,"turns":1},{"damage":0,"enemies":"3 Louse","floor":15,"turns":1},{"damage":23,"enemies":"DF_ARCHETYPE_STREAMLINE","floor":16,"turns":3}],"seed_played":"7388369543214834265","potions_obtained":[{"floor":5.0,"key":"SteroidPotion"},{"floor":8.0,"key":"Explosive Potion"},{"floor":9.0,"key":"LiquidMemories"},{"floor":13,"key":"SteroidPotion"},{"floor":15,"key":"SpeedPotion"}],"is_trial":false,"path_per_floor":["R","M","M","?","?","$","T","?","E","R","E","M","M","M","M","B"],"character_chosen":"THE_AUTOMATON","items_purchased":["Ice Cream"],"campfire_rested":0,"item_purchase_floors":[6],"current_hp_per_floor":[70,69,68,68,29,27,27,27,22,22,22,22,22,22,22,0,0,0],"gold":96,"neow_bonus":"RANDOM_COMMON_RELIC","is_daily":false,"chose_seed":false,"campfire_upgraded":1,"win_rate":0.0,"timestamp":1611853625,"path_taken":["R","M","?","?","?","?","T","?","E","R","E","M","?","M","M","BOSS"],"items_purchased_type":["Relic"],"build_version":"2020-12-22","purchased_purges":0,"victory":false,"max_hp_per_floor":[70,70,70,70,70,70,70,70,70,70,70,70,70,70,70,70,70,70],"card_choices":[{"not_picked":["bronze:OilSpill","bronze:Turbo"],"picked":"bronze:Constructor","floor":2.0},{"not_picked":["bronze:BitShift","bronze:Branch"],"picked":"bronze:WhirlingStrike","floor":3.0},{"not_picked":["bronze:Overload","bronze:BitShift"],"picked":"bronze:Fortify","floor":5.0},{"not_picked":["bronze:Philosophize","bronze:FollowUp","bronze:Turbo"],"picked":"SKIP","floor":6.0},{"not_picked":["bronze:Repulsor","bronze:BugBarrage"],"picked":"bronze:AlphaBuild","floor":9.0},{"not_picked":["bronze:Iterate","bronze:ThunderWave"],"picked":"bronze:Separator","floor":11},{"not_picked":["bronze:Turbo","bronze:ItsAFeature"],"picked":"bronze:Iterate","floor":12},{"not_picked":["bronze:Invalidate","bronze:MaxOutput"],"picked":"bronze:DelayedSlice","floor":13},{"not_picked":["bronze:Iterate","bronze:Verify"],"picked":"bronze:Frontload","floor":14},{"not_picked":["bronze:OilSpill","bronze:Repulsor"],"picked":"bronze:Return","floor":15}],"player_experience":1040140,"relics_obtained":[{"floor":5.0,"key":"TungstenRod"},{"floor":7.0,"key":"bronze:SilverBullet"},{"floor":8.0,"key":"Odd Mushroom"},{"floor":9.0,"key":"Gremlin Horn"},{"floor":11,"key":"Whetstone"}],"event_choices":[{"damage_healed":0.0,"max_hp_gain":0.0,"max_hp_loss":0.0,"gold_gain":0.0,"event_name":"Mushrooms","player_choice":"Fought Mushrooms","floor":8.0,"gold_loss":0.0,"damage_taken":0.0}],"is_beta":false,"boss_relics":[],"items_purged_floors":[],"is_endless":false,"potions_floor_spawned":[5,8,9,13,15],"killed_by":"DF_ARCHETYPE_STREAMLINE","ascension_level":1}}