{"host":"gbsupkmj5cka9iw4","time":1611839869,"event":{"mods":["BaseMod","Better Note","BetterRewards","Minty Spire (QoL Compilation)","Say the Spire","Shop Mod","StSLib"],"gold_per_floor":[118,118,129,129,147,178,196,196,196,227,227,258,258,17,17,94,94,111,111,68,68,83,115,115,128,128,128,163,163,163,179,179,256,256,268,11,11,11,30,30,63,63,89,89,125,157,157,157,157,157],"floor_reached":51,"language":"ENG","playtime":3856,"items_purged":["Strike_P","Strike_P","Strike_P","Defend_P","Defend_P"],"score":1703,"play_id":"b91217c7-184b-4f4e-a8b2-15dbb776e4b9","local_time":"20210128221749","is_ascension_mode":true,"campfire_choices":[{"floor":8.0,"key":"REST"},{"floor":11.0,"key":"REST"},{"data":"WaveOfTheHand","floor":15.0,"key":"SMITH"},{"data":"Wallop","floor":24.0,"key":"SMITH"},{"data":"BattleHymn","floor":27,"key":"SMITH"},{"data":"SpiritShield","floor":29,"key":"SMITH"},{"data":"DevaForm","floor":32,"key":"SMITH"},{"data":"Tantrum","floor":40,"key":"SMITH"},{"data":"Wallop","floor":42,"key":"SMITH"},{"data":"Meditate","floor":44,"key":"SMITH"},{"data":"Vigilance","floor":49,"key":"SMITH"}],"circlet_count":0,"master_deck":["AscendersBane","Strike_P","Defend_P+1","Defend_P+1","Eruption+1","Vigilance+1","Conclude","BattleHymn+1","LessonLearned+1","BowlingBash+1","CutThroughFate","Vengeance+1","Blasphemy","ConjureBlade","WaveOfTheHand+1","Tantrum+1","EmptyFist+1","ClearTheMind+1","Brilliance+1","Protect+1","EmptyBody+1","Indignation","SpiritShield+1","Meditate+1","Wallop+1","Swivel+1","ThirdEye+1","RitualDagger","DevaForm+1","DevaForm","Meditate+1","MentalFortress+1","Enlightenment+1","Magnetism","Wallop+1","Adaptation","TalkToTheHand+1"],"relics":["HolyWater","Membership Card","Lizard Tail","Pantograph","Kunai","Eternal Feather","Singing Bowl","Meat on the Bone","Ancient Tea Set","Regal Pillow","Orrery","Bag of Marbles","Snecko Eye","StoneCalendar","Question Card","Happy Flower","Oddly Smooth Stone","Toxic Egg 2","War Paint","Molten Egg 2"],"acts_visited":["Exordium","TheCity","TheBeyond"],"potions_floor_usage":[28,31,50,50],"damage_taken":[{"damage":0.0,"enemies":"Jaw Worm","floor":1.0,"turns":2.0},{"damage":7.0,"enemies":"Cultist","floor":3.0,"turns":3.0},{"damage":5.0,"enemies":"Small Slimes","floor":5.0,"turns":4.0},{"damage":4.0,"enemies":"3 Sentries","floor":6.0,"turns":6.0},{"damage":7.0,"enemies":"Exordium Wildlife","floor":7.0,"turns":3.0},{"damage":35.0,"enemies":"Gremlin Nob","floor":10.0,"turns":4.0},{"damage":16.0,"enemies":"3 Sentries","floor":12.0,"turns":4.0},{"damage":19.0,"enemies":"The Guardian","floor":16.0,"turns":8.0},{"damage":0.0,"enemies":"3 Byrds","floor":18.0,"turns":5.0},{"damage":0.0,"enemies":"Chosen","floor":22.0,"turns":4.0},{"damage":9.0,"enemies":"Book of Stabbing","floor":23.0,"turns":4.0},{"damage":0,"enemies":"Snake Plant","floor":25,"turns":1},{"damage":26,"enemies":"Slavers","floor":28,"turns":4},{"damage":4,"enemies":"Cultist and Chosen","floor":31,"turns":4},{"damage":33,"enemies":"Collector","floor":33,"turns":10},{"damage":21,"enemies":"3 Shapes","floor":35,"turns":3},{"damage":29,"enemies":"3 Darklings","floor":39,"turns":6},{"damage":3,"enemies":"Nemesis","floor":41,"turns":3},{"damage":0,"enemies":"4 Shapes","floor":45,"turns":4},{"damage":0,"enemies":"Reptomancer","floor":46,"turns":7},{"damage":30,"enemies":"Time Eater","floor":50,"turns":8}],"seed_played":"8617776243775305494","potions_obtained":[{"floor":2.0,"key":"SneckoOil"},{"floor":2.0,"key":"AttackPotion"},{"floor":3.0,"key":"SteroidPotion"},{"floor":5.0,"key":"Ambrosia"},{"floor":7.0,"key":"Fruit Juice"},{"floor":10.0,"key":"Fire Potion"},{"floor":23.0,"key":"Ancient Potion"},{"floor":25,"key":"Block Potion"},{"floor":39,"key":"Strength Potion"}],"is_trial":false,"path_per_floor":["M","?","M","?","M","E","M","R","T","E","R","E","T","$","R","B",null,"M","?","$","?","M","E","R","M","T","R","E","R","?","M","R","B",null,"M","$","?","?","M","R","E","R","T","R","M","E","?","?","R","B",null],"character_chosen":"WATCHER","items_purchased":["Membership Card","Lizard Tail","Pantograph","Conclude","BattleHymn","LessonLearned","Kunai","BowlingBash","CutThroughFate","FearNoEvil","Vengeance","Blasphemy","Orrery","Bag of Marbles","Wallop","MentalFortress","Oddly Smooth Stone","DuplicationPotion"],"campfire_rested":2,"item_purchase_floors":[0,0,0,0,0,0,0,0,0,0,0,0,14,14,20,36,36,36],"current_hp_per_floor":[33,33,26,26,21,17,10,42,42,14,48,44,44,46,58,58,72,72,72,72,50,52,45,60,60,60,75,49,64,58,54,72,53,78,57,57,49,49,34,55,52,73,73,90,90,90,90,85,85,55],"gold":157,"neow_bonus":"","is_daily":false,"chose_seed":false,"campfire_upgraded":9,"win_rate":0.0,"timestamp":1611839869,"path_taken":["M","?","?","?","M","E","M","R","T","E","R","E","?","$","R","BOSS","M","?","?","?","?","E","R","M","T","R","E","R","?","M","R","BOSS","M","$","?","?","?","R","E","R","T","R","M","E","?","?","R","BOSS"],"items_purchased_type":["Relic","Relic","Relic","Card","Card","Card","Relic","Card","Card","Card","Card","Card","Relic","Relic","Card","Card","Relic","Potion"],"build_version":"2020-12-22","purchased_purges":5,"victory":true,"max_hp_per_floor":[68,68,68,68,68,68,68,68,68,75,75,75,75,77,77,77,77,77,77,77,82,84,86,86,86,86,86,86,86,86,86,86,86,86,86,86,88,88,90,90,90,90,90,90,90,90,90,85,85,85],"card_choices":[{"not_picked":["CrushJoints","SashWhip","FearNoEvil"],"picked":"SKIP","floor":1.0},{"not_picked":["CutThroughFate","FlurryOfBlows"],"picked":"ConjureBlade","floor":3.0},{"not_picked":["ReachHeaven","FlyingSleeves"],"picked":"WaveOfTheHand","floor":5.0},{"not_picked":["Worship","ConjureBlade"],"picked":"Tantrum","floor":6.0},{"not_picked":["WreathOfFlame","Indignation"],"picked":"EmptyFist","floor":7.0},{"not_picked":["Establishment","CutThroughFate","FlyingSleeves"],"picked":"Singing Bowl","floor":10.0},{"not_picked":["SashWhip","EmptyBody"],"picked":"ClearTheMind","floor":12.0},{"not_picked":["ClearTheMind","SashWhip","Consecrate"],"picked":"Singing Bowl","floor":14.0},{"not_picked":["BowlingBash","FollowUp"],"picked":"Brilliance","floor":14.0},{"not_picked":["Collect","FlyingSleeves"],"picked":"Protect","floor":14.0},{"not_picked":["FollowUp","Vengeance"],"picked":"EmptyBody","floor":14.0},{"not_picked":["BowlingBash","Fasting2"],"picked":"Indignation","floor":14.0},{"not_picked":["Wish","ConjureBlade"],"picked":"SpiritShield","floor":16.0},{"not_picked":["CarveReality","ClearTheMind"],"picked":"Meditate","floor":18.0},{"not_picked":["Perseverance","Crescendo","Protect"],"picked":"Singing Bowl","floor":22.0},{"not_picked":["Evaluate","EmptyFist","WindmillStrike+1"],"picked":"Singing Bowl","floor":23.0},{"not_picked":["Evaluate","ReachHeaven"],"picked":"Swivel+1","floor":25},{"not_picked":["FollowUp","Halt","Conclude"],"picked":"ThirdEye","floor":28},{"not_picked":["EmptyFist","Evaluate","FlurryOfBlows"],"picked":"DevaForm","floor":31},{"not_picked":["Alpha","MasterReality","Devotion"],"picked":"DevaForm","floor":33},{"not_picked":["CutThroughFate","Halt","CrushJoints"],"picked":"Meditate","floor":35},{"not_picked":["Mind Blast","Panache","Deep Breath"],"picked":"Enlightenment","floor":37},{"not_picked":["Flash of Steel","Impatience","Panache","Master of Strategy"],"picked":"Singing Bowl","floor":37},{"not_picked":["Jack Of All Trades","Swift Strike","Chrysalis"],"picked":"Magnetism","floor":37},{"not_picked":["ClearTheMind","EmptyBody","JustLucky","Protect+1"],"picked":"Singing Bowl","floor":39},{"not_picked":["SignatureMove","FearNoEvil","Protect+1"],"picked":"Wallop","floor":41},{"not_picked":["BowlingBash","FlurryOfBlows","CrushJoints+1"],"picked":"Adaptation","floor":45},{"not_picked":["SashWhip+1","Prostrate+1","DeusExMachina+1"],"picked":"TalkToTheHand+1","floor":46}],"player_experience":792791,"relics_obtained":[{"floor":6.0,"key":"Eternal Feather"},{"floor":9.0,"key":"Singing Bowl"},{"floor":10.0,"key":"Meat on the Bone"},{"floor":12.0,"key":"Ancient Tea Set"},{"floor":13.0,"key":"Regal Pillow"},{"floor":23.0,"key":"StoneCalendar"},{"floor":26,"key":"Question Card"},{"floor":28,"key":"Happy Flower"},{"floor":41,"key":"Toxic Egg 2"},{"floor":43,"key":"War Paint"},{"floor":46,"key":"Molten Egg 2"}],"event_choices":[{"damage_healed":0.0,"max_hp_gain":0.0,"max_hp_loss":0.0,"gold_gain":0.0,"event_name":"Lab","player_choice":"Got Potions","floor":2.0,"gold_loss":0.0,"damage_taken":0.0},{"damage_healed":0.0,"max_hp_gain":0.0,"max_hp_loss":0.0,"gold_gain":0.0,"event_name":"Shining Light","player_choice":"Ignored","floor":4.0,"gold_loss":0.0,"damage_taken":0.0},{"damage_healed":0.0,"max_hp_gain":0.0,"max_hp_loss":0.0,"gold_gain":0.0,"event_name":"Vampires","player_choice":"Ignored","floor":19.0,"gold_loss":0.0,"damage_taken":0.0},{"damage_healed":0.0,"max_hp_gain":5.0,"max_hp_loss":0.0,"gold_gain":0.0,"event_name":"Forgotten Altar","player_choice":"Shed Blood","floor":21.0,"gold_loss":0.0,"damage_taken":27.0},{"damage_healed":0,"gold_gain":0,"player_choice":"Joined the Cult","damage_taken":6,"max_hp_gain":0,"max_hp_loss":0,"event_name":"Nest","floor":30,"gold_loss":0,"cards_obtained":["RitualDagger"]},{"damage_healed":0,"gold_gain":0,"player_choice":"Memory 3","damage_taken":10,"max_hp_gain":0,"max_hp_loss":0,"event_name":"SensoryStone","floor":37,"gold_loss":0},{"damage_healed":0,"gold_gain":0,"player_choice":"Upgraded","damage_taken":0,"max_hp_gain":0,"max_hp_loss":0,"event_name":"Upgrade Shrine","floor":38,"gold_loss":0,"cards_upgraded":["MentalFortress"]},{"cards_removed":["FearNoEvil"],"damage_healed":0,"gold_gain":0,"player_choice":"Removed Attack","damage_taken":0,"max_hp_gain":0,"max_hp_loss":0,"event_name":"Falling","floor":47,"gold_loss":0},{"damage_healed":0,"gold_gain":0,"player_choice":"Max HP","damage_taken":0,"max_hp_gain":0,"max_hp_loss":5,"event_name":"Winding Halls","floor":48,"gold_loss":0}],"is_beta":false,"boss_relics":[{"not_picked":["Coffee Dripper","Empty Cage"],"picked":"Snecko Eye"},{"not_picked":["SacredBark","Busted Crown"],"picked":"HolyWater"}],"items_purged_floors":[0,0,0,14,36],"is_endless":false,"potions_floor_spawned":[3,5,7,10,23,25,39,46],"ascension_level":16}}