{"host":"1p8eqzpvl5sxeu5t","time":1611847937,"event":{"mods":["BaseMod","Bestiary","Block Reminder","Colored Map","Colored Powertips","Curses Come First","Downfall","Highlight Path","Minty Spire (QoL Compilation)","Relic Stats","StSLib","The IronCluck","Waifu the Spire","everything is the same but u backflip on backflip","slay the spire mod where everything is the same but ironclad has a cowboy hat"],"gold_per_floor":[0,16,27,27,27,45,45,73,94,113,113,13,45,64,76,177,177,177,190,190,190,201,201,227,261,272,54,74,93,93,27,43,148,148,48,65,80,80,80,80,80,80,246,146,166,166,191,191,204,204,204,235,54,54,54,54],"floor_reached":57,"language":"ENG","playtime":4374,"items_purged":["downfall:Bewildered"],"score":1385,"play_id":"6911b19c-830d-4162-a43d-48c3d85da32e","local_time":"20210128233217","is_ascension_mode":true,"campfire_choices":[{"data":"Guardian:CurlUp","floor":1,"key":"SMITH"},{"data":"Guardian:ShieldSpikes","floor":12,"key":"SMITH"},{"data":"Guardian:Orbwalk","floor":18,"key":"SMITH"},{"floor":23,"key":"RECALL"},{"data":"1","floor":30,"key":"LIFT"},{"data":"2","floor":35,"key":"LIFT"},{"data":"3","floor":40,"key":"LIFT"},{"data":"Guardian:FastForward","floor":42,"key":"SMITH"},{"data":"Guardian:FloatingOrbs","floor":44,"key":"SMITH"},{"data":"Guardian:BodySlam","floor":54,"key":"SMITH"}],"circlet_count":0,"master_deck":["Guardian:CurlUp+1","Guardian:TwinSlam","Guardian:GatlingBeam","Guardian:BodySlam+1","Guardian:Suspension+1","Guardian:Reroute","Guardian:Orbwalk+1","Guardian:ShieldSpikes+1","Guardian:PrimingBeam","Guardian:EvasiveProtocol","Guardian:GatlingBeam","Guardian:Planning","Guardian:FloatingOrbs+1","Guardian:Recover+1","Guardian:Repulse","Guardian:FastForward+1","Guardian:PrimingBeam","Guardian:ArmoredProtocol","Guardian:TemporalShield","Guardian:FuturePlans+1","Guardian:StasisStrike","Guardian:TimeCapacitor+1","expansioncontent:Chronoboost","Guardian:TimeCapacitor+1","expansioncontent:QuickStudy"],"relics":["Guardian:ModeShifter","Boot","Vajra","Pantograph","Odd Mushroom","downfall:HeartBlessingGreen","Mummified Hand","Philosopher\u0027s Stone","sneckomod:BabySnecko","Smiling Mask","Girya","Bag of Preparation","Pandora\u0027s Box","downfall:HeartBlessingRed","downfall:HeartBlessingBlue","Slimebound:PreparedRelic","Ginger"],"acts_visited":["Exordium","TheCity","TheBeyond","TheEnding"],"potions_floor_usage":[31,33,37,49,56,56],"damage_taken":[{"damage":1,"enemies":"Cultist","floor":2,"turns":4},{"damage":7,"enemies":"Jaw Worm","floor":3,"turns":3},{"damage":0,"enemies":"2 Louse","floor":6,"turns":2},{"damage":15,"enemies":"3 Sentries","floor":8,"turns":6},{"damage":8,"enemies":"The Mushroom Lair","floor":9,"turns":4},{"damage":0,"enemies":"Large Slime","floor":10,"turns":4},{"damage":0,"enemies":"Lagavulin","floor":13,"turns":5},{"damage":0,"enemies":"Blue Slaver","floor":14,"turns":4},{"damage":11,"enemies":"Exordium Thugs","floor":15,"turns":3},{"damage":39,"enemies":"DF_ARCHETYPE_STREAMLINE","floor":16,"turns":14},{"damage":0,"enemies":"Spheric Guardian","floor":19,"turns":4},{"damage":8,"enemies":"3 Byrds","floor":22,"turns":4},{"damage":27,"enemies":"Gremlin Leader","floor":25,"turns":8},{"damage":14,"enemies":"Cultist and Chosen","floor":26,"turns":5},{"damage":0,"enemies":"downfall:FleeingMerchant","floor":27,"turns":4},{"damage":7,"enemies":"Centurion and Healer","floor":28,"turns":5},{"damage":5,"enemies":"Snake Plant","floor":29,"turns":4},{"damage":1,"enemies":"downfall:FleeingMerchant","floor":31,"turns":4},{"damage":9,"enemies":"3 Cultists","floor":32,"turns":5},{"damage":15,"enemies":"SI_MIRROR_ARCHETYPE","floor":33,"turns":8},{"damage":0,"enemies":"3 Darklings","floor":36,"turns":5},{"damage":16,"enemies":"3 Shapes","floor":37,"turns":3},{"damage":0,"enemies":"downfall:FleeingMerchant","floor":43,"turns":4},{"damage":15,"enemies":"Spire Growth","floor":45,"turns":4},{"damage":0,"enemies":"Nemesis","floor":47,"turns":5},{"damage":15,"enemies":"Jaw Worm Horde","floor":49,"turns":4},{"damage":40,"enemies":"IC_BLOCK_ARCHETYPE","floor":50,"turns":9},{"damage":0,"enemies":"downfall:CharBossMerchant","floor":52,"turns":6},{"damage":25,"enemies":"downfall:NeowBoss","floor":55,"turns":9},{"damage":28,"enemies":"downfall:NeowBossFinal","floor":56,"turns":9}],"seed_played":"-1924581896290435178","potions_obtained":[{"floor":6,"key":"SteroidPotion"},{"floor":8,"key":"LiquidMemories"},{"floor":15,"key":"Explosive Potion"},{"floor":33,"key":"AttackPotion"},{"floor":37,"key":"DuplicationPotion"},{"floor":52,"key":"Dexterity Potion"}],"is_trial":false,"path_per_floor":["R","M","M","?","T","M","T","E","?","M","?","R","E","M","M","B",null,"R","M","?","?","M","R","T","E","M","$","M","M","R","$","M","B",null,"R","M","M","?","?","R","T","R","$","R","M","?","E","?","M","B",null,"E","$","R","B","B",null],"character_chosen":"GUARDIAN","items_purchased":["Bag of Preparation","Block Potion","Guardian:StasisStrike","expansioncontent:QuickStudy"],"campfire_rested":0,"item_purchase_floors":[27,31,43,53],"current_hp_per_floor":[80,79,72,60,60,60,60,45,37,37,63,63,63,63,52,38,80,80,80,80,80,72,72,72,45,31,31,24,19,19,18,9,19,80,80,80,64,64,80,80,80,80,80,90,75,75,75,75,60,45,90,90,90,90,65,62],"gold":54,"neow_bonus":"THREE_RARE_CARDS","is_daily":false,"chose_seed":false,"campfire_upgraded":6,"win_rate":0.0,"timestamp":1611847937,"path_taken":["R","M","M","?","?","?","T","E","?","M","?","R","E","M","M","BOSS","R","M","?","?","M","R","T","E","M","$","M","?","R","$","M","BOSS","R","M","M","?","?","R","T","R","$","R","?","?","E","?","M","BOSS","E","$","R","BOSS","BOSS"],"items_purchased_type":["Relic","Potion","Card","Card"],"build_version":"2020-12-22","purchased_purges":1,"victory":true,"max_hp_per_floor":[80,80,80,80,80,80,80,80,80,80,80,80,80,80,80,80,80,80,80,80,80,80,80,80,80,80,80,80,80,80,80,80,80,80,80,80,80,80,80,80,80,80,80,90,90,90,90,90,90,90,90,90,90,90,90,90],"relic_stats":{"counters":[30,152],"Mummified Hand":[112],"Pantograph":100,"Pandora\u0027s Box":["Guardian:PrimingBeam","Guardian:ArmoredProtocol","Guardian:Gem_White","Guardian:Gem_White","Guardian:Gem_Blue","Guardian:TemporalShield","Guardian:Gem_Cyan","Guardian:Gem_Red"],"Bag of Preparation":[30],"Ginger":[10],"Boot":[148],"Smiling Mask":25,"obtain_stats":[{"Girya":25,"downfall:HeartBlessingRed":35,"Guardian:ModeShifter":0,"Vajra":7,"downfall:HeartBlessingGreen":12,"Bag of Preparation":27,"Ginger":52,"War Paint":5,"Odd Mushroom":9,"Boot":4,"Smiling Mask":24,"sneckomod:BabySnecko":20,"Mummified Hand":13,"downfall:HeartBlessingBlue":44,"Pantograph":8,"Philosopher\u0027s Stone":17,"Pandora\u0027s Box":34,"Slimebound:PreparedRelic":47},{"Girya":13,"downfall:HeartBlessingRed":20,"Guardian:ModeShifter":0,"Vajra":3,"downfall:HeartBlessingGreen":6,"Bag of Preparation":15,"Ginger":28,"War Paint":2,"Odd Mushroom":5,"Boot":2,"Smiling Mask":12,"sneckomod:BabySnecko":11,"Mummified Hand":7,"downfall:HeartBlessingBlue":23,"Pantograph":4,"Philosopher\u0027s Stone":10,"Pandora\u0027s Box":20,"Slimebound:PreparedRelic":25},{"Girya":64,"downfall:HeartBlessingRed":97,"Guardian:ModeShifter":0,"Vajra":8,"downfall:HeartBlessingGreen":22,"Bag of Preparation":72,"Ginger":134,"War Paint":6,"Odd Mushroom":18,"Boot":6,"Smiling Mask":56,"sneckomod:BabySnecko":52,"Mummified Hand":27,"downfall:HeartBlessingBlue":108,"Pantograph":14,"Philosopher\u0027s Stone":48,"Pandora\u0027s Box":97,"Slimebound:PreparedRelic":116}]},"card_choices":[{"not_picked":["Guardian:TimeSifter","Guardian:RevengeProtocol"],"picked":"Guardian:GatlingBeam","floor":0},{"not_picked":["Guardian:Gem_Green","Guardian:DecasProtection"],"picked":"Guardian:BodySlam","floor":2},{"not_picked":["Guardian:ChargeCore","Guardian:PrismaticBeam"],"picked":"Guardian:Suspension","floor":3},{"not_picked":["Guardian:Gem_Green","Guardian:Incinerate"],"picked":"Guardian:Reroute","floor":6},{"not_picked":["Guardian:Emergency","Guardian:Gem_Synthetic"],"picked":"Guardian:Orbwalk","floor":8},{"not_picked":["Guardian:TimeCapacitor","Guardian:Gem_Purple"],"picked":"Guardian:Gem_Cyan","floor":9},{"not_picked":["Guardian:ShieldCharger","Guardian:CrystalBeam"],"picked":"Guardian:ShieldSpikes","floor":10},{"not_picked":["Guardian:BronzeArmor","Guardian:RefractedBeam","Guardian:ShieldCharger"],"picked":"SKIP","floor":13},{"not_picked":["Guardian:TemporalShield","Guardian:ShieldCharger"],"picked":"Guardian:PrimingBeam","floor":14},{"not_picked":["Guardian:PrismaticBeam","Guardian:Emergency"],"picked":"Guardian:EvasiveProtocol","floor":15},{"not_picked":["Guardian:CompilePackage","Guardian:ExploitGems"],"picked":"Guardian:GatlingBeam","floor":16},{"not_picked":["Guardian:RollAttack+1","Guardian:PrismaticBarrier"],"picked":"Guardian:Planning","floor":19},{"not_picked":["Guardian:TimeBomb","Guardian:GuardianWhirl","Guardian:MultiBeam"],"picked":"SKIP","floor":22},{"not_picked":["Guardian:TemporalShield","Guardian:Clone"],"picked":"Guardian:FloatingOrbs","floor":25},{"not_picked":["Guardian:Gem_Red","Guardian:Clone+1"],"picked":"Guardian:Recover+1","floor":26},{"not_picked":["Guardian:PrimingBeam+1","Guardian:Planning+1","Guardian:DonusPower+1"],"picked":"SKIP","floor":27},{"not_picked":["Guardian:ChargeUp","Guardian:Recover+1","Guardian:SpikerProtocol"],"picked":"SKIP","floor":28},{"not_picked":["Guardian:PrimingBeam","Guardian:PiercingHide","Guardian:Gem_Green"],"picked":"SKIP","floor":29},{"not_picked":["Guardian:Gem_Blue","Guardian:FierceBash"],"picked":"Guardian:Repulse","floor":31},{"not_picked":["Guardian:Planning","Guardian:DonusPower+1","Guardian:BodySlam"],"picked":"SKIP","floor":32},{"not_picked":["Guardian:SphericShield","Guardian:StasisField"],"picked":"Guardian:FastForward","floor":33},{"not_picked":["Guardian:ShieldCharger+1","Guardian:Gem_Green"],"picked":"Guardian:FuturePlans+1","floor":36},{"not_picked":["Guardian:Gem_Cyan","Guardian:Planning","Guardian:BronzeArmor"],"picked":"SKIP","floor":37},{"not_picked":["Guardian:MultiBeam","Guardian:Planning","Guardian:Incinerate+1"],"picked":"SKIP","floor":43},{"not_picked":["Guardian:Gem_Red","Guardian:RefractedBeam"],"picked":"Guardian:TimeCapacitor+1","floor":45},{"not_picked":["expansioncontent:QuickStudy","expansioncontent:HyperBeam"],"picked":"expansioncontent:Chronoboost","floor":46},{"not_picked":["Guardian:ChargeUp","Guardian:Gem_Purple"],"picked":"Guardian:TimeCapacitor+1","floor":47},{"not_picked":["Guardian:Suspension","Guardian:RevengeProtocol","Guardian:Gem_Lightblue"],"picked":"SKIP","floor":49},{"not_picked":["Guardian:TemporalShield","Guardian:ShieldCharger+1"],"picked":"Guardian:Gem_Fragmented","floor":52}],"player_experience":864629,"relics_obtained":[{"floor":5,"key":"War Paint"},{"floor":7,"key":"Vajra"},{"floor":8,"key":"Pantograph"},{"floor":9,"key":"Odd Mushroom"},{"floor":13,"key":"Mummified Hand"},{"floor":24,"key":"Smiling Mask"},{"floor":25,"key":"Girya"},{"floor":47,"key":"Slimebound:PreparedRelic"},{"floor":52,"key":"Ginger"}],"event_choices":[{"damage_healed":0,"gold_gain":0,"player_choice":"Success","damage_taken":12,"relics_obtained":["Boot"],"max_hp_gain":0,"max_hp_loss":0,"event_name":"Scrap Ooze","floor":4,"gold_loss":0},{"damage_healed":0,"gold_gain":0,"player_choice":"Fought Mushrooms","damage_taken":0,"max_hp_gain":0,"max_hp_loss":0,"event_name":"Mushrooms","floor":9,"gold_loss":0},{"damage_healed":26,"gold_gain":0,"player_choice":"Banana","damage_taken":0,"max_hp_gain":0,"max_hp_loss":0,"event_name":"Big Fish","floor":11,"gold_loss":0},{"damage_healed":16,"gold_gain":0,"player_choice":"Full Heal","damage_taken":0,"max_hp_gain":0,"max_hp_loss":0,"event_name":"Wheel of Change","floor":39,"gold_loss":0},{"damage_healed":0,"gold_gain":0,"player_choice":"Ignored","damage_taken":0,"max_hp_gain":0,"max_hp_loss":0,"event_name":"Mysterious Sphere","floor":48,"gold_loss":0}],"is_beta":false,"boss_relics":[{"not_picked":["Runic Pyramid","Astrolabe"],"picked":"Philosopher\u0027s Stone"},{"not_picked":["Black Star","SlaversCollar"],"picked":"Pandora\u0027s Box"}],"items_purged_floors":[27],"is_endless":false,"potions_floor_spawned":[6,8,15,16,19,25,29,32,33,36,37,52],"ascension_level":3}}