{"host":"en5iwpx6safv422o","time":1611810766,"event":{"mods":["AchievementEnabler","Aspiration","BaseMod","Beaked The Cultist","Card Forge","ChefMod","Downfall","FetchMod","Hermit","Infinite Spire","Jedi Mod","Marisa????????","Minty Spire (QoL Compilation)","Rare Cards Sparkle","Remove Card Discount Mod","Robot Space Explorer","StSLib","The Bug Knight","The Marked","The Runesmith","The Servant 0.9.4"],"gold_per_floor":[1016,1089,1101,1111,1129,1129,1164,342,342,421,449,1349,1204,1218,1218,1319,1319,1338,848,867,867,867,898,932,965,990,1019,1019,1035,1070,1084,1084,1188,1188,1205,507,521,621,802,831,831,846,846,1172,1185,1185,1185,1220,1220,1220,1220,1220,525,550,550],"floor_reached":56,"language":"ENG","playtime":3253,"items_purged":[],"score":2376,"play_id":"fc17055f-8c75-4bd7-b2d9-46d6fa6b5d7e","local_time":"20210127221246","is_ascension_mode":true,"campfire_choices":[{"floor":6,"key":"RECALL"},{"floor":28,"key":"REST"},{"floor":32,"key":"REST"},{"floor":41,"key":"REST"},{"floor":49,"key":"REST"},{"floor":52,"key":"REST"}],"circlet_count":0,"master_deck":["hermit:Strike_Hermit+1","hermit:Strike_Hermit+1","hermit:Strike_Hermit+1","hermit:Strike_Hermit+1","hermit:Defend_Hermit+1","hermit:Defend_Hermit+1","hermit:Defend_Hermit+1","hermit:Defend_Hermit+1","hermit:Snapshot+1","hermit:Covet+1","hermit:TrackingShot+1","hermit:HighCaliber+1","hermit:BodyArmor+1","hermit:BigShot+1","hermit:Dive+1","hermit:Glare+1","hermit:NoHoldsBarred+1","hermit:Maintenance+1","hermit:EyeOfTheStorm+1","hermit:TakeAim+1","Dramatic Entrance+1","hermit:Showdown+1","hermit:Headshot+1","Finesse+1","Panache+1","hermit:TakeCover+1","hermit:Maintenance+1","hermit:Maintenance+1","hermit:HighNoon+1","hermit:LowProfile+1","infinitespire:Fortify+1","hermit:GhostlyPresence+1","hermit:WideOpen+1","hermit:Virtue+1","hermit:Enervate+1","hermit:WideOpen+1","hermit:Dive+1","infinitespire:Starlight+1","hermit:FullyLoaded+1","hermit:HeroicBravado+1","hermit:NoHoldsBarred+1","hermit:FullyLoaded+1","hermit:FullyLoaded+1","hermit:PistolWhip+1","hermit:PistolWhip+1","hermit:Deadeye+1","hermit:Quickdraw+1","hermit:TakeAim+1","hermit:HeroicBravado+1"],"relics":["hermit:Momento","Hammer of Thor","Seething Fire","Anvil of the Gods","Molten Egg 2","Toxic Egg 2","Frozen Egg 2","Vajra","Oddly Smooth Stone","infinitespire:Joker Card","Sundial","ClockworkSouvenir","Black Star","infinitespire:WardingShard","InkBottle","aspiration:ChemicalBlood","WingedGreaves","Cauldron","hermit:Spyglass","infinitespire:Lucky Rock","jedi:firstaidkit","Strawberry","White Beast Statue","Lee\u0027s Waffle","Chemical X","aspiration:PoetsPen","beaked:SacredNecklace","sneckomod:BabySnecko","MutagenicStrength","Boot","Anchor","Potion Belt","Vajra","Incense Burner","beaked:SacredNecklace","Kunai","Bag of Marbles","Eternal Feather","beaked:SacredNecklace","HornCleat","StoneCalendar","OrangePellets","Pocketwatch","infinitespire:Beetle Shell","beaked:ShinyBauble","Chemical X","Oddly Smooth Stone","HollowMod:PaleOreRelic","Calipers","Happy Flower","infinitespire:Midas Blood","Old Coin","aspiration:FetidBarrel","Singing Bowl","infinitespire:Satchel","aspiration:Lifesprig","jedi:windupbox","Blood Vial","Letter Opener"],"acts_visited":["Exordium","TheCity","TheBeyond","TheEnding"],"potions_floor_usage":[7,7,7,13,14,16,18,23,24,31,33,33,33,38,38,38,38,38,38,50,50,50,50,55],"damage_taken":[{"damage":0,"enemies":"Small Slimes","floor":1,"turns":2},{"damage":0,"enemies":"2 Louse","floor":3,"turns":2},{"damage":0,"enemies":"Jaw Worm","floor":4,"turns":3},{"damage":0,"enemies":"3 Louse","floor":5,"turns":2},{"damage":0,"enemies":"3 Sentries","floor":7,"turns":2},{"damage":0,"enemies":"Gremlin Nob","floor":11,"turns":3},{"damage":0,"enemies":"Large Slime","floor":14,"turns":3},{"damage":0,"enemies":"Slime Boss","floor":16,"turns":4},{"damage":0,"enemies":"Chosen","floor":18,"turns":2},{"damage":0,"enemies":"3 Byrds","floor":20,"turns":2},{"damage":0,"enemies":"Gremlin Leader","floor":23,"turns":3},{"damage":0,"enemies":"Slavers","floor":24,"turns":3},{"damage":0,"enemies":"Gremlin Leader","floor":25,"turns":3},{"damage":0,"enemies":"Slavers","floor":27,"turns":1},{"damage":0,"enemies":"Snake Plant","floor":29,"turns":1},{"damage":0,"enemies":"Book of Stabbing","floor":30,"turns":2},{"damage":0,"enemies":"Sentry and Sphere","floor":31,"turns":3},{"damage":0,"enemies":"Automaton","floor":33,"turns":4},{"damage":0,"enemies":"3 Shapes","floor":35,"turns":2},{"damage":0,"enemies":"Orb Walker","floor":37,"turns":2},{"damage":0,"enemies":"infinitespire:Three Voidlings","floor":38,"turns":2},{"damage":31,"enemies":"Nightmare_Alpha","floor":38,"turns":10},{"damage":0,"enemies":"Reptomancer","floor":40,"turns":3},{"damage":0,"enemies":"Transient","floor":42,"turns":5},{"damage":0,"enemies":"Nemesis","floor":44,"turns":1},{"damage":0,"enemies":"Jaw Worm Horde","floor":45,"turns":2},{"damage":0,"enemies":"Reptomancer","floor":48,"turns":1},{"damage":0,"enemies":"infinitespire:MassOfShapes","floor":50,"turns":4},{"damage":0,"enemies":"Shield and Spear","floor":54,"turns":3},{"damage":0,"enemies":"The Heart","floor":55,"turns":5}],"seed_played":"6520226928298460185","potions_obtained":[{"floor":0,"key":"bronze:BurnAndBuffPotion"},{"floor":0,"key":"infinitespire:BlackPotion"},{"floor":0,"key":"champ:CounterPotion"},{"floor":8,"key":"hermit:Tonic"},{"floor":8,"key":"jedi:StrikingPotion"},{"floor":8,"key":"Dexterity Potion"},{"floor":8,"key":"AttackPotion"},{"floor":14,"key":"hermit:BlackBile"},{"floor":16,"key":"LiquidMemories"},{"floor":18,"key":"EssenceOfSteel"},{"floor":20,"key":"FearPotion"},{"floor":25,"key":"Swift Potion"},{"floor":27,"key":"Strength Potion"},{"floor":29,"key":"FearPotion"},{"floor":30,"key":"ColorlessPotion"},{"floor":31,"key":"Fire Potion"},{"floor":33,"key":"BlessingOfTheForge"},{"floor":35,"key":"hermit:BlackBile"},{"floor":37,"key":"SkillPotion"},{"floor":40,"key":"Strength Potion"},{"floor":42,"key":"Fire Potion"},{"floor":44,"key":"SpeedPotion"},{"floor":48,"key":"Explosive Potion"},{"floor":54,"key":"DistilledChaos"}],"is_trial":false,"path_per_floor":["M","$","M","M","M","R","E","$","T","?","E","?","$","M","R","B",null,"M","?","M","?","?","E","E","E","T","E","R","M","E","M","R","B",null,"M","$","M","?","$","E","R","M","T","E","M","?","?","E","R","B",null,"R","$","E","B",null],"character_chosen":"HERMIT","items_purchased":["infinitespire:Joker Card","Sundial","ClockworkSouvenir","hermit:HighCaliber+1","hermit:BodyArmor+1","hermit:BigShot+1","aspiration:ChemicalBlood","WingedGreaves","Cauldron","hermit:EyeOfTheStorm+1","hermit:TakeAim+1","Dramatic Entrance+1","Strawberry","White Beast Statue","Lee\u0027s Waffle","hermit:Headshot+1","Finesse+1","Panache+1","Fruit Juice","DistilledChaos","HornCleat","StoneCalendar","OrangePellets","infinitespire:Beetle Shell","beaked:ShinyBauble","Chemical X","hermit:FullyLoaded+1","hermit:HeroicBravado+1","hermit:NoHoldsBarred+1","infinitespire:Satchel","aspiration:Lifesprig","jedi:windupbox","hermit:Quickdraw+1","hermit:TakeAim+1","hermit:HeroicBravado+1"],"campfire_rested":5,"item_purchase_floors":[2,2,2,2,2,2,8,8,8,8,8,8,13,13,13,13,13,13,13,13,36,36,36,39,39,39,39,39,39,53,53,53,53,53,53],"current_hp_per_floor":[75,75,75,75,75,75,75,75,75,75,75,75,94,94,94,94,94,94,94,94,94,94,94,94,94,94,94,94,94,94,94,94,94,94,94,94,94,89,89,94,94,94,94,94,94,94,94,96,96,96,96,96,96,98,98],"gold":550,"neow_bonus":"THREE_SMALL_POTIONS","is_daily":false,"chose_seed":false,"campfire_upgraded":0,"win_rate":0.0,"timestamp":1611810766,"path_taken":["M","$","M","M","M","R","E","$","T","?","E","?","$","M","R","BOSS","M","?","M","?","?","E","E","E","T","E","R","M","E","?","R","BOSS","M","$","M","?","$","E","R","M","T","E","M","?","?","E","R","BOSS","R","$","E","BOSS"],"items_purchased_type":["Relic","Relic","Relic","Card","Card","Card","Relic","Relic","Relic","Card","Card","Card","Relic","Relic","Relic","Card","Card","Card","Potion","Potion","Relic","Relic","Relic","Relic","Relic","Relic","Card","Card","Card","Relic","Relic","Relic","Card","Card","Card"],"build_version":"2020-12-22","purchased_purges":0,"victory":true,"max_hp_per_floor":[75,75,75,75,75,75,75,75,75,75,75,75,94,94,94,94,94,94,94,94,94,94,94,94,94,94,94,94,94,94,94,94,94,94,94,94,94,94,94,94,94,94,94,94,94,94,94,96,96,96,96,96,96,98,98],"card_choices":[{"not_picked":["hermit:Glare+1","hermit:Horror+1"],"picked":"hermit:TrackingShot+1","floor":1},{"not_picked":["hermit:GoldenBullet+1","hermit:BigShot+1"],"picked":"hermit:Dive+1","floor":3},{"not_picked":["hermit:ItchyTrigger+1","hermit:BigShot+1"],"picked":"hermit:Glare+1","floor":4},{"not_picked":["hermit:CalledShot+1","hermit:Glare+1"],"picked":"hermit:NoHoldsBarred+1","floor":5},{"not_picked":["hermit:Combo+1","hermit:Scavenge+1"],"picked":"hermit:Maintenance+1","floor":7},{"not_picked":["hermit:HighNoon+1","hermit:Vantage+1"],"picked":"hermit:Showdown+1","floor":11},{"not_picked":["hermit:CalledShot+1","hermit:Gestalt+1"],"picked":"hermit:TakeCover+1","floor":14},{"not_picked":["hermit:NoHoldsBarred+1","hermit:Headshot+1"],"picked":"hermit:LowProfile+1","floor":18},{"not_picked":["infinitespire:TheBestDefense","infinitespire:Collect"],"picked":"infinitespire:Fortify","floor":19},{"not_picked":["hermit:HighCaliber+1","hermit:GoldenBullet+1","hermit:EternalForm+1"],"picked":"SKIP","floor":20},{"not_picked":["hermit:HoleUp+1","hermit:Vantage+1","hermit:Midnight+1"],"picked":"SKIP","floor":23},{"not_picked":["hermit:Coalescence+1","hermit:Ricochet+1"],"picked":"hermit:GhostlyPresence+1","floor":24},{"not_picked":["hermit:BodyArmor+1","hermit:GoldenBullet+1","hermit:Manifest+1"],"picked":"SKIP","floor":25},{"not_picked":["hermit:HoleUp+1","hermit:Manifest+1"],"picked":"hermit:WideOpen+1","floor":27},{"not_picked":["hermit:Horror+1","hermit:WideOpen+1"],"picked":"hermit:Virtue+1","floor":29},{"not_picked":["hermit:Maintenance+1","hermit:Manifest+1"],"picked":"hermit:Enervate+1","floor":30},{"not_picked":["hermit:Dissolve+1","hermit:Roulette+1"],"picked":"hermit:WideOpen+1","floor":31},{"not_picked":["hermit:GhostlyPresence+1","hermit:Headshot+1"],"picked":"hermit:Dive+1","floor":35},{"not_picked":["hermit:HighCaliber+1","hermit:LoneWolf+1","hermit:BodyArmor+1"],"picked":"SKIP","floor":37},{"not_picked":["infinitespire:DeathsTouch","infinitespire:Execution"],"picked":"infinitespire:Starlight","floor":38},{"not_picked":["hermit:Combo+1","hermit:Ricochet+1","hermit:Feint+1"],"picked":"SKIP","floor":40},{"not_picked":["hermit:Combo+1","hermit:Ricochet+1","hermit:Feint+1"],"picked":"SKIP","floor":40},{"not_picked":["hermit:ItchyTrigger+1","hermit:Glare+1"],"picked":"hermit:PistolWhip+1","floor":42},{"not_picked":["hermit:Ricochet+1","hermit:BodyArmor+1"],"picked":"hermit:PistolWhip+1","floor":44},{"not_picked":["hermit:DeadMansHand+1","hermit:Shortfuse+1"],"picked":"hermit:Deadeye+1","floor":45},{"not_picked":["hermit:Glare+1","hermit:ItchyTrigger+1","hermit:NoHoldsBarred+1"],"picked":"Singing Bowl","floor":48},{"not_picked":["hermit:SprayPray+1","hermit:TakeCover+1","hermit:Shortfuse+1"],"picked":"Singing Bowl","floor":54}],"player_experience":374281,"relics_obtained":[{"floor":7,"key":"infinitespire:WardingShard"},{"floor":7,"key":"InkBottle"},{"floor":9,"key":"hermit:Spyglass"},{"floor":11,"key":"infinitespire:Lucky Rock"},{"floor":11,"key":"jedi:firstaidkit"},{"floor":23,"key":"Boot"},{"floor":23,"key":"Anchor"},{"floor":24,"key":"Potion Belt"},{"floor":24,"key":"Vajra"},{"floor":25,"key":"Incense Burner"},{"floor":27,"key":"Kunai"},{"floor":27,"key":"Bag of Marbles"},{"floor":30,"key":"Eternal Feather"},{"floor":38,"key":"Pocketwatch"},{"floor":40,"key":"Oddly Smooth Stone"},{"floor":40,"key":"HollowMod:PaleOreRelic"},{"floor":43,"key":"Happy Flower"},{"floor":44,"key":"infinitespire:Midas Blood"},{"floor":44,"key":"Old Coin"},{"floor":48,"key":"aspiration:FetidBarrel"},{"floor":48,"key":"Singing Bowl"},{"floor":54,"key":"Blood Vial"},{"floor":54,"key":"Letter Opener"}],"event_choices":[{"damage_healed":0,"gold_gain":79,"player_choice":"Gained Gold","damage_taken":0,"max_hp_gain":0,"max_hp_loss":0,"event_name":"Golden Wing","floor":10,"gold_loss":0},{"damage_healed":0,"gold_gain":0,"player_choice":"Ignored","damage_taken":0,"max_hp_gain":0,"max_hp_loss":0,"event_name":"Liars Game","floor":12,"gold_loss":0},{"damage_healed":0,"gold_gain":0,"player_choice":"Inject Mutagens","damage_taken":0,"relics_obtained":["MutagenicStrength"],"max_hp_gain":0,"max_hp_loss":0,"event_name":"Drug Dealer","floor":22,"gold_loss":0},{"damage_healed":0,"gold_gain":0,"player_choice":"Ignored","damage_taken":0,"max_hp_gain":0,"max_hp_loss":0,"event_name":"Tomb of Lord Red Mask","floor":46,"gold_loss":0},{"damage_healed":24,"gold_gain":0,"player_choice":"Writhe","damage_taken":0,"max_hp_gain":0,"max_hp_loss":0,"event_name":"Winding Halls","floor":47,"gold_loss":0,"cards_obtained":["Writhe"]}],"is_beta":false,"boss_relics":[{"not_picked":["jedi:hotpepper","Runic Dome"],"picked":"aspiration:PoetsPen"},{"not_picked":["Runesmith:UraniumAnvil","infinitespire:Cupcake","aspiration:SilentSkillbook"]}],"items_purged_floors":[],"is_endless":false,"potions_floor_spawned":[1,11,14,16,18,20,23,24,25,27,29,30,31,33,35,37,38,38,40,42,44,45,48,54],"ascension_level":5}}