{"host":"fjyrzoy7zi2e08p3","time":1611831366,"event":{"mods":["Aspiration","BaseMod","BetterRewards","Colored Map","Colored Powertips","Dota2Spire","Downfall","Highlight Path","KinomotoSakuraMod(木之本樱)","Marisa（F雨　魔理沙）","Minty Spire (QoL Compilation)","Quick Restart","Remilia（蕾米莉亚）","RumiaBox-露米娅的神秘盒子","Spicy Shops","StSLib","SuperFastMode","Waifu the Spire","WarShipGirlsR/战舰少女R mod"],"gold_per_floor":[349,369,369,381,397,397,423,423,455,455,471,489,489,489],"floor_reached":13,"language":"ZHS","playtime":419,"items_purged":[],"score":132,"play_id":"5f0e0a7f-e0cc-40a4-b374-bc93603d5a72","local_time":"20210128185606","is_ascension_mode":true,"campfire_choices":[{"data":"rmod:basicallowance","floor":1.0,"key":"SMITH"},{"data":"rmod:selfconfidence","floor":6.0,"key":"SMITH"},{"floor":10.0,"key":"REST"}],"circlet_count":0,"master_deck":["AscendersBane","rmod:strick","rmod:strick","rmod:strick","rmod:strick","rmod:defend","rmod:defend","rmod:defend","rmod:basicallowance+1","rmod:maingunfire","rmod:selfconfidence+1","rmod:expedition","rmod:supportescort"],"relics":["rmod:firstchargereward","Vajra","Bag of Preparation"],"acts_visited":["Exordium"],"potions_floor_usage":[],"damage_taken":[{"damage":0.0,"enemies":"Cultist","floor":2.0,"turns":3.0},{"damage":0.0,"enemies":"2 Louse","floor":4.0,"turns":1.0},{"damage":7.0,"enemies":"Small Slimes","floor":5.0,"turns":3.0},{"damage":12.0,"enemies":"Lagavulin","floor":9.0,"turns":6.0},{"damage":0.0,"enemies":"Red Slaver","floor":11.0,"turns":2.0},{"damage":8.0,"enemies":"Blue Slaver","floor":12.0,"turns":3.0},{"damage":11,"enemies":"Gremlin Nob","floor":13,"turns":3}],"seed_played":"-1875467969680291224","potions_obtained":[{"floor":2.0,"key":"BlessingOfTheForge"},{"floor":4.0,"key":"ColorlessPotion"}],"is_trial":false,"path_per_floor":["R","M","?","M","M","R","T","?","E","R","M","M","E"],"character_chosen":"PRAEFECT","items_purchased":[],"campfire_rested":1,"item_purchase_floors":[],"current_hp_per_floor":[50,50,50,50,43,43,43,18,6,28,28,20,9,9],"gold":489,"neow_bonus":"TWO_FIFTY_GOLD","is_daily":false,"chose_seed":false,"campfire_upgraded":2,"win_rate":0.0,"timestamp":1611831366,"path_taken":["R","M","?","M","M","R","T","?","E","R","M","M","E"],"items_purchased_type":[],"build_version":"2020-12-22","purchased_purges":0,"victory":false,"max_hp_per_floor":[75,75,75,75,75,75,75,75,75,75,75,75,75,75],"card_choices":[{"not_picked":["rmod:punchline","rmod:highspeedshooting"],"picked":"rmod:selfconfidence","floor":2.0},{"not_picked":["rmod:fletcherpendant","rmod:diamondstrike"],"picked":"rmod:expedition","floor":4.0},{"not_picked":["rmod:lonelyqueen","rmod:gendarmerie","rmod:shuttlebombing"],"picked":"SKIP","floor":5.0},{"not_picked":["rmod:shuttlebombing","rmod:steelsupply"],"picked":"rmod:supportescort","floor":9.0},{"not_picked":["rmod:victimresponsibility","rmod:launchingtorpedo","rmod:bulid"],"picked":"SKIP","floor":11.0},{"not_picked":["rmod:aluminumsupply","rmod:slowdown","rmod:gendarmerie"],"picked":"SKIP","floor":12.0}],"player_experience":137302,"relics_obtained":[{"floor":9.0,"key":"Bag of Preparation"}],"event_choices":[{"cards_removed":["rmod:defend"],"damage_healed":0.0,"max_hp_gain":0.0,"max_hp_loss":0.0,"gold_gain":0.0,"event_name":"Living Wall","player_choice":"Forget","floor":3.0,"gold_loss":0.0,"damage_taken":0.0},{"damage_healed":0.0,"max_hp_gain":0.0,"max_hp_loss":0.0,"gold_gain":0.0,"event_name":"Scrap Ooze","player_choice":"Success","floor":8.0,"gold_loss":0.0,"damage_taken":25.0,"relics_obtained":["Vajra"]}],"is_beta":false,"boss_relics":[],"items_purged_floors":[],"is_endless":false,"potions_floor_spawned":[2,4,5],"killed_by":"Gremlin Nob","ascension_level":11}}