{"host":"w8hjdfrntrrvtiu5","time":1611804068,"event":{"mods":["AchievementEnabler","BaseMod","BetterRewards","Conspire","Hubris","Marisa????????","Minty Spire (QoL Compilation)","Shop Mod","StSLib","Td1madao Mod","The Animator","egg","everything is the same but u backflip on backflip"],"gold_per_floor":[17,34,34,34,34,34,68,83,106,118,142,180,192,235,247,330,342,368,380,237,237,237,237,249,249,249],"floor_reached":25,"language":"ENG","playtime":685,"items_purged":[],"score":383,"play_id":"6e8c31f1-d504-4651-9ef2-ec4e621a4c19","local_time":"20210127222108","is_ascension_mode":true,"campfire_choices":[{"data":"Sword Boomerang","floor":6.0,"key":"SMITH"},{"floor":10.0,"key":"REST"},{"floor":15.0,"key":"REST"},{"data":"Infernal Blade","floor":23,"key":"SMITH"}],"circlet_count":0,"master_deck":["AscendersBane","conspire:GhostlyDefend","conspire:GhostlyDefend","conspire:GhostlyDefend","Bash+1","Berserk","Sword Boomerang+1","Inflame","Cleave","Thunderclap","Inflame","Impervious","Wild Strike","Infernal Blade+1","Bite","Bite","Bite","Bite","Bite","Flame Barrier"],"relics":["Burning Blood","Smiling Mask","MawBank","hubris:BottledRain","Nunchaku","Sozu","HandDrill"],"acts_visited":["Exordium","TheCity"],"potions_floor_usage":[25],"damage_taken":[{"damage":7.0,"enemies":"Jaw Worm","floor":1.0,"turns":4.0},{"damage":11.0,"enemies":"Small Slimes","floor":2.0,"turns":3.0},{"damage":35.0,"enemies":"3 Sentries","floor":7.0,"turns":5.0},{"damage":8.0,"enemies":"conspire:RoseBush","floor":8.0,"turns":4.0},{"damage":15.0,"enemies":"3 Louse","floor":11.0,"turns":3.0},{"damage":12.0,"enemies":"Gremlin Nob","floor":12.0,"turns":3.0},{"damage":30.0,"enemies":"3 Sentries","floor":14.0,"turns":4.0},{"damage":39,"enemies":"The Guardian","floor":16,"turns":7},{"damage":6,"enemies":"Spheric Guardian","floor":18,"turns":4},{"damage":24,"enemies":"2 Thieves","floor":24,"turns":3},{"damage":48,"enemies":"Slavers","floor":25,"turns":4}],"seed_played":"739268273591961117","potions_obtained":[{"floor":7.0,"key":"SkillPotion"},{"floor":8.0,"key":"DuplicationPotion"},{"floor":16,"key":"ColorlessPotion"}],"is_trial":false,"path_per_floor":["M","M","$","?","?","R","E","M","T","R","M","E","?","E","R","B",null,"M","?","$","?","?","R","M","E"],"character_chosen":"IRONCLAD","items_purchased":["HandDrill"],"campfire_rested":2,"item_purchase_floors":[20],"current_hp_per_floor":[71,66,66,66,66,66,37,35,35,59,50,44,44,20,44,11,63,63,63,63,56,56,56,42,0,0],"gold":249,"neow_bonus":"TRANSFORM_TWO_CARDS","is_daily":false,"chose_seed":false,"campfire_upgraded":2,"win_rate":0.0,"timestamp":1611804068,"path_taken":["M","M","$","?","?","R","E","M","T","R","M","E","?","E","R","BOSS","M","?","$","?","?","R","?","E"],"items_purchased_type":["Relic"],"build_version":"2020-12-22","purchased_purges":0,"victory":false,"max_hp_per_floor":[80,80,80,80,80,80,80,80,80,80,80,80,80,80,80,80,80,80,80,80,56,56,56,56,56,56],"card_choices":[{"not_picked":["Wild Strike","Sever Soul"],"picked":"Inflame","floor":1.0},{"not_picked":["Body Slam","True Grit"],"picked":"Cleave","floor":2.0},{"not_picked":["Heavy Blade","Fire Breathing","Twin Strike"],"picked":"SKIP","floor":7.0},{"not_picked":["Body Slam","Anger","Clothesline"],"picked":"SKIP","floor":8.0},{"not_picked":["conspire:HitWhereItHurts","Sever Soul"],"picked":"Thunderclap","floor":11.0},{"not_picked":["Rampage","Dark Embrace","Second Wind"],"picked":"SKIP","floor":12.0},{"not_picked":["Dark Embrace","Perfected Strike"],"picked":"Inflame","floor":14.0},{"not_picked":["Berserk","conspire:HitWhereItHurts"],"picked":"Impervious","floor":16},{"not_picked":["Flex","Twin Strike"],"picked":"Wild Strike","floor":18},{"not_picked":["Dual Wield+1","Wild Strike"],"picked":"Flame Barrier","floor":24}],"player_experience":2406952,"relics_obtained":[{"floor":7.0,"key":"Smiling Mask"},{"floor":9.0,"key":"MawBank"},{"floor":12.0,"key":"hubris:BottledRain"},{"floor":14.0,"key":"Nunchaku"}],"event_choices":[{"damage_healed":0.0,"max_hp_gain":0.0,"max_hp_loss":0.0,"gold_gain":0.0,"event_name":"Living Wall","player_choice":"Grow","floor":4.0,"gold_loss":0.0,"damage_taken":0.0,"cards_upgraded":["Bash"]},{"damage_healed":0.0,"max_hp_gain":0.0,"max_hp_loss":0.0,"gold_gain":0.0,"event_name":"conspire:LoneGhost","player_choice":"Agree","floor":5.0,"gold_loss":0.0,"damage_taken":0.0},{"damage_healed":0.0,"max_hp_gain":0.0,"max_hp_loss":0.0,"gold_gain":0.0,"event_name":"conspire:Investor","player_choice":"Leave","floor":13.0,"gold_loss":0.0,"damage_taken":0.0},{"damage_healed":0,"gold_gain":0,"player_choice":"Became a vampire","damage_taken":0,"max_hp_gain":0,"max_hp_loss":24,"event_name":"Vampires","floor":21,"gold_loss":0,"cards_obtained":["Bite","Bite","Bite","Bite","Bite"]},{"damage_healed":0,"gold_gain":0,"player_choice":"Got Potions","damage_taken":0,"max_hp_gain":0,"max_hp_loss":0,"event_name":"Lab","floor":22,"gold_loss":0}],"is_beta":false,"boss_relics":[{"not_picked":["Tiny House","Empty Cage"],"picked":"Sozu"}],"items_purged_floors":[],"is_endless":false,"potions_floor_spawned":[7,8,16],"killed_by":"Slavers","ascension_level":13}}