{"host":"qsusua7l529r8z9k","time":1611843678,"event":{"mods":["BaseMod","Minty Spire (QoL Compilation)","Spicy Shops","StSLib"],"gold_per_floor":[109,184,198,211,211,211,237,251,251,251,251],"floor_reached":10,"language":"ZHS","playtime":285,"items_purged":[],"score":128,"play_id":"aa45b01c-962d-4048-85b0-654173b479a6","local_time":"20210128222118","is_ascension_mode":true,"campfire_choices":[{"data":"Sunder","floor":6.0,"key":"SMITH"}],"circlet_count":0,"master_deck":["AscendersBane","Strike_B","Strike_B","Strike_B","Strike_B","Defend_B","Defend_B","Defend_B","Defend_B","Zap","Dualcast","Sunder+1","Cold Snap","Genetic Algorithm"],"relics":["Cracked Core","Unceasing Top","Spirit Poop","StrikeDummy","Torii"],"acts_visited":["Exordium"],"potions_floor_usage":[7],"damage_taken":[{"damage":2.0,"enemies":"Jaw Worm","floor":1.0,"turns":3.0},{"damage":5.0,"enemies":"2 Louse","floor":3.0,"turns":2.0},{"damage":6.0,"enemies":"Cultist","floor":4.0,"turns":3.0},{"damage":24,"enemies":"Lagavulin","floor":7,"turns":7},{"damage":9,"enemies":"Lots of Slimes","floor":8,"turns":4},{"damage":8,"enemies":"Gremlin Nob","floor":10,"turns":2}],"seed_played":"-4756830454648683483","potions_obtained":[{"floor":1.0,"key":"Dexterity Potion"}],"is_trial":false,"path_per_floor":["M","?","M","M","?","R","E","M","T","E"],"character_chosen":"DEFECT","items_purchased":[],"campfire_rested":0,"item_purchase_floors":[],"current_hp_per_floor":[62,51,46,40,40,40,16,7,7,0,0],"gold":251,"neow_bonus":"ONE_RARE_RELIC","is_daily":false,"chose_seed":false,"campfire_upgraded":1,"win_rate":0.0,"timestamp":1611843678,"path_taken":["M","?","M","M","?","R","E","?","T","E"],"items_purchased_type":[],"build_version":"2020-12-22","purchased_purges":0,"victory":false,"max_hp_per_floor":[71,71,71,71,71,71,71,71,71,71,71],"card_choices":[{"not_picked":["Rip and Tear","Barrage"],"picked":"Sunder","floor":1.0},{"not_picked":["Streamline","Storm","Force Field"],"picked":"SKIP","floor":3.0},{"not_picked":["Hello World","Conserve Battery"],"picked":"Cold Snap","floor":4.0},{"not_picked":["Undo","Steam"],"picked":"Genetic Algorithm","floor":7},{"not_picked":["Compile Driver","Sweeping Beam","Steam Power"],"picked":"SKIP","floor":8}],"player_experience":532341,"relics_obtained":[{"floor":7,"key":"StrikeDummy"},{"floor":9,"key":"Torii"}],"event_choices":[{"damage_healed":0.0,"max_hp_gain":0.0,"max_hp_loss":0.0,"gold_gain":75.0,"event_name":"World of Goop","player_choice":"Gather Gold","floor":2.0,"gold_loss":0.0,"damage_taken":11.0},{"cards_removed":["Clumsy"],"damage_healed":0.0,"max_hp_gain":0.0,"max_hp_loss":0.0,"gold_gain":0.0,"event_name":"Bonfire Elementals","player_choice":"Offered Curse","floor":5.0,"gold_loss":0.0,"damage_taken":0.0,"relics_obtained":["Spirit Poop"]}],"is_beta":false,"boss_relics":[],"items_purged_floors":[],"is_endless":false,"potions_floor_spawned":[1],"killed_by":"Gremlin Nob","ascension_level":18}}