{"host":"ufl0k2so27eic2iy","time":1611841535,"event":{"mods":["BaseMod","Downfall","Minty Spire (QoL Compilation)","StSLib","The Animator"],"gold_per_floor":[119,44,70,70,70,70,105,118,118,114,174,174,224,239,239,316,316,316,16,16,16,16,16,16,16,16,16,16,16,16,16,16,16,16,16,16],"floor_reached":35,"language":"ENG","playtime":2219,"items_purged":["animator:Strike","animator:Strike"],"score":733,"play_id":"551bf251-10e7-4370-b22f-8555f0df79ff","local_time":"20210128134535","is_ascension_mode":true,"campfire_choices":[{"data":"animator:ShidoItsuka","floor":6.0,"key":"SMITH"},{"floor":12.0,"key":"REST"},{"data":"animator:ShidoItsuka","floor":15.0,"key":"SMITH"},{"floor":24.0,"key":"REST"},{"floor":27.0,"key":"REST"},{"floor":32,"key":"REST"}],"circlet_count":0,"master_deck":["AscendersBane","animator:Defend_DateALive","animator:Defend","animator:Defend","animator:Defend+1","animator:ShidoItsuka+1","animator:YamaiSisters","animator:HidekiHinata","animator:Benimaru","animator:Priestess","animator:ShidoItsuka+1","animator:OrigamiTobiichi","animator:CowGirl","animator:YamaiSisters","animator:Shizu","animator:YuiTsuruno","animator:Yusa+1","animator:Souei+1","animator:Kaijin","animator:MikuIzayoi+1","animator:NiaHonjou+1","animator:JunSakurada+4","animator:SayakaMiki+1","animator:Vesta+1","animator:NoriSakurada+1","animator:Veldora+1","animator:HomuraAkemi+1"],"relics":["animator:LivingPicture","animator:TheMissingPiece","Blue Candle","SsserpentHead","Ginger","Gremlin Horn","Toxic Egg 2","Ectoplasm","TwistedFunnel","Prayer Wheel","Tiny Chest","WingedGreaves","Eternal Feather","animator:CursedGlyph","Empty Cage"],"acts_visited":["Exordium","TheCity","TheBeyond"],"potions_floor_usage":[],"damage_taken":[{"damage":1.0,"enemies":"Jaw Worm","floor":1.0,"turns":5.0},{"damage":7.0,"enemies":"Small Slimes","floor":3.0,"turns":4.0},{"damage":18.0,"enemies":"Lagavulin","floor":7.0,"turns":7.0},{"damage":0.0,"enemies":"Cultist","floor":8.0,"turns":3.0},{"damage":23.0,"enemies":"Exordium Thugs","floor":10.0,"turns":5.0},{"damage":1.0,"enemies":"Blue Slaver","floor":11.0,"turns":4.0},{"damage":1.0,"enemies":"Lots of Slimes","floor":14.0,"turns":3.0},{"damage":10.0,"enemies":"Hexaghost","floor":16.0,"turns":10.0},{"damage":0.0,"enemies":"3 Byrds","floor":18.0,"turns":4.0},{"damage":0.0,"enemies":"Shell Parasite","floor":21.0,"turns":5.0},{"damage":10.0,"enemies":"Shelled Parasite and Fungi","floor":22.0,"turns":7.0},{"damage":37.0,"enemies":"Slavers","floor":23.0,"turns":7.0},{"damage":7.0,"enemies":"Book of Stabbing","floor":25.0,"turns":6.0},{"damage":16.0,"enemies":"Sentry and Sphere","floor":28.0,"turns":6.0},{"damage":4.0,"enemies":"Centurion and Healer","floor":29.0,"turns":9.0},{"damage":10.0,"enemies":"Shelled Parasite and Fungi","floor":30.0,"turns":7.0},{"damage":10.0,"enemies":"Gremlin Leader","floor":31.0,"turns":8.0},{"damage":45,"enemies":"Collector","floor":33,"turns":12},{"damage":20,"enemies":"3 Darklings","floor":35,"turns":2}],"seed_played":"-850015195974481385","potions_obtained":[{"floor":7.0,"key":"SpeedPotion"},{"floor":8.0,"key":"PowerPotion"},{"floor":11.0,"key":"FearPotion"},{"floor":16.0,"key":"Guardian:BlockOnCardUsePotion"},{"floor":21.0,"key":"Weak Potion"},{"floor":28.0,"key":"Regen Potion"},{"floor":30.0,"key":"SneckoOil"},{"floor":33,"key":"Ancient Potion"}],"is_trial":false,"path_per_floor":["M","$","M","?","?","R","E","M","T","M","M","R","T","M","R","B",null,"M","$","?","M","M","E","R","E","T","R","M","M","M","E","R","B",null,"M"],"character_chosen":"THE_ANIMATOR","items_purchased":["TwistedFunnel","animator:Yusa+1"],"campfire_rested":4,"item_purchase_floors":[19,19],"current_hp_per_floor":[59,59,52,47,47,47,29,29,29,6,5,24,24,23,23,14,54,54,54,54,54,45,9,29,22,22,42,26,38,28,18,52,7,51,31,31],"gold":16,"neow_bonus":"TEN_PERCENT_HP_BONUS","is_daily":false,"chose_seed":true,"campfire_upgraded":2,"win_rate":0.0,"timestamp":1611841535,"path_taken":["M","$","M","?","?","R","E","M","T","M","?","R","?","M","R","BOSS","M","$","?","?","M","E","R","E","T","R","?","M","M","E","R","BOSS","M"],"items_purchased_type":["Relic","Card"],"build_version":"2020-12-22","purchased_purges":2,"victory":false,"max_hp_per_floor":[66,66,66,66,66,66,66,66,66,66,66,66,66,66,66,67,67,67,67,67,67,68,69,69,69,69,69,69,70,70,66,66,66,66,66,66],"card_choices":[{"not_picked":["animator:Shigure","animator:GuildGirl"],"picked":"animator:HidekiHinata","floor":1.0},{"not_picked":["animator:NagisaMomoe","animator:ShidoItsuka"],"picked":"animator:Benimaru","floor":3.0},{"not_picked":["animator:HighElfArcher","animator:Suigintou"],"picked":"animator:Priestess","floor":7.0},{"not_picked":["animator:Natsumi","animator:MikuIzayoi"],"picked":"animator:ShidoItsuka","floor":8.0},{"not_picked":["animator:Shirosaki","animator:DwarfShaman"],"picked":"animator:OrigamiTobiichi","floor":10.0},{"not_picked":["animator:Chaa","animator:NiaHonjou"],"picked":"animator:CowGirl","floor":11.0},{"not_picked":["animator:KyokoSakura","animator:Suiseiseki+1"],"picked":"animator:YamaiSisters","floor":14.0},{"not_picked":["animator:KanadeTachibana+1","animator:GoblinSlayer"],"picked":"animator:Shizu","floor":16.0},{"not_picked":["animator:IrohaTamaki","animator:Walpurgisnacht"],"picked":"animator:YuiTsuruno","floor":18.0},{"not_picked":["animator:Suiseiseki+1","animator:Spearman"],"picked":"animator:Souei+1","floor":21.0},{"not_picked":["animator:Shirosaki+1","animator:Yuuichirou"],"picked":"animator:Kaijin","floor":22.0},{"not_picked":["animator:Shion","animator:OrikoMikuni+1"],"picked":"animator:MikuIzayoi+1","floor":23.0},{"not_picked":["animator:MikuIzayoi+1","animator:OrigamiTobiichi"],"picked":"animator:NiaHonjou+1","floor":25.0},{"not_picked":["animator:Vesta+1","animator:CowGirl+1"],"picked":"animator:JunSakurada+1","floor":28.0},{"not_picked":["animator:NiaHonjou+1","animator:DwarfShaman","animator:Suiseiseki+1"],"picked":"SKIP","floor":28.0},{"not_picked":["animator:Kaijin","animator:Yoichi+1"],"picked":"animator:SayakaMiki+1","floor":29.0},{"not_picked":["animator:Souseiseki","animator:Yuuichirou"],"picked":"animator:Vesta+1","floor":29.0},{"not_picked":["animator:KyokoSakura","animator:HiiragiShinya+1"],"picked":"animator:JunSakurada+1","floor":30.0},{"not_picked":["animator:TomoeKashiwaba","animator:Yuuichirou+1"],"picked":"animator:NoriSakurada+1","floor":30.0},{"not_picked":["animator:Millim","animator:GazelDwargon"],"picked":"animator:Veldora","floor":31},{"not_picked":["animator:Enju","animator:KurumiTokisaki"],"picked":"animator:HomuraAkemi+1","floor":33}],"player_experience":2777729,"relics_obtained":[{"floor":7.0,"key":"Ginger"},{"floor":9.0,"key":"Gremlin Horn"},{"floor":13.0,"key":"Toxic Egg 2"},{"floor":23.0,"key":"Prayer Wheel"},{"floor":25.0,"key":"Tiny Chest"},{"floor":26.0,"key":"WingedGreaves"},{"floor":31,"key":"Eternal Feather"},{"floor":31,"key":"animator:CursedGlyph"}],"event_choices":[{"damage_healed":0.0,"max_hp_gain":0.0,"max_hp_loss":0.0,"gold_gain":0.0,"event_name":"FaceTrader","player_choice":"Trade","floor":5.0,"gold_loss":0.0,"damage_taken":0.0,"relics_obtained":["SsserpentHead"]},{"damage_healed":0.0,"max_hp_gain":0.0,"max_hp_loss":0.0,"gold_gain":50.0,"event_name":"Golden Shrine","player_choice":"Pray","floor":20.0,"gold_loss":0.0,"damage_taken":0.0}],"is_beta":false,"boss_relics":[{"not_picked":["Pandora\u0027s Box","Velvet Choker"],"picked":"Ectoplasm"},{"not_picked":["animator:RacePiece","SacredBark"],"picked":"Empty Cage"}],"items_purged_floors":[2,19],"is_endless":false,"potions_floor_spawned":[7,8,11,16,21,28,30,33],"killed_by":"3 Darklings","ascension_level":15}}