{"host":"sc0o2qwpf9j16a4i","time":1611839915,"event":{"mods":["AchievementEnabler","BaseMod","BetterRewards","Block Reminder","Colored Map","Colored Powertips","Custom Start","Highlight Path","Minty Spire (QoL Compilation)","Relic Stats"],"gold_per_floor":[114,14,189,12,12,44,60,110,135,163,183,198,198,198],"floor_reached":13,"language":"ENG","playtime":582,"items_purged":["Doubt"],"score":178,"play_id":"dcdd67ed-459e-47ed-b68c-5cf695e7c64d","local_time":"20210128151835","daily_mods":["Shiny","Diverse","Elite Swarm"],"is_ascension_mode":false,"campfire_choices":[],"circlet_count":0,"master_deck":["Judgement","ConjureBlade","MasterReality","Brilliance","Devotion","Blasphemy","Ragnarok","LessonLearned","Scrawl","Vault","Alpha","Wish","Omniscience","Establishment","SpiritShield","DevaForm","DeusExMachina","Multi-Cast","Hyperbeam","Biased Cognition","Machine Learning","Electrodynamics","Buffer","Rainbow","Seek","Meteor Strike","Echo Form","All For One","Reboot","Amplify","Creative AI","Fission","Core Surge","Venomology","Corpse Explosion","Malaise","Phantasmal Killer","Die Die Die","Adrenaline","Envenom","Doppelganger","Burst","Wraith Form v2","Tools of the Trade","Night Terror","Unload","After Image","Bullet Time","Storm of Steel","Glass Knife","A Thousand Cuts","Grand Finale","Double Tap","Demon Form","Bludgeon","Feed","Limit Break","Corruption","Barricade","Fiend Fire","Berserk","Impervious","Juggernaut","Brutality","Reaper","Exhume","Offering","Immolate","Reaper","Reaper","Adrenaline","Devotion","DeceiveReality"],"relics":["Ring of the Snake","Happy Flower","Shuriken","PreservedInsect","Regal Pillow"],"acts_visited":["Exordium"],"potions_floor_usage":[6,6,6,11,13],"damage_taken":[{"damage":0,"enemies":"Cultist","floor":1,"turns":3},{"damage":0,"enemies":"Gremlin Nob","floor":6,"turns":3},{"damage":0,"enemies":"2 Louse","floor":7,"turns":1},{"damage":22,"enemies":"Lagavulin","floor":8,"turns":9},{"damage":20,"enemies":"3 Sentries","floor":10,"turns":3},{"damage":0,"enemies":"Jaw Worm","floor":11,"turns":6},{"damage":0,"enemies":"2 Fungi Beasts","floor":12,"turns":2},{"damage":100058,"enemies":"Gremlin Nob","floor":13,"turns":6}],"seed_played":"6914271337303179815","potions_obtained":[{"floor":6,"key":"LiquidBronze"},{"floor":10,"key":"SneckoOil"},{"floor":12,"key":"FearPotion"}],"is_trial":true,"path_per_floor":["M","$","?","$","?","E","M","E","T","E","M","M","E"],"character_chosen":"THE_SILENT","items_purchased":["Fruit Juice","Swift Potion","Explosive Potion"],"campfire_rested":0,"item_purchase_floors":[2,4,4],"current_hp_per_floor":[70,70,70,70,70,75,78,56,56,36,47,47,0,0],"gold":198,"neow_bonus":"","is_daily":false,"chose_seed":false,"campfire_upgraded":0,"win_rate":0.0,"timestamp":1611839915,"path_taken":["M","$","?","$","?","E","?","E","T","E","M","M","E"],"items_purchased_type":["Potion","Potion","Potion"],"build_version":"2020-12-22","purchased_purges":1,"victory":false,"max_hp_per_floor":[70,70,70,70,70,75,78,78,78,78,78,78,78,78],"relic_stats":{"Regal Pillow":0,"Happy Flower":[9],"counters":[8,32],"Shuriken":[1],"PreservedInsect":53,"obtain_stats":[{"Regal Pillow":10,"Happy Flower":6,"Shuriken":8,"PreservedInsect":9,"Ring of the Snake":0},{"Regal Pillow":5,"Happy Flower":2,"Shuriken":4,"PreservedInsect":4,"Ring of the Snake":0},{"Regal Pillow":19,"Happy Flower":6,"Shuriken":16,"PreservedInsect":16,"Ring of the Snake":0}],"Ring of the Snake":[16]},"card_choices":[{"not_picked":["Cleave","Endless Agony","Distraction"],"picked":"SKIP","floor":1},{"not_picked":["ConjureBlade","Corpse Explosion"],"picked":"Reaper","floor":6},{"not_picked":["ClearTheMind","Undo","Heatsinks"],"picked":"SKIP","floor":7},{"not_picked":["Berserk","Devotion"],"picked":"Adrenaline","floor":8},{"not_picked":["Fission","Reboot"],"picked":"Devotion","floor":10},{"not_picked":["Go for the Eyes","ClearTheMind"],"picked":"DeceiveReality","floor":11},{"not_picked":["Ghostly Armor","SashWhip","Indignation"],"picked":"SKIP","floor":12}],"player_experience":1019873,"relics_obtained":[{"floor":6,"key":"Happy Flower"},{"floor":8,"key":"Shuriken"},{"floor":9,"key":"PreservedInsect"},{"floor":10,"key":"Regal Pillow"}],"event_choices":[{"damage_healed":0,"gold_gain":175,"player_choice":"AGREE","damage_taken":0,"max_hp_gain":0,"max_hp_loss":0,"event_name":"Liars Game","floor":3,"gold_loss":0,"cards_obtained":["Doubt"]},{"damage_healed":0,"gold_gain":0,"cards_transformed":["Thunder Strike"],"player_choice":"Transformed","damage_taken":0,"max_hp_gain":0,"max_hp_loss":0,"event_name":"Transmorgrifier","floor":5,"gold_loss":0,"cards_obtained":["Reaper"]}],"is_beta":false,"boss_relics":[],"items_purged_floors":[4],"is_endless":false,"potions_floor_spawned":[6,10,12],"killed_by":"Gremlin Nob","ascension_level":0}}