{"host":"sq4meqxtkbsvyucx","time":1611872033,"event":{"mods":["2.2 Compatiblity","Aspiration","BaseMod","BetterRewards","Googly Eyes","Highlight Path","Hubris","Infinite Spire","Marisa????????","Mimic Mod","Minty Spire (QoL Compilation)","Rare Cards Sparkle","Replay The Spire","Shop Mod","StSLib","SuperFastMode","The Jungle","Unceasing Turn Reminder"],"gold_per_floor":[117,129,145,220,220,220,253,253,277,27,46,11,22,22,22],"floor_reached":14,"language":"ENG","playtime":3834,"items_purged":[],"score":167,"play_id":"b35aa06e-9037-468e-8efe-32b01a85d3f0","local_time":"20210128221353","is_ascension_mode":true,"campfire_choices":[{"data":"Loop","floor":6,"key":"SMITH"},{"floor":8,"key":"REST"}],"circlet_count":0,"master_deck":["AscendersBane","Strike_B","Strike_B","Strike_B","Strike_B","Defend_B","Defend_B+1","Defend_B","Defend_B+1","Zap","Dualcast","Loop+1","Defragment","aspiration:Polymerization","Double Energy","Static Discharge","Capacitor","Machine Learning","Conserve Battery"],"relics":["Cracked Core","hubris:Towel","Replay:Baseball","Simple Rune","Lee\u0027s Waffle"],"acts_visited":["Exordium"],"potions_floor_usage":[11,13],"damage_taken":[{"damage":1,"enemies":"2 Louse","floor":1,"turns":3},{"damage":4,"enemies":"Jaw Worm","floor":2,"turns":3},{"damage":7,"enemies":"Small Slimes","floor":3,"turns":3},{"damage":30,"enemies":"Lagavulin","floor":7,"turns":6},{"damage":13,"enemies":"Blue Slaver","floor":11,"turns":4},{"damage":59,"enemies":"Gremlin Gang","floor":13,"turns":4},{"damage":2,"enemies":"Gremlin Nob","floor":14,"turns":3}],"seed_played":"-7370553579345187546","potions_obtained":[{"floor":2,"key":"Swift Potion"},{"floor":3,"key":"Strength Potion"},{"floor":7,"key":"Energy Potion"}],"is_trial":false,"path_per_floor":["M","M","M","?","?","R","E","R","T","$","M","?","M","E"],"character_chosen":"DEFECT","items_purchased":["Lee\u0027s Waffle","Capacitor"],"campfire_rested":1,"item_purchase_floors":[10,10],"current_hp_per_floor":[63,59,52,41,41,41,11,32,32,78,65,78,19,17,17],"gold":22,"neow_bonus":"THREE_CARDS","is_daily":false,"chose_seed":false,"campfire_upgraded":1,"win_rate":0.0,"timestamp":1611872033,"path_taken":["M","M","M","?","?","R","E","R","T","$","M","?","M","E"],"items_purchased_type":["Relic","Card"],"build_version":"2020-12-22","purchased_purges":0,"victory":false,"max_hp_per_floor":[71,71,71,71,71,71,71,71,71,78,78,78,78,78,78],"card_choices":[{"not_picked":["Auto Shields","ReplaySort"],"picked":"Loop","floor":0},{"not_picked":["Panic Button","Self Repair"],"picked":"Defragment","floor":1},{"not_picked":["Stack","Scrape"],"picked":"aspiration:Polymerization","floor":2},{"not_picked":["Stack","Scrape"],"picked":"Double Energy","floor":3},{"not_picked":["Beam Cell","BasicCrystalCard"],"picked":"Static Discharge","floor":7},{"not_picked":["Coolheaded","BasicCrystalCard"],"picked":"Machine Learning","floor":11},{"not_picked":["Heatsinks","Hologram"],"picked":"Conserve Battery","floor":13}],"player_experience":296250,"relics_obtained":[{"floor":7,"key":"Replay:Baseball"},{"floor":9,"key":"Simple Rune"}],"event_choices":[{"damage_healed":0,"gold_gain":75,"player_choice":"Gather Gold","damage_taken":11,"max_hp_gain":0,"max_hp_loss":0,"event_name":"World of Goop","floor":4,"gold_loss":0},{"damage_healed":19,"gold_gain":0,"player_choice":"Healed","damage_taken":0,"max_hp_gain":0,"max_hp_loss":0,"event_name":"The Cleric","floor":12,"gold_loss":35}],"is_beta":false,"boss_relics":[],"items_purged_floors":[],"is_endless":false,"potions_floor_spawned":[2,3,7],"killed_by":"Gremlin Nob","ascension_level":17}}