{"host":"mnpd8gh7cwxsn5kh","time":1611875890,"event":{"mods":["BaseMod","Bestiary","Block Reminder","Colored Map","Colored Powertips","Highlight Path","Minty Spire (QoL Compilation)","Relic Sorter","Relic Stats"],"gold_per_floor":[115,115,115,8,29,69,69,103,103,103,8,46,67,82,82,210,210,224,249,249,168,181,181,221,221,248,272,197,197,197,197],"floor_reached":30,"language":"ENG","playtime":2256,"items_purged":[],"score":379,"play_id":"26eb09c8-dcfe-4799-b25e-b7f46fe33dc2","local_time":"20210129001810","is_ascension_mode":true,"campfire_choices":[{"data":"Eruption","floor":10,"key":"SMITH"},{"data":"TalkToTheHand","floor":15,"key":"SMITH"},{"floor":23,"key":"REST"},{"data":"SpiritShield","floor":25,"key":"SMITH"}],"circlet_count":0,"master_deck":["Strike_P","Strike_P","Strike_P","Strike_P","Defend_P","Defend_P","Defend_P","Defend_P","Eruption+1","Vigilance","Halt","Conclude","Wireheading","SandsOfTime","CutThroughFate","FollowUp","ThirdEye","FlurryOfBlows","TalkToTheHand+1","FollowUp","Protect","SpiritShield+1","CutThroughFate","LikeWater+1","RitualDagger","LikeWater","Tantrum","EmptyBody+1","ClearTheMind","Nirvana"],"relics":["Runic Pyramid","Golden Idol","TungstenRod","Omamori","White Beast Statue","Akabeko","Snecko Eye","Centennial Puzzle","PreservedInsect"],"acts_visited":["Exordium","TheCity"],"potions_floor_usage":[13,16,18,18,24,27,30,30],"damage_taken":[{"damage":0,"enemies":"Cultist","floor":1,"turns":4},{"damage":5,"enemies":"2 Louse","floor":5,"turns":3},{"damage":12,"enemies":"Lagavulin","floor":6,"turns":6},{"damage":12,"enemies":"3 Sentries","floor":8,"turns":4},{"damage":7,"enemies":"Lagavulin","floor":12,"turns":5},{"damage":0,"enemies":"Jaw Worm","floor":13,"turns":1},{"damage":0,"enemies":"Large Slime","floor":14,"turns":3},{"damage":0,"enemies":"The Guardian","floor":16,"turns":6},{"damage":4,"enemies":"2 Thieves","floor":18,"turns":3},{"damage":0,"enemies":"Chosen","floor":19,"turns":3},{"damage":25,"enemies":"Snake Plant","floor":22,"turns":3},{"damage":9,"enemies":"Slavers","floor":24,"turns":5},{"damage":18,"enemies":"Snecko","floor":27,"turns":7},{"damage":52,"enemies":"Book of Stabbing","floor":30,"turns":6}],"seed_played":"-1861542933449383162","potions_obtained":[{"floor":6,"key":"Dexterity Potion"},{"floor":8,"key":"Strength Potion"},{"floor":12,"key":"Swift Potion"},{"floor":13,"key":"AttackPotion"},{"floor":16,"key":"Dexterity Potion"},{"floor":18,"key":"Regen Potion"},{"floor":19,"key":"Dexterity Potion"},{"floor":22,"key":"ColorlessPotion"},{"floor":24,"key":"EssenceOfSteel"},{"floor":27,"key":"SpeedPotion"}],"is_trial":false,"path_per_floor":["M","$","?","$","M","E","?","E","T","R","$","E","M","M","R","B",null,"M","M","?","$","M","R","E","R","T","M","$","?","E"],"character_chosen":"WATCHER","items_purchased":["Conclude","Wireheading","ThirdEye","FlurryOfBlows","LikeWater","Nirvana"],"campfire_rested":1,"item_purchase_floors":[4,4,11,11,21,28],"current_hp_per_floor":[72,72,67,67,62,50,55,43,43,43,43,36,36,36,36,36,72,68,68,63,63,38,59,64,64,64,46,46,46,0,0],"gold":197,"neow_bonus":"BOSS_RELIC","is_daily":false,"chose_seed":false,"campfire_upgraded":3,"win_rate":0.0,"timestamp":1611875890,"path_taken":["M","?","?","?","M","E","?","E","T","R","$","E","?","M","R","BOSS","M","M","?","$","M","R","E","R","T","M","$","?","E"],"items_purchased_type":["Card","Card","Card","Card","Card","Card"],"build_version":"2020-12-22","purchased_purges":0,"victory":false,"max_hp_per_floor":[72,72,67,67,67,67,72,72,72,72,72,72,72,72,72,72,72,72,72,72,72,72,72,72,72,72,72,72,72,72,72],"relic_stats":{"Centennial Puzzle":[4],"counters":[14,59],"Golden Idol":84,"Snecko Eye":[34,30,28,40],"PreservedInsect":41,"obtain_stats":[{"Centennial Puzzle":24,"Golden Idol":3,"Snecko Eye":17,"PreservedInsect":26,"Omamori":8,"PureWater":0,"TungstenRod":6,"White Beast Statue":9,"Akabeko":12,"Runic Pyramid":0},{"Centennial Puzzle":12,"Golden Idol":1,"Snecko Eye":8,"PreservedInsect":12,"Omamori":4,"PureWater":0,"TungstenRod":3,"White Beast Statue":4,"Akabeko":5,"Runic Pyramid":0},{"Centennial Puzzle":46,"Golden Idol":4,"Snecko Eye":32,"PreservedInsect":46,"Omamori":17,"PureWater":0,"TungstenRod":13,"White Beast Statue":17,"Akabeko":22,"Runic Pyramid":0}],"TungstenRod":21},"card_choices":[{"not_picked":["Evaluate","BattleHymn"],"picked":"Halt","floor":1},{"not_picked":["BattleHymn","Pray"],"picked":"SandsOfTime","floor":5},{"not_picked":["ClearTheMind","Vengeance"],"picked":"CutThroughFate","floor":6},{"not_picked":["Halt","CarveReality"],"picked":"FollowUp","floor":8},{"not_picked":["FlyingSleeves","JustLucky"],"picked":"TalkToTheHand","floor":12},{"not_picked":["CarveReality","Consecrate"],"picked":"FollowUp","floor":13},{"not_picked":["Fasting2","Wireheading"],"picked":"Protect","floor":14},{"not_picked":["Devotion","Vault"],"picked":"SpiritShield","floor":16},{"not_picked":["Prostrate","Conclude+1"],"picked":"CutThroughFate","floor":18},{"not_picked":["Swivel","Adaptation"],"picked":"LikeWater+1","floor":19},{"not_picked":["FlurryOfBlows","EmptyBody+1"],"picked":"Tantrum","floor":22},{"not_picked":["ClearTheMind","Weave+1"],"picked":"EmptyBody+1","floor":24},{"not_picked":["Evaluate","PathToVictory"],"picked":"ClearTheMind","floor":27}],"player_experience":158341,"relics_obtained":[{"floor":6,"key":"TungstenRod"},{"floor":8,"key":"Omamori"},{"floor":9,"key":"White Beast Statue"},{"floor":12,"key":"Akabeko"},{"floor":24,"key":"Centennial Puzzle"},{"floor":26,"key":"PreservedInsect"}],"event_choices":[{"damage_healed":0,"gold_gain":0,"player_choice":"Lose Max HP","damage_taken":0,"relics_obtained":["Golden Idol"],"max_hp_gain":0,"max_hp_loss":5,"event_name":"Golden Idol","floor":3,"gold_loss":0},{"damage_healed":0,"gold_gain":0,"player_choice":"Donut","damage_taken":0,"max_hp_gain":5,"max_hp_loss":0,"event_name":"Big Fish","floor":7,"gold_loss":0},{"damage_healed":0,"gold_gain":0,"player_choice":"Joined the Cult","damage_taken":6,"max_hp_gain":0,"max_hp_loss":0,"event_name":"Nest","floor":20,"gold_loss":0,"cards_obtained":["RitualDagger"]},{"damage_healed":0,"gold_gain":0,"player_choice":"Ignored","damage_taken":0,"max_hp_gain":0,"max_hp_loss":0,"event_name":"Ghosts","floor":29,"gold_loss":0}],"is_beta":false,"boss_relics":[{"not_picked":["Ectoplasm","VioletLotus"],"picked":"Snecko Eye"}],"items_purged_floors":[],"is_endless":false,"potions_floor_spawned":[6,8,12,13,14,16,18,19,22,24,27],"killed_by":"Book of Stabbing","ascension_level":4}}