{"host":"lzlnscgb2n0l5w2m","time":1611836696,"event":{"mods":["AchievementEnabler","BaseMod","Block Reminder","Colored Powertips","Googly Eyes","Highlight Path","Minty Spire (QoL Compilation)","Permanent Neow","Relic Stats","StSLib"],"gold_per_floor":[109,109,284,133,144,144,160,160,160,192,192,218,218,237,237,237,237],"floor_reached":16,"language":"ZHT","playtime":1314,"items_purged":["Doubt"],"score":146,"play_id":"650437cc-c8e3-4b56-9d83-985e9d40ba7c","local_time":"20210128202456","is_ascension_mode":true,"campfire_choices":[{"data":"Undo","floor":6,"key":"SMITH"},{"data":"Genetic Algorithm","floor":8,"key":"SMITH"},{"floor":13,"key":"REST"},{"data":"Machine Learning","floor":15,"key":"SMITH"}],"circlet_count":0,"master_deck":["Strike_B","Strike_B","Strike_B","Defend_B","Defend_B","Defend_B","Zap","Dualcast","Sweeping Beam","Skim","FTL","Undo+1","Genetic Algorithm+1","Reinforced Body","Machine Learning+1","Turbo"],"relics":["Nuclear Battery","PreservedInsect","Letter Opener","Eternal Feather"],"acts_visited":["Exordium"],"potions_floor_usage":[12],"damage_taken":[{"damage":0,"enemies":"2 Louse","floor":1,"turns":3},{"damage":3,"enemies":"Small Slimes","floor":5,"turns":3},{"damage":2,"enemies":"Jaw Worm","floor":7,"turns":3},{"damage":34,"enemies":"Gremlin Nob","floor":10,"turns":4},{"damage":0,"enemies":"3 Sentries","floor":12,"turns":3},{"damage":8,"enemies":"Large Slime","floor":14,"turns":5},{"damage":61,"enemies":"Hexaghost","floor":16,"turns":16}],"seed_played":"8939162042541725941","potions_obtained":[{"floor":5,"key":"LiquidBronze"}],"is_trial":false,"path_per_floor":["M","?","?","$","M","R","M","R","T","E","?","E","R","M","R","B"],"character_chosen":"DEFECT","items_purchased":["FTL"],"campfire_rested":1,"item_purchase_floors":[4],"current_hp_per_floor":[75,75,75,75,72,72,70,70,70,36,29,29,60,52,61,0,0],"gold":237,"neow_bonus":"BOSS_RELIC","is_daily":false,"chose_seed":false,"campfire_upgraded":3,"win_rate":0.0,"timestamp":1611836696,"path_taken":["M","?","?","$","M","R","M","R","T","E","?","E","R","M","R","BOSS"],"items_purchased_type":["Card"],"build_version":"2020-12-22","purchased_purges":1,"victory":false,"max_hp_per_floor":[75,75,75,75,75,75,75,75,75,75,75,75,75,75,75,75,75],"relic_stats":{"counters":[7,37],"Eternal Feather":18,"PreservedInsect":51,"Letter Opener":[45],"obtain_stats":[{"Eternal Feather":12,"PreservedInsect":9,"Letter Opener":10,"Cracked Core":0,"Nuclear Battery":0},{"Eternal Feather":5,"PreservedInsect":3,"Letter Opener":4,"Cracked Core":0,"Nuclear Battery":0},{"Eternal Feather":16,"PreservedInsect":9,"Letter Opener":13,"Cracked Core":0,"Nuclear Battery":0}]},"card_choices":[{"not_picked":["Barrage","Stack"],"picked":"Sweeping Beam","floor":1},{"not_picked":["Go for the Eyes","Defragment"],"picked":"Undo","floor":5},{"not_picked":["Fusion","Beam Cell"],"picked":"Genetic Algorithm","floor":7},{"not_picked":["Compile Driver","Beam Cell"],"picked":"Reinforced Body","floor":10},{"not_picked":["Go for the Eyes","Skim"],"picked":"Machine Learning","floor":12},{"not_picked":["Ball Lightning","Steam"],"picked":"Turbo","floor":14}],"player_experience":270450,"relics_obtained":[{"floor":9,"key":"PreservedInsect"},{"floor":10,"key":"Letter Opener"},{"floor":12,"key":"Eternal Feather"}],"event_choices":[{"damage_healed":0,"gold_gain":0,"cards_transformed":["Strike_B"],"player_choice":"Change","damage_taken":0,"max_hp_gain":0,"max_hp_loss":0,"event_name":"Living Wall","floor":2,"gold_loss":0,"cards_obtained":["Skim"]},{"damage_healed":0,"gold_gain":175,"player_choice":"AGREE","damage_taken":0,"max_hp_gain":0,"max_hp_loss":0,"event_name":"Liars Game","floor":3,"gold_loss":0,"cards_obtained":["Doubt"]},{"cards_removed":["Defend_B"],"damage_healed":0,"gold_gain":0,"player_choice":"Card Removal","damage_taken":7,"max_hp_gain":0,"max_hp_loss":0,"event_name":"Golden Wing","floor":11,"gold_loss":0}],"is_beta":false,"boss_relics":[],"items_purged_floors":[4],"is_endless":false,"potions_floor_spawned":[5],"killed_by":"Hexaghost","ascension_level":2}}