{"host":"xnmm48bggm313m0r","time":1611816655,"event":{"mods":["Arknights The Spire","BaseMod","Curses Come First","KOR Keyword Fix","Minty Spire (QoL Compilation)","Replay The Spire","StSLib","The Hierophant","The Runesmith","The Servant 0.9.4"],"gold_per_floor":[99,118,118,133,151,184,184,184,184,184,184,184,184,201,231,6,6,104,104,120,120,132,32,32,32,44,63,63,81,81,81,94,107,107,204,204,219,269,287,341,358,358,384,259,341,341,341,444,444,444,242,261,86,261,261,280,280,280,280,296,309,343,358,358,460,460,480,793,810,823,484,484,230,230,255,255,255,255,269,289,289,389,389,407,439,214,224,270,270,270,270,270],"floor_reached":91,"language":"KOR","playtime":3893,"items_purged":["Dark Embrace+1","Infernal Blade","Heavy Blade","ReplayTheSpireMod:Strike From Hell","Specialist","ReplayTheSpireMod:LeadingStrike","Infernal Blade+1"],"score":1786,"play_id":"d558e65f-bf5e-49c1-87d9-45ce2647daf6","local_time":"20210128155055","daily_mods":["Draft","Vintage","Heirloom","Time Dilation"],"is_ascension_mode":false,"campfire_choices":[{"data":"Thunderclap","floor":7,"key":"SMITH"},{"data":"DevaForm","floor":10,"key":"SMITH"},{"data":"Echo Form","floor":13,"key":"SMITH"},{"data":"Flame Barrier","floor":17,"key":"SMITH"},{"data":"Flame Barrier","floor":25,"key":"SMITH"},{"data":"Armaments","floor":34,"key":"SMITH"},{"data":"Run Through","floor":42,"key":"SMITH"},{"data":"Ghostly Armor","floor":46,"key":"SMITH"},{"data":"Apotheosis","floor":55,"key":"SMITH"},{"data":"Shrug It Off","floor":59,"key":"SMITH"},{"floor":64,"key":"DIG"},{"data":"FlawlessForm","floor":74,"key":"SMITH"},{"data":"Infernal Blade","floor":77,"key":"SMITH"},{"data":"Body Slam","floor":81,"key":"SMITH"},{"data":"Searing Blow+1","floor":90,"key":"SMITH"}],"circlet_count":0,"master_deck":["Demon Form","Wraith Form v2","Echo Form+1","DevaForm+1","FlawlessForm+1","ReplayTheSpireMod:Limb From Limb+1","Shrug It Off","Armaments+1","Shrug It Off","Ghostly Armor+1","Flame Barrier+1","Run Through+1","Shrug It Off+1","Thunderclap+1","ReplayTheSpireMod:Limb From Limb+1","Flame Barrier+1","Offering","Barricade+1","Pommel Strike+1","Fire Breathing+1","Juggernaut+1","Demon Form+1","Body Slam","Apotheosis+1","Doubt","Spot Weakness","Body Slam+1","Reaper+1","HandOfGreed+1","Cleave+1","Cleave+1","Searing Blow+2"],"relics":["Unceasing Top","Replay:Kaleidoscope","StrikeDummy","TungstenRod","PreservedInsect","Whetstone","Pen Nib","Bag of Preparation","Odd Mushroom","Vajra","SacredBark","Replay:Rubber Ducky","Bag of Marbles","Onion Ring","Dream Catcher","Lantern","Akabeko","Mummified Hand","Frozen Egg 2","Ornamental Fan","Ring of Chaos","Turnip","Thread and Needle","Replay:Mystery Machine","HornCleat","Calipers","MealTicket","Blue Candle","Runesmith:AutoHammer","Du-Vu Doll","Replay:Bottled Snecko","Oddly Smooth Stone","Prayer Wheel","Molten Egg 2","Shuriken","Old Coin","Potion Belt","Pear","BranchBurnRelic","Runesmith:Nanobots","Magic Flower","Nunchaku","The Courier","Peace Pipe"],"acts_visited":["Exordium","TheCity","TheBeyond","Exordium","TheCity","TheBeyond"],"potions_floor_usage":[6,18,22,29,32,35,43,48,48,65,75,82,85,89,89],"damage_taken":[{"damage":5,"enemies":"Jaw Worm","floor":2,"turns":4},{"damage":0,"enemies":"2 Louse","floor":4,"turns":3},{"damage":0,"enemies":"Cultist","floor":5,"turns":4},{"damage":12,"enemies":"3 Sentries","floor":6,"turns":7},{"damage":9,"enemies":"Exordium Wildlife","floor":14,"turns":3},{"damage":24,"enemies":"The Mushroom Lair","floor":15,"turns":5},{"damage":14,"enemies":"Hexaghost","floor":18,"turns":6},{"damage":20,"enemies":"Chosen","floor":20,"turns":5},{"damage":0,"enemies":"Spheric Guardian","floor":22,"turns":3},{"damage":9,"enemies":"Centurion and Healer","floor":26,"turns":8},{"damage":5,"enemies":"3 Cultists","floor":27,"turns":4},{"damage":0,"enemies":"Snake Plant","floor":29,"turns":4},{"damage":0,"enemies":"Centurion and Healer","floor":32,"turns":1},{"damage":0,"enemies":"Sentry and Sphere","floor":33,"turns":2},{"damage":5,"enemies":"Automaton","floor":35,"turns":6},{"damage":0,"enemies":"3 Darklings","floor":37,"turns":3},{"damage":5,"enemies":"Mind Bloom Boss Battle","floor":38,"turns":5},{"damage":0,"enemies":"Orb Walker","floor":39,"turns":2},{"damage":5,"enemies":"Transient","floor":41,"turns":5},{"damage":0,"enemies":"R_Hoarder","floor":43,"turns":7},{"damage":5,"enemies":"Replay:Hell Engine","floor":48,"turns":7},{"damage":0,"enemies":"2 Louse","floor":52,"turns":1},{"damage":0,"enemies":"Cultist","floor":56,"turns":2},{"damage":0,"enemies":"Jaw Worm","floor":60,"turns":1},{"damage":0,"enemies":"3 Louse","floor":61,"turns":2},{"damage":5,"enemies":"Gremlin Nob","floor":62,"turns":2},{"damage":3,"enemies":"Looter","floor":63,"turns":3},{"damage":0,"enemies":"Fading Forest","floor":65,"turns":10},{"damage":0,"enemies":"Chosen","floor":67,"turns":3},{"damage":0,"enemies":"3 Byrds","floor":68,"turns":4},{"damage":0,"enemies":"Sentry and Sphere","floor":69,"turns":5},{"damage":16,"enemies":"Shelled Parasite and Fungi","floor":70,"turns":4},{"damage":0,"enemies":"Slavers","floor":75,"turns":1},{"damage":0,"enemies":"Centurion and Healer","floor":79,"turns":3},{"damage":0,"enemies":"3 Cultists","floor":80,"turns":3},{"damage":0,"enemies":"Pondfish","floor":82,"turns":10},{"damage":0,"enemies":"Orb Walker","floor":84,"turns":2},{"damage":68,"enemies":"R_Hoarder","floor":85,"turns":8},{"damage":0,"enemies":"3 Darklings","floor":87,"turns":1},{"damage":9,"enemies":"2 Orb Walkers","floor":88,"turns":3},{"damage":0,"enemies":"Jaw Worm Horde","floor":89,"turns":1},{"damage":140,"enemies":"Reptomancer","floor":91,"turns":6}],"seed_played":"-4114911863714030052","potions_obtained":[{"floor":2,"key":"Strength Potion"},{"floor":4,"key":"Weak Potion"},{"floor":15,"key":"Block Potion"},{"floor":18,"key":"SmokeBomb"},{"floor":22,"key":"Cursed Concoction"},{"floor":26,"key":"Fire Potion"},{"floor":27,"key":"DuplicationPotion"},{"floor":33,"key":"Cursed Concoction"},{"floor":38,"key":"Fire Potion"},{"floor":39,"key":"SmokeBomb"},{"floor":41,"key":"Explosive Potion"},{"floor":43,"key":"PowerPotion"},{"floor":56,"key":"BloodPotion"},{"floor":62,"key":"Venom Potion"},{"floor":65,"key":"Milkshake"},{"floor":70,"key":"DistilledChaos"},{"floor":84,"key":"ColorlessPotion"},{"floor":85,"key":"Toxic Potion"},{"floor":87,"key":"Fire Potion"}],"is_trial":true,"path_per_floor":["?","M","?","M","M","E","R","?","T","R","PTL","PTL","R","M","?","$","R","B",null,"M","?","M","$","?","R","M","M","T","M","?","?","M","M","R","B",null,"M","?","M","?","M","R","E","$","T","R","?","B",null,"?","$","M","$","?","R","M","?","T","R","M","M","E","M","R","B",null,"M","M","M","M","$","?","$","R","E","?","R","?","M","M","R","B",null,"M","E","$","M","?","M","R","E"],"character_chosen":"IRONCLAD","items_purchased":["Vajra","Body Slam","Apotheosis","HandOfGreed+1","Cleave+1"],"campfire_rested":0,"item_purchase_floors":[16,51,53,71,73],"current_hp_per_floor":[80,75,75,75,75,63,63,90,90,90,90,90,90,81,57,57,57,43,90,70,60,60,60,60,60,51,46,46,46,46,46,46,46,46,41,90,90,85,85,64,59,59,59,74,74,74,74,69,90,90,90,90,90,90,90,90,90,90,90,90,90,85,82,82,82,90,90,90,90,88,100,100,100,100,100,100,100,100,100,100,100,100,100,100,53,68,68,59,59,59,0,0],"gold":270,"neow_bonus":"","is_daily":false,"chose_seed":false,"campfire_upgraded":14,"win_rate":0.0,"timestamp":1611816655,"path_taken":["?","M","?","?","M","E","R","?","T","R","PTL","PTL","R","?","?","$","R","BOSS","M","?","M","?","?","R","M","M","T","?","?","?","M","M","R","BOSS","M","?","M","?","M","R","E","$","T","R","?","BOSS","?","$","M","$","?","R","M","?","T","R","M","M","E","M","R","BOSS","M","M","M","M","$","?","?","R","E","?","R","?","M","M","R","BOSS","M","?","$","M","?","M","R","E"],"items_purchased_type":["Relic","Card","Card","Card","Card"],"build_version":"2020-12-22","purchased_purges":7,"victory":false,"max_hp_per_floor":[80,80,80,80,80,80,80,90,90,90,90,90,90,90,90,90,90,90,90,90,90,90,90,90,90,90,90,90,90,90,90,90,90,90,90,90,90,90,90,90,90,90,90,90,90,90,90,90,90,90,90,90,90,90,90,90,90,90,90,90,90,90,90,90,90,90,90,90,90,100,100,100,100,100,100,100,100,100,100,100,100,100,100,100,100,100,100,100,100,100,100,100],"card_choices":[{"not_picked":["Massacre","True Grit"],"picked":"ReplayTheSpireMod:Limb From Limb","floor":0},{"not_picked":["ReplayTheSpireMod:LeadingStrike","ReplayTheSpireMod:Strike From Hell"],"picked":"Flex","floor":0},{"not_picked":["Wild Strike","Replay:Undeath\u0027s Touch"],"picked":"Shrug It Off","floor":0},{"not_picked":["Burning Pact","Clothesline"],"picked":"ReplayTheSpireMod:LeadingStrike","floor":0},{"not_picked":["Whirlwind","Abandon"],"picked":"Armaments","floor":0},{"not_picked":["Twin Strike","Pommel Strike"],"picked":"Shrug It Off","floor":0},{"not_picked":["ReplayTheSpireMod:Strike From Hell","Armaments"],"picked":"Ghostly Armor","floor":0},{"not_picked":["Ghostly Armor","Whirlwind"],"picked":"Flame Barrier","floor":0},{"not_picked":["Inflame","Wild Strike"],"picked":"ReplayTheSpireMod:Strike From Hell","floor":0},{"not_picked":["Sever Soul","Intimidate"],"picked":"Run Through","floor":0},{"not_picked":["Headbutt","Run Through"],"picked":"Shrug It Off","floor":0},{"not_picked":["Flex","Perfected Strike"],"picked":"Thunderclap","floor":0},{"not_picked":["True Grit","Headbutt"],"picked":"ReplayTheSpireMod:Limb From Limb","floor":0},{"not_picked":["Run Through","Warcry"],"picked":"Infernal Blade","floor":0},{"not_picked":["Thunderclap","Twin Strike"],"picked":"Heavy Blade","floor":0},{"not_picked":["Uppercut","Thunderclap"],"picked":"Infernal Blade","floor":6},{"not_picked":["ReplayReversal","Clothesline"],"picked":"Flame Barrier","floor":15},{"not_picked":["Double Tap","Brutality"],"picked":"Offering","floor":18},{"not_picked":["Berserk+1","Offering"],"picked":"Barricade+1","floor":35},{"not_picked":["Shrug It Off+1","Flex"],"picked":"Pommel Strike+1","floor":38},{"not_picked":["Iron Wave","Inflame+1"],"picked":"Fire Breathing+1","floor":40},{"not_picked":["Flex+1","Clash+1"],"picked":"Sentinel+1","floor":40},{"not_picked":["Wild Strike+1","Sword Boomerang"],"picked":"Heavy Blade","floor":43},{"not_picked":["Reaper","Immolate"],"picked":"Juggernaut+1","floor":48},{"not_picked":["Infernal Blade","Burning Pact"],"picked":"Body Slam","floor":62},{"not_picked":["Fiend Fire+1","Barricade+1"],"picked":"Reaper+1","floor":65},{"not_picked":["ReplayTheSpireMod:Muscle Training","Sever Soul+1"],"picked":"Cleave+1","floor":75},{"not_picked":["Ghostly Armor","Replay:Undeath\u0027s Touch+1"],"picked":"Searing Blow+1","floor":85}],"player_experience":144230,"relics_obtained":[{"floor":2,"key":"StrikeDummy"},{"floor":4,"key":"TungstenRod"},{"floor":5,"key":"PreservedInsect"},{"floor":6,"key":"Whetstone"},{"floor":9,"key":"Pen Nib"},{"floor":14,"key":"Bag of Preparation"},{"floor":15,"key":"Odd Mushroom"},{"floor":20,"key":"Replay:Rubber Ducky"},{"floor":22,"key":"Bag of Marbles"},{"floor":26,"key":"Dream Catcher"},{"floor":27,"key":"Lantern"},{"floor":28,"key":"Akabeko"},{"floor":29,"key":"Mummified Hand"},{"floor":32,"key":"Frozen Egg 2"},{"floor":33,"key":"Ornamental Fan"},{"floor":37,"key":"Turnip"},{"floor":38,"key":"Thread and Needle"},{"floor":39,"key":"Replay:Mystery Machine"},{"floor":40,"key":"HornCleat"},{"floor":41,"key":"Calipers"},{"floor":43,"key":"MealTicket"},{"floor":45,"key":"Blue Candle"},{"floor":52,"key":"Runesmith:AutoHammer"},{"floor":56,"key":"Du-Vu Doll"},{"floor":58,"key":"Replay:Bottled Snecko"},{"floor":60,"key":"Oddly Smooth Stone"},{"floor":61,"key":"Prayer Wheel"},{"floor":63,"key":"Molten Egg 2"},{"floor":64,"key":"Shuriken"},{"floor":67,"key":"Dead Branch"},{"floor":68,"key":"Old Coin"},{"floor":69,"key":"Potion Belt"},{"floor":70,"key":"Pear"},{"floor":79,"key":"Runesmith:Nanobots"},{"floor":80,"key":"Magic Flower"},{"floor":84,"key":"Nunchaku"},{"floor":87,"key":"The Courier"},{"floor":88,"key":"Peace Pipe"}],"event_choices":[{"damage_healed":0,"gold_gain":0,"player_choice":"Ignored","damage_taken":0,"max_hp_gain":0,"max_hp_loss":0,"event_name":"NoteForYourself","floor":3,"gold_loss":0},{"cards_removed":["Runesmith:CreatorForm"],"damage_healed":17,"gold_gain":0,"player_choice":"Offered Rare","damage_taken":0,"max_hp_gain":10,"max_hp_loss":0,"event_name":"Bonfire Elementals","floor":8,"gold_loss":0},{"damage_healed":0,"gold_gain":0,"player_choice":"Fought Mushrooms","damage_taken":0,"max_hp_gain":0,"max_hp_loss":0,"event_name":"Mushrooms","floor":15,"gold_loss":0},{"damage_healed":0,"gold_gain":0,"player_choice":"CARD ","damage_taken":12,"max_hp_gain":0,"max_hp_loss":0,"event_name":"Knowing Skull","floor":21,"potions_obtained":[],"gold_loss":0,"cards_obtained":["Specialist"]},{"damage_healed":0,"gold_gain":0,"player_choice":"Gave Potion","damage_taken":0,"relics_obtained":["Onion Ring"],"max_hp_gain":0,"max_hp_loss":0,"event_name":"WeMeetAgain","floor":24,"gold_loss":0},{"damage_healed":0,"gold_gain":0,"player_choice":"Ignored","damage_taken":0,"max_hp_gain":0,"max_hp_loss":0,"event_name":"Ghosts","floor":30,"gold_loss":0},{"damage_healed":0,"gold_gain":0,"player_choice":"Ignored","damage_taken":0,"max_hp_gain":0,"max_hp_loss":0,"event_name":"Cursed Tome","floor":31,"gold_loss":0},{"damage_healed":0,"gold_gain":0,"player_choice":"Fight","damage_taken":0,"max_hp_gain":0,"max_hp_loss":0,"event_name":"MindBloom","floor":38,"gold_loss":0},{"damage_healed":0,"gold_gain":0,"player_choice":"Took Portal","damage_taken":0,"max_hp_gain":0,"max_hp_loss":0,"event_name":"SecretPortal","floor":47,"gold_loss":0},{"damage_healed":0,"gold_gain":175,"player_choice":"AGREE","damage_taken":0,"max_hp_gain":0,"max_hp_loss":0,"event_name":"Liars Game","floor":54,"gold_loss":0,"cards_obtained":["Doubt"]},{"damage_healed":0,"gold_gain":0,"cards_transformed":["Flex"],"player_choice":"Transformed","damage_taken":0,"max_hp_gain":0,"max_hp_loss":0,"event_name":"Transmorgrifier","floor":57,"gold_loss":0,"cards_obtained":["Spot Weakness"]},{"damage_healed":0,"gold_gain":0,"player_choice":"Ignored","damage_taken":0,"max_hp_gain":0,"max_hp_loss":0,"event_name":"The Mausoleum","floor":72,"gold_loss":0},{"damage_healed":0,"gold_gain":0,"player_choice":"Ignored","damage_taken":0,"max_hp_gain":0,"max_hp_loss":0,"event_name":"Ghosts","floor":76,"gold_loss":0},{"damage_healed":0,"gold_gain":0,"player_choice":"Leave","damage_taken":0,"max_hp_gain":0,"max_hp_loss":0,"event_name":"FaceTrader","floor":78,"gold_loss":0},{"damage_healed":0,"gold_gain":0,"player_choice":"Fight","damage_taken":0,"max_hp_gain":0,"max_hp_loss":0,"event_name":"Mysterious Sphere","floor":88,"gold_loss":0}],"is_beta":false,"boss_relics":[{"not_picked":["Coffee Dripper","Painkiller Herb"],"picked":"SacredBark"},{"not_picked":["Replay:Ancient Bell","Fusion Hammer"],"picked":"Ring of Chaos"},{"not_picked":["Velvet Choker","Cursed Key","Busted Crown"]},{"not_picked":["BlightedDurian"],"picked":"Scatterbrain"},{"not_picked":["VoidEssence"],"picked":"TwistingMind"}],"items_purged_floors":[16,23,44,51,71,73,86],"is_endless":true,"potions_floor_spawned":[2,4,15,18,22,26,27,33,38,39,41,43,56,62,65,67,70,84,85,87],"killed_by":"Reptomancer","ascension_level":0}}