{"host":"gzk4gkgy3zij1c51","time":1611852581,"event":{"mods":["BaseMod","Colored Map","Downfall","Highlight Path","Marked Mod","Minty Spire (QoL Compilation)","Relic Stats","StSLib","everything is the same but u backflip on backflip"],"gold_per_floor":[99,99,99,99,199,259,259,309,324,324,349,360,260,19,34,137,137,137,149,163,12,62,82,109,135,10,10,10,10],"floor_reached":27,"language":"ENG","playtime":1796,"items_purged":["Slimebound:Strike_Slimebound"],"score":359,"play_id":"a765bd20-5828-45de-8a62-3f7abd774d8b","local_time":"20210128164941","is_ascension_mode":true,"campfire_choices":[{"data":"Slimebound:Split","floor":1.0,"key":"SMITH"},{"data":"Slimebound:LevelUp","floor":10.0,"key":"SMITH"},{"floor":18.0,"key":"RECALL"}],"circlet_count":0,"master_deck":["Slimebound:Strike_Slimebound","Slimebound:Strike_Slimebound","Slimebound:Tackle","Slimebound:Defend_Slimebound","Slimebound:Defend_Slimebound","Slimebound:Defend_Slimebound","Slimebound:Defend_Slimebound","Slimebound:Split+1","Slimebound:CorrosiveSpit","Slimebound:SplitSpecialist","Slimebound:ServeAndProtect","Slimebound:LevelUp+1","Slimebound:SplitMire","Slimebound:ItLooksTasty","Slimebound:SplitAcid","Slimebound:PressTheAttack","Slimebound:MegaLick","Slimebound:TongueLash","Slimebound:Repurpose","expansioncontent:Hexaburn","Slimebound:PrepareCrush","Slimebound:LivingWall","Slimebound:SplitSpecialist","Slimebound:Gluttony","Slimebound:Replication","Slimebound:Recollect"],"relics":["Slimebound:AbsorbEndCombat","downfall:HeartsMalice","downfall:CloakOfManyFaces","CultistMask","FaceOfCleric","NlothsMask","GremlinMask","SsserpentHead","Blue Candle","Membership Card","Busted Crown","Lee\u0027s Waffle","Bag of Marbles","champ:Barbells"],"acts_visited":["Exordium","TheCity"],"potions_floor_usage":[],"damage_taken":[{"damage":0.0,"enemies":"2 Louse","floor":2.0,"turns":1.0},{"damage":0.0,"enemies":"Cultist","floor":3.0,"turns":1.0},{"damage":0.0,"enemies":"Small Slimes","floor":4.0,"turns":1.0},{"damage":25.0,"enemies":"downfall:FaceTrader","floor":5.0,"turns":10.0},{"damage":6.0,"enemies":"2 Fungi Beasts","floor":6.0,"turns":4.0},{"damage":0.0,"enemies":"Red Slaver","floor":9.0,"turns":4.0},{"damage":41.0,"enemies":"Gremlin Nob","floor":11.0,"turns":4.0},{"damage":11.0,"enemies":"Blue Slaver","floor":12.0,"turns":3.0},{"damage":5.0,"enemies":"downfall:FleeingMerchant","floor":14.0,"turns":4.0},{"damage":23.0,"enemies":"2 Fungi Beasts","floor":15.0,"turns":4.0},{"damage":15.0,"enemies":"IC_STATUS_ARCHETYPE","floor":16.0,"turns":8.0},{"damage":17.0,"enemies":"Chosen","floor":19.0,"turns":4.0},{"damage":18.0,"enemies":"3 Byrds","floor":20.0,"turns":6.0},{"damage":10.0,"enemies":"downfall:FleeingMerchant","floor":21.0,"turns":4.0},{"damage":21.0,"enemies":"Snake Plant","floor":23.0,"turns":6.0},{"damage":62.0,"enemies":"Book of Stabbing","floor":25.0,"turns":6.0},{"damage":15.0,"enemies":"downfall:FleeingMerchant","floor":26.0,"turns":4.0},{"damage":29,"enemies":"Slavers","floor":27,"turns":1}],"seed_played":"-6837269983265989350","potions_obtained":[{"floor":5.0,"key":"Dexterity Potion"},{"floor":6.0,"key":"Weak Potion"},{"floor":9.0,"key":"Slimebound:ThreeZeroPotion"},{"floor":15.0,"key":"Guardian:BlockOnCardUsePotion"},{"floor":23.0,"key":"Energy Potion"},{"floor":25.0,"key":"SteroidPotion"}],"is_trial":false,"path_per_floor":["R","M","M","M","?","M","T","?","M","R","E","M","?","$","M","B",null,"R","M","M","$","?","M","T","E","$","E"],"character_chosen":"SLIMEBOUND","items_purchased":["Membership Card","Slimebound:Repurpose","expansioncontent:Hexaburn","Slimebound:Gluttony","Lee\u0027s Waffle","Slimebound:Replication","champ:Barbells"],"campfire_rested":0,"item_purchase_floors":[14,14,14,21,21,21,26],"current_hp_per_floor":[59,59,59,59,42,41,41,46,53,53,19,13,84,84,66,58,80,80,68,59,97,97,81,81,28,18,0,0,0],"gold":10,"neow_bonus":"THREE_ENEMY_KILL","is_daily":false,"chose_seed":false,"campfire_upgraded":2,"win_rate":0.0,"timestamp":1611852581,"path_taken":["R","M","M","M","?","?","T","?","M","R","E","M","?","$","M","BOSS","R","M","M","$","?","M","T","E","$","E"],"items_purchased_type":["Relic","Card","Card","Card","Relic","Card","Relic"],"build_version":"2020-12-22","purchased_purges":1,"victory":false,"max_hp_per_floor":[65,65,65,65,65,66,66,71,72,72,73,74,84,85,86,87,87,87,88,89,97,97,98,98,99,100,100,100,100],"relic_stats":{"SsserpentHead":200,"Lee\u0027s Waffle":41,"Busted Crown":12,"FaceOfCleric":13,"counters":[18,69],"Blue Candle":[0],"obtain_stats":[{"champ:Barbells":26,"Lee\u0027s Waffle":21,"Blue Candle":11,"downfall:HeartsMalice":0,"GremlinMask":5,"SsserpentHead":5,"Busted Crown":17,"FaceOfCleric":5,"CultistMask":5,"Slimebound:AbsorbEndCombat":0,"downfall:CloakOfManyFaces":5,"Bag of Marbles":25,"Membership Card":14,"NlothsMask":5},{"champ:Barbells":17,"Lee\u0027s Waffle":14,"Blue Candle":7,"downfall:HeartsMalice":0,"GremlinMask":4,"SsserpentHead":4,"Busted Crown":11,"FaceOfCleric":4,"CultistMask":4,"Slimebound:AbsorbEndCombat":0,"downfall:CloakOfManyFaces":4,"Bag of Marbles":16,"Membership Card":9,"NlothsMask":4},{"champ:Barbells":68,"Lee\u0027s Waffle":52,"Blue Candle":20,"downfall:HeartsMalice":0,"GremlinMask":9,"SsserpentHead":9,"Busted Crown":38,"FaceOfCleric":9,"CultistMask":9,"Slimebound:AbsorbEndCombat":0,"downfall:CloakOfManyFaces":9,"Bag of Marbles":64,"Membership Card":27,"NlothsMask":9}]},"card_choices":[{"not_picked":["Slimebound:ForwardTackle","Slimebound:ItLooksTasty"],"picked":"Slimebound:SplitSpecialist","floor":2.0},{"not_picked":["Slimebound:Grow","Slimebound:BestDefense"],"picked":"Slimebound:ServeAndProtect","floor":3.0},{"not_picked":["Slimebound:LivingWall","Slimebound:SplitLeeching"],"picked":"Slimebound:LevelUp","floor":4.0},{"not_picked":["Slimebound:ComboTackle","Slimebound:ItLooksTasty"],"picked":"Slimebound:SplitMire","floor":5.0},{"not_picked":["Slimebound:FinishingTackle","Slimebound:Dissolve"],"picked":"Slimebound:ItLooksTasty","floor":6.0},{"not_picked":["Slimebound:Schlurp","Slimebound:SplitLeeching"],"picked":"Slimebound:SplitAcid","floor":9.0},{"not_picked":["Slimebound:RollThrough","Slimebound:WasteNot"],"picked":"Slimebound:PressTheAttack","floor":11.0},{"not_picked":["Slimebound:RollThrough","Slimebound:GoopSpray"],"picked":"Slimebound:MegaLick","floor":12.0},{"not_picked":["Slimebound:ComboTackle","Slimebound:DivideAndConquer"],"picked":"Slimebound:TongueLash","floor":14.0},{"not_picked":["Slimebound:LevelUp","Slimebound:ItLooksTasty","Slimebound:ViciousTackle"],"picked":"SKIP","floor":15.0},{"not_picked":["Slimebound:RallyTheTroops","Slimebound:LeechLife"],"picked":"Slimebound:PrepareCrush","floor":16.0},{"not_picked":[],"picked":"Slimebound:LivingWall","floor":19.0},{"not_picked":["Slimebound:LeechingTouch"],"picked":"SKIP","floor":20.0},{"not_picked":[],"picked":"Slimebound:SplitSpecialist","floor":21.0},{"not_picked":["Slimebound:Schlurp"],"picked":"SKIP","floor":23.0},{"not_picked":["Slimebound:TongueLash"],"picked":"SKIP","floor":25.0},{"not_picked":["Slimebound:SplitBruiser+1"],"picked":"SKIP","floor":26.0}],"player_experience":1085426,"relics_obtained":[{"floor":5.0,"key":"downfall:CloakOfManyFaces"},{"floor":11.0,"key":"Blue Candle"},{"floor":25.0,"key":"Bag of Marbles"}],"event_choices":[{"damage_healed":0.0,"max_hp_gain":5.0,"max_hp_loss":0.0,"gold_gain":0.0,"event_name":"Big Fish","player_choice":"Donut","floor":8.0,"gold_loss":0.0,"damage_taken":0.0},{"damage_healed":0.0,"max_hp_gain":0.0,"max_hp_loss":0.0,"gold_gain":0.0,"event_name":"The Library","player_choice":"Read","floor":22.0,"gold_loss":0.0,"damage_taken":0.0,"cards_obtained":["Slimebound:Recollect"]}],"is_beta":false,"boss_relics":[{"not_picked":["Empty Cage","Astrolabe"],"picked":"Busted Crown"}],"items_purged_floors":[26],"is_endless":false,"potions_floor_spawned":[5,6,9,15,23,25],"killed_by":"Slavers","ascension_level":7}}