{"host":"wq0pzln9h9r005f2","time":1611800228,"event":{"mods":["AchievementEnabler","BaseMod","Googly Eyes","Highlight Path","Minty Spire (QoL Compilation)","Quick Restart","Rare Cards Sparkle","Relic Stats","The IronCluck","egg"],"gold_per_floor":[119,119,194,194,213,213,213,227,227,227,239,239,262,307,319,408,420,447,559,582,613,638,650,676,166,166,166,256,287,298,1,1,80,80,96,96,96,106,124,124,124,152,152,152,152,152],"floor_reached":45,"language":"ENG","playtime":924,"items_purged":["Defend_R"],"score":761,"play_id":"7edf8657-2f97-460a-b84a-7081b87dfef6","local_time":"20210127191708","is_ascension_mode":true,"campfire_choices":[{"data":"Bash","floor":6,"key":"SMITH"},{"data":"Cleave","floor":10,"key":"SMITH"},{"data":"Whirlwind","floor":12,"key":"SMITH"},{"floor":15,"key":"REST"},{"floor":23,"key":"REST"},{"floor":27,"key":"REST"},{"floor":32,"key":"REST"},{"floor":40,"key":"REST"},{"floor":44,"key":"REST"}],"circlet_count":0,"master_deck":["AscendersBane","Strike_R","Strike_R","Strike_R","Strike_R","Defend_R","Defend_R","Defend_R","Bash+1","Whirlwind+1","Offering","Flex","Inflame+1","Limit Break","Seeing Red"],"relics":["Burning Blood","Lantern","TungstenRod","Unceasing Top","MawBank","Happy Flower","Fusion Hammer","Oddly Smooth Stone","Bag of Preparation","Boot","Juzu Bracelet","Ice Cream","Velvet Choker","Nunchaku","Bottled Flame"],"acts_visited":["Exordium","TheCity","TheBeyond"],"potions_floor_usage":[14,16,21,33,33,45],"damage_taken":[{"damage":0,"enemies":"2 Louse","floor":1,"turns":2},{"damage":0,"enemies":"Small Slimes","floor":5,"turns":3},{"damage":9,"enemies":"Cultist","floor":8,"turns":4},{"damage":24,"enemies":"Exordium Thugs","floor":11,"turns":4},{"damage":17,"enemies":"3 Sentries","floor":14,"turns":5},{"damage":48,"enemies":"Slime Boss","floor":16,"turns":11},{"damage":5,"enemies":"3 Byrds","floor":18,"turns":1},{"damage":5,"enemies":"Spheric Guardian","floor":20,"turns":3},{"damage":5,"enemies":"3 Cultists","floor":21,"turns":2},{"damage":15,"enemies":"Chosen and Byrds","floor":22,"turns":3},{"damage":33,"enemies":"Snake Plant","floor":24,"turns":3},{"damage":20,"enemies":"Gremlin Leader","floor":29,"turns":4},{"damage":8,"enemies":"Snecko","floor":30,"turns":3},{"damage":27,"enemies":"Collector","floor":33,"turns":3},{"damage":28,"enemies":"3 Darklings","floor":35,"turns":3},{"damage":5,"enemies":"Orb Walker","floor":38,"turns":1},{"damage":20,"enemies":"Spire Growth","floor":39,"turns":3},{"damage":57,"enemies":"Reptomancer","floor":42,"turns":5},{"damage":68,"enemies":"Nemesis","floor":45,"turns":3}],"seed_played":"6454175872244368801","potions_obtained":[{"floor":5,"key":"DistilledChaos"},{"floor":14,"key":"SteroidPotion"},{"floor":16,"key":"AttackPotion"},{"floor":21,"key":"SpeedPotion"},{"floor":24,"key":"FearPotion"},{"floor":33,"key":"Ancient Potion"},{"floor":35,"key":"Energy Potion"}],"is_trial":false,"path_per_floor":["M","?","?","?","M","R","?","M","T","R","M","R","T","E","R","B",null,"M","?","M","M","M","R","M","$","T","R","?","E","M","$","R","B",null,"M","?","$","M","M","R","?","E","T","R","E"],"character_chosen":"IRONCLAD","items_purchased":["Limit Break","Oddly Smooth Stone","Bag of Preparation","Ice Cream"],"campfire_rested":6,"item_purchase_floors":[25,25,25,31],"current_hp_per_floor":[78,78,67,67,73,73,70,67,67,67,49,49,49,38,62,20,65,66,66,67,68,59,80,53,53,53,77,67,53,51,51,75,54,74,52,52,52,53,39,63,68,17,17,41,0,0],"gold":152,"neow_bonus":"RANDOM_COMMON_RELIC","is_daily":false,"chose_seed":false,"campfire_upgraded":3,"win_rate":0.0,"timestamp":1611800228,"path_taken":["M","?","?","?","M","R","?","M","T","R","M","R","?","E","R","BOSS","M","?","M","M","M","R","?","$","T","R","?","E","M","$","R","BOSS","M","?","$","M","M","R","?","E","T","R","E"],"items_purchased_type":["Card","Relic","Relic","Relic"],"build_version":"2020-12-22","purchased_purges":1,"victory":false,"max_hp_per_floor":[80,80,80,80,80,80,80,80,80,80,80,80,80,80,80,80,80,80,80,80,80,80,80,80,80,80,80,80,80,80,80,80,80,80,80,80,80,80,80,80,80,80,80,80,80,80],"relic_stats":{"Nunchaku":[0],"Happy Flower":[16],"counters":[19,66],"Bag of Preparation":[16],"Juzu Bracelet":1,"MawBank":144,"Boot":[14],"obtain_stats":[{"Ice Cream":31,"Lantern":0,"Happy Flower":14,"Oddly Smooth Stone":25,"Velvet Choker":34,"Bag of Preparation":25,"Juzu Bracelet":29,"MawBank":13,"Boot":26,"Burning Blood":0,"Nunchaku":42,"Bottled Flame":43,"Fusion Hammer":17,"TungstenRod":7,"Unceasing Top":9},{"Ice Cream":13,"Lantern":0,"Happy Flower":5,"Oddly Smooth Stone":11,"Velvet Choker":14,"Bag of Preparation":11,"Juzu Bracelet":12,"MawBank":4,"Boot":11,"Burning Blood":0,"Nunchaku":18,"Bottled Flame":18,"Fusion Hammer":6,"TungstenRod":2,"Unceasing Top":3},{"Ice Cream":48,"Lantern":0,"Happy Flower":18,"Oddly Smooth Stone":41,"Velvet Choker":51,"Bag of Preparation":41,"Juzu Bracelet":45,"MawBank":13,"Boot":41,"Burning Blood":0,"Nunchaku":63,"Bottled Flame":63,"Fusion Hammer":29,"TungstenRod":5,"Unceasing Top":9}],"Burning Blood":108,"TungstenRod":57,"Unceasing Top":[2]},"card_choices":[{"not_picked":["Wild Strike","Iron Wave","Perfected Strike"],"picked":"SKIP","floor":1},{"not_picked":["Sentinel","Havoc"],"picked":"Cleave","floor":5},{"not_picked":["Thunderclap","Armaments","Perfected Strike"],"picked":"SKIP","floor":8},{"not_picked":["Flame Barrier","Twin Strike"],"picked":"Whirlwind","floor":11},{"not_picked":["Clash","Armaments","Uppercut"],"picked":"SKIP","floor":14},{"not_picked":["Juggernaut","Bludgeon"],"picked":"Offering","floor":16},{"not_picked":["Body Slam","Dual Wield","Rupture"],"picked":"SKIP","floor":18},{"not_picked":["Anger","Clash","Rampage"],"picked":"SKIP","floor":20},{"not_picked":["Fire Breathing","Carnage"],"picked":"Flex","floor":21},{"not_picked":["Blood for Blood","Flex","Feel No Pain"],"picked":"SKIP","floor":22},{"not_picked":["Brutality","Cleave"],"picked":"Inflame+1","floor":24},{"not_picked":["Ghostly Armor+1","Battle Trance","Intimidate"],"picked":"SKIP","floor":29},{"not_picked":["Evolve","Spot Weakness","Clothesline"],"picked":"SKIP","floor":30},{"not_picked":["Pummel","Pommel Strike","Feel No Pain"],"picked":"SKIP","floor":35},{"not_picked":["Disarm+1","Headbutt","Armaments"],"picked":"SKIP","floor":38},{"not_picked":["Iron Wave","Disarm","Inflame"],"picked":"SKIP","floor":39},{"not_picked":["True Grit","Dark Embrace+1","Battle Trance+1"],"picked":"SKIP","floor":42}],"player_experience":93417,"relics_obtained":[{"floor":9,"key":"Unceasing Top"},{"floor":13,"key":"MawBank"},{"floor":14,"key":"Happy Flower"},{"floor":26,"key":"Boot"},{"floor":29,"key":"Juzu Bracelet"},{"floor":42,"key":"Nunchaku"},{"floor":43,"key":"Bottled Flame"}],"event_choices":[{"damage_healed":0,"gold_gain":0,"player_choice":"Ignored","damage_taken":0,"max_hp_gain":0,"max_hp_loss":0,"event_name":"Liars Game","floor":2,"gold_loss":0},{"damage_healed":0,"gold_gain":75,"player_choice":"Gather Gold","damage_taken":11,"max_hp_gain":0,"max_hp_loss":0,"event_name":"World of Goop","floor":3,"gold_loss":0},{"damage_healed":0,"gold_gain":0,"player_choice":"Ignored","damage_taken":0,"max_hp_gain":0,"max_hp_loss":0,"event_name":"Golden Idol","floor":4,"gold_loss":0},{"damage_healed":0,"gold_gain":0,"player_choice":"Success","damage_taken":3,"relics_obtained":["TungstenRod"],"max_hp_gain":0,"max_hp_loss":0,"event_name":"Scrap Ooze","floor":7,"gold_loss":0},{"damage_healed":0,"gold_gain":100,"player_choice":"Pray","damage_taken":0,"max_hp_gain":0,"max_hp_loss":0,"event_name":"Golden Shrine","floor":19,"gold_loss":0},{"damage_healed":0,"gold_gain":90,"player_choice":"GOLD ","damage_taken":12,"max_hp_gain":0,"max_hp_loss":0,"event_name":"Knowing Skull","floor":28,"potions_obtained":[],"gold_loss":0,"cards_obtained":[]},{"damage_healed":0,"gold_gain":0,"cards_transformed":["Strike_R"],"player_choice":"Transformed","damage_taken":0,"max_hp_gain":0,"max_hp_loss":0,"event_name":"Transmorgrifier","floor":36,"gold_loss":0,"cards_obtained":["Seeing Red"]},{"cards_removed":["Cleave"],"damage_healed":5,"gold_gain":0,"player_choice":"Offered Common","damage_taken":0,"max_hp_gain":0,"max_hp_loss":0,"event_name":"Bonfire Elementals","floor":41,"gold_loss":0},{"cards_removed":["Cleave"],"damage_healed":5,"gold_gain":0,"player_choice":"Offered Special","damage_taken":0,"max_hp_gain":0,"max_hp_loss":0,"event_name":"Bonfire Elementals","floor":41,"gold_loss":0}],"is_beta":false,"boss_relics":[{"not_picked":["SlaversCollar","Coffee Dripper"],"picked":"Fusion Hammer"},{"not_picked":["Runic Pyramid","Calling Bell"],"picked":"Velvet Choker"}],"items_purged_floors":[25],"is_endless":false,"potions_floor_spawned":[5,14,16,21,24,30,33,35,39,42],"killed_by":"Nemesis","ascension_level":13}}