{"host":"0dsi8ju7ih3zb7n8","time":1611862359,"event":{"mods":["2.2 Compatiblity","Act Like it!","BaseMod","Downfall","Hermit","Minty Spire (QoL Compilation)","Robot Space Explorer","Spicy Shops","StSLib","The Marked"],"gold_per_floor":[116,291,241,241,2,35,61,61,61,61,61,80,105,139,139,242,242,261,278,29,29,29,60,60,77,77,77,105,105,105,133,133,238,238,255,191,202,202,217,250,277,277,304,304,87,105,105,133,133,133],"floor_reached":51,"language":"ENG","playtime":2379,"items_purged":[],"score":888,"play_id":"528b30a6-3e63-449f-b254-f20206050edd","local_time":"20210128203239","daily_mods":["SealedDeck","Heirloom","Flight"],"is_ascension_mode":false,"campfire_choices":[{"data":"theMarked:Indomitable","floor":8,"key":"SMITH"},{"data":"theMarked:ChannelForce","floor":10,"key":"SMITH"},{"data":"theMarked:Electrify","floor":15,"key":"SMITH"},{"data":"theMarked:Challenge","floor":24,"key":"SMITH"},{"floor":27,"key":"REST"},{"data":"theMarked:RogueSparks","floor":30,"key":"SMITH"},{"floor":32,"key":"REST"},{"data":"theMarked:GodGivenPower","floor":42,"key":"SMITH"},{"data":"theMarked:Challenge","floor":47,"key":"SMITH"},{"data":"theMarked:MuscleMemory","floor":49,"key":"SMITH"}],"circlet_count":0,"master_deck":["theMarked:RepellingDischarge","theMarked:TakeCover","theMarked:HeightenedSenses","theMarked:WastefulAttack+1","theMarked:MuscleMemory","theMarked:EmpowerWeapon","theMarked:ComboAttacks+1","theMarked:SwordAndMagic+1","theMarked:EmpowerWeapon","theMarked:ChannelForce+1","theMarked:MuscleMemory","theMarked:Indomitable+1","theMarked:Standoff","theMarked:Electrify+1","theMarked:Challenge+1","theMarked:Improvise+1","theMarked:Heritage","theMarked:EternalStudent","Shame","theMarked:PowerFlow+1","theMarked:RogueSparks+1","theMarked:MysticalArsenal","theMarked:Challenge+1","theMarked:GodGivenPower+1","theMarked:Static+1","theMarked:Standoff","theMarked:ParalyzingBlade+1","theMarked:GodGivenPower","theMarked:MuscleMemory+1","theMarked:GodGivenPower","theMarked:Abjuration"],"relics":["theMarked:ArtifactOfAir","hexamod:Sixitude","Mummified Hand","Sundial","theMarked:Gun","The Courier","WarpedTongs","hexamod:CandleOfCauterizing","PreservedInsect","Sozu","Orichalcum","Oddly Smooth Stone","Dream Catcher","InkBottle","hexamod:BolsterEngine","Meat on the Bone","Runic Dome","Whetstone","Eternal Feather","Strawberry","Lee\u0027s Waffle","Happy Flower"],"acts_visited":["Exordium","TheCity","TheBeyond"],"potions_floor_usage":[23,50,50],"damage_taken":[{"damage":0,"enemies":"2 Louse","floor":1,"turns":3},{"damage":10,"enemies":"3 Sentries","floor":6,"turns":5},{"damage":0,"enemies":"Lagavulin","floor":7,"turns":3},{"damage":3,"enemies":"Small Slimes","floor":12,"turns":3},{"damage":22,"enemies":"3 Sentries","floor":13,"turns":5},{"damage":4,"enemies":"Lagavulin","floor":14,"turns":5},{"damage":19,"enemies":"The Guardian","floor":16,"turns":6},{"damage":24,"enemies":"2 Thieves","floor":18,"turns":3},{"damage":0,"enemies":"Spheric Guardian","floor":19,"turns":3},{"damage":5,"enemies":"Slavers","floor":23,"turns":4},{"damage":19,"enemies":"Snake Plant","floor":25,"turns":4},{"damage":1,"enemies":"Gremlin Leader","floor":28,"turns":4},{"damage":8,"enemies":"Slavers","floor":31,"turns":2},{"damage":14,"enemies":"Automaton","floor":33,"turns":5},{"damage":3,"enemies":"3 Darklings","floor":35,"turns":3},{"damage":10,"enemies":"3 Shapes","floor":37,"turns":4},{"damage":0,"enemies":"Maw","floor":39,"turns":4},{"damage":30,"enemies":"Nemesis","floor":40,"turns":5},{"damage":0,"enemies":"Giant Head","floor":41,"turns":5},{"damage":8,"enemies":"4 Shapes","floor":46,"turns":4},{"damage":15,"enemies":"Nemesis","floor":48,"turns":3},{"damage":35,"enemies":"Donu and Deca","floor":50,"turns":5}],"seed_played":"4491475925152439180","potions_obtained":[{"floor":1,"key":"Explosive Potion"},{"floor":12,"key":"PowerPotion"},{"floor":13,"key":"theMarked:ChargePotion"}],"is_trial":true,"path_per_floor":["M","?","?","?","$","E","E","R","T","R","?","M","E","E","R","B",null,"M","M","$","?","?","E","R","M","T","R","E","?","R","E","R","B",null,"M","$","M","?","M","E","E","R","T","?","$","M","R","E","R","B",null],"character_chosen":"THE_DEFAULT","items_purchased":["Mummified Hand","theMarked:EternalStudent","Orichalcum","theMarked:GodGivenPower","Lee\u0027s Waffle","theMarked:GodGivenPower","theMarked:MuscleMemory"],"campfire_rested":2,"item_purchase_floors":[5,20,20,36,45,45,45],"current_hp_per_floor":[70,70,70,70,70,60,60,60,60,60,60,57,35,31,31,12,70,46,46,46,46,46,41,41,22,22,43,42,42,42,34,55,41,70,67,67,57,57,57,39,39,54,61,61,84,76,84,69,84,49],"gold":133,"neow_bonus":"","is_daily":false,"chose_seed":false,"campfire_upgraded":8,"win_rate":0.0,"timestamp":1611862359,"path_taken":["M","?","?","?","$","E","E","R","T","R","?","?","E","E","R","BOSS","M","M","$","?","?","E","R","?","T","R","E","?","R","E","R","BOSS","M","$","?","?","M","E","E","R","T","?","$","?","R","E","R","BOSS"],"items_purchased_type":["Relic","Card","Relic","Card","Relic","Card","Card"],"build_version":"2020-12-22","purchased_purges":0,"victory":true,"max_hp_per_floor":[70,70,70,70,70,70,70,70,70,70,70,70,70,70,70,70,70,70,70,70,70,70,70,70,70,70,70,70,70,70,70,70,70,70,70,70,70,70,70,70,70,70,77,77,84,84,84,84,84,84],"card_choices":[{"not_picked":["theMarked:Parkour","theMarked:Convert"],"picked":"theMarked:ChannelForce","floor":1},{"not_picked":["theMarked:ElectricStrings","theMarked:SwordAndMagic"],"picked":"theMarked:MuscleMemory","floor":6},{"not_picked":["theMarked:ElectricStrings","theMarked:BanishingWave"],"picked":"theMarked:Indomitable","floor":7},{"not_picked":["theMarked:WastefulAttack","theMarked:Frustration","theMarked:ResourceFulStrike"],"picked":"SKIP","floor":12},{"not_picked":["theMarked:Parkour","theMarked:ContemptForTheProud"],"picked":"theMarked:Standoff","floor":13},{"not_picked":["theMarked:LightningStrikesTwice","theMarked:TheMission"],"picked":"theMarked:Electrify","floor":14},{"not_picked":["theMarked:MagusForm","theMarked:TurnInvisible"],"picked":"theMarked:Challenge","floor":16},{"not_picked":["theMarked:Panic","theMarked:TheMission"],"picked":"theMarked:Improvise+1","floor":18},{"not_picked":["theMarked:Improvise+1","theMarked:ChainLightning"],"picked":"theMarked:Heritage","floor":19},{"not_picked":["theMarked:Indomitable+1","theMarked:TwofoldDefense+1","theMarked:ChainLightning"],"picked":"SKIP","floor":23},{"not_picked":["theMarked:Parkour+1","theMarked:BanishingWave"],"picked":"theMarked:PowerFlow+1","floor":25},{"not_picked":["theMarked:EmpowerWeapon","theMarked:TakeCover"],"picked":"theMarked:RogueSparks","floor":27},{"not_picked":["theMarked:ElectricStrings","theMarked:WardOff","theMarked:PowerFlow"],"picked":"SKIP","floor":28},{"not_picked":["theMarked:RepellingDischarge","theMarked:WastefulAttack","theMarked:Improvise"],"picked":"SKIP","floor":31},{"not_picked":["theMarked:HeightenedSenses","theMarked:BanishingStrike+1"],"picked":"theMarked:MysticalArsenal","floor":32},{"not_picked":["theMarked:UnarmedFury","theMarked:FavorableWinds"],"picked":"theMarked:Challenge","floor":33},{"not_picked":["theMarked:Frustration+1","theMarked:SwordAndMagic+1","theMarked:TwofoldDefense+1"],"picked":"SKIP","floor":35},{"not_picked":["theMarked:ChainLightning+1","theMarked:KeepCalmAndFight","theMarked:Parkour"],"picked":"SKIP","floor":37},{"not_picked":["theMarked:Seal","theMarked:WardOff+1"],"picked":"theMarked:Static+1","floor":39},{"not_picked":["theMarked:Electrocute","theMarked:Aftermath"],"picked":"theMarked:Standoff","floor":40},{"not_picked":["theMarked:RepellingDischarge+1","theMarked:TwofoldDefense+1"],"picked":"theMarked:ParalyzingBlade+1","floor":41},{"not_picked":["theMarked:Improvise+1","theMarked:EmpowerWeapon+1"],"picked":"theMarked:GodGivenPower","floor":46},{"not_picked":["theMarked:TwofoldDefense+1","theMarked:Parkour"],"picked":"theMarked:Abjuration","floor":48}],"player_experience":839827,"relics_obtained":[{"floor":6,"key":"Sundial"},{"floor":7,"key":"theMarked:Gun"},{"floor":9,"key":"The Courier"},{"floor":13,"key":"hexamod:CandleOfCauterizing"},{"floor":14,"key":"PreservedInsect"},{"floor":23,"key":"Dream Catcher"},{"floor":26,"key":"InkBottle"},{"floor":28,"key":"hexamod:BolsterEngine"},{"floor":31,"key":"Meat on the Bone"},{"floor":40,"key":"Whetstone"},{"floor":41,"key":"Eternal Feather"},{"floor":43,"key":"Strawberry"},{"floor":48,"key":"Happy Flower"}],"event_choices":[{"damage_healed":0,"gold_gain":175,"player_choice":"AGREE","damage_taken":0,"max_hp_gain":0,"max_hp_loss":0,"event_name":"Liars Game","floor":2,"gold_loss":0,"cards_obtained":["Doubt"]},{"cards_removed":["Doubt"],"damage_healed":0,"gold_gain":0,"player_choice":"Card Removal","damage_taken":0,"max_hp_gain":0,"max_hp_loss":0,"event_name":"The Cleric","floor":3,"gold_loss":50},{"damage_healed":0,"gold_gain":0,"player_choice":"Grow","damage_taken":0,"max_hp_gain":0,"max_hp_loss":0,"event_name":"Living Wall","floor":4,"gold_loss":0,"cards_upgraded":["theMarked:ComboAttacks"]},{"damage_healed":0,"gold_gain":0,"player_choice":"Rummage","damage_taken":0,"relics_obtained":["WarpedTongs"],"max_hp_gain":0,"max_hp_loss":0,"event_name":"Accursed Blacksmith","floor":11,"gold_loss":0,"cards_obtained":["Pain"]},{"damage_healed":0,"gold_gain":0,"player_choice":"Stole Relic","damage_taken":0,"relics_obtained":["Oddly Smooth Stone"],"max_hp_gain":0,"max_hp_loss":0,"event_name":"Addict","floor":21,"gold_loss":0,"cards_obtained":["Shame"]},{"cards_removed":["Pain"],"damage_healed":0,"gold_gain":0,"player_choice":"Purged","damage_taken":0,"max_hp_gain":0,"max_hp_loss":0,"event_name":"Purifier","floor":22,"gold_loss":0},{"damage_healed":0,"gold_gain":0,"player_choice":"Bought 0 Potions","damage_taken":0,"max_hp_gain":0,"max_hp_loss":0,"event_name":"The Woman in Blue","floor":29,"gold_loss":0},{"cards_removed":["theMarked:Pokerface"],"damage_healed":0,"gold_gain":0,"player_choice":"Removed Skill","damage_taken":0,"max_hp_gain":0,"max_hp_loss":0,"event_name":"Falling","floor":38,"gold_loss":0},{"damage_healed":0,"gold_gain":0,"player_choice":"Ignored","damage_taken":0,"max_hp_gain":0,"max_hp_loss":0,"event_name":"Tomb of Lord Red Mask","floor":44,"gold_loss":0}],"is_beta":false,"boss_relics":[{"not_picked":["theMarked:BronzeBlade","Calling Bell"],"picked":"Sozu"},{"not_picked":["Velvet Choker","Snecko Eye"],"picked":"Runic Dome"}],"items_purged_floors":[],"is_endless":false,"potions_floor_spawned":[1,12,13,18,19,31,40,41,46,48],"ascension_level":0}}