{"host":"pcbz64t4k17ey4z1","time":1611858129,"event":{"mods":["2.2 Compatiblity","AchievementEnabler","Act Like it!","Aspiration","BaseMod","Beaked The Cultist","Better Match","Better Third Choice","BetterRewards","Card Forge","Colored Map","Colored Powertips","Conspire","Disable Question Mark Monsters","Fireblade Mod","Friendly Minions","Gensokyo","GifTheSpireLib","Glutton Mod","Googly Eyes","Gremlin Mod","Hermit","Hubris","Infinite Spire","Koishi","Marisa????????","Minty Spire (QoL Compilation)","Permanent Neow","Potionbrewer","Quick Restart","Random Character Button","Rare Cards Sparkle","Relic Filter","Replay The Spire","Robot Space Explorer","Shade Mod","Shop Mod","Spicy Shops","StSLib","Stuff the Spire","SuperFastMode","The Cursed","The Druid","The Gatherer","The Hierophant","The IronCluck","The Jungle","The Marked","The Runesmith","Virulent Crown","Waifu the Spire","Wandering Minibosses"],"gold_per_floor":[119,134,145,161,161,196,210,242,281,321,353,106,140,215,215,296,296,306,326,354,354,354],"floor_reached":21,"language":"ENG","playtime":1845,"items_purged":[],"score":526,"play_id":"f233c41b-ab96-41f0-a30b-762e790c179d","local_time":"20210128182209","is_ascension_mode":true,"campfire_choices":[{"floor":15,"key":"REST"}],"circlet_count":0,"master_deck":["AscendersBane","Defend_B+1","Defend_B+1","Defend_B+1","Defend_B+1","Zap+1","Dualcast+1","StuffTheSpire:LoadUp","Redo","StuffTheSpire:Coldhearted","hubris:PowerSurge","Undo+1","Time Bomb","StuffTheSpire:ShieldGenerator","Fusion","StuffTheSpire:Synthwave","Loop","Leap+1","StuffTheSpire:ForEach","Coolheaded"],"relics":["Cracked Core","Hammer of Thor","Seething Fire","Anvil of the Gods","StuffTheSpire:Barrel","Orichalcum","Pen Nib","MerchantsRug","Singing Bowl","CeramicFish","Inserter"],"acts_visited":["Exordium","TheCity"],"potions_floor_usage":[6,8,16],"damage_taken":[{"damage":0,"enemies":"Jaw Worm","floor":1,"turns":4},{"damage":13,"enemies":"Cultist","floor":2,"turns":6},{"damage":6,"enemies":"infinitespire:Voidling","floor":3,"turns":4},{"damage":0,"enemies":"2 Fungi Beasts","floor":4,"turns":5},{"damage":6,"enemies":"Gremlin Nob","floor":6,"turns":4},{"damage":0,"enemies":"3 Louse","floor":7,"turns":6},{"damage":0,"enemies":"Lagavulin","floor":8,"turns":6},{"damage":0,"enemies":"Replay:BlueRogue","floor":10,"turns":4},{"damage":2,"enemies":"Large Slime","floor":11,"turns":5},{"damage":5,"enemies":"Lagavulin","floor":13,"turns":3},{"damage":30,"enemies":"Slime Boss","floor":16,"turns":4},{"damage":23,"enemies":"3 Byrds","floor":18,"turns":7},{"damage":19,"enemies":"Shell Parasite","floor":19,"turns":8},{"damage":21,"enemies":"Shelled Parasite and Fungi","floor":20,"turns":4},{"damage":11,"enemies":"conspire:HollyBat","floor":21,"turns":4}],"seed_played":"3393486639833337411","potions_obtained":[{"floor":2,"key":"BlessingOfTheForge"},{"floor":3,"key":"Reflective Coating"},{"floor":10,"key":"Energy Potion"},{"floor":11,"key":"potionbrewer:CleansingPotion"},{"floor":14,"key":"Elixir"},{"floor":14,"key":"potionbrewer:FreezingPotion"},{"floor":16,"key":"potionbrewer:NoxiousPotion"},{"floor":19,"key":"PotionOfCapacity"}],"is_trial":false,"path_per_floor":["M","M","M","M","?","E","M","E","T","E","M","$","E","?","R","B",null,"M","M","M","M"],"character_chosen":"DEFECT","items_purchased":["Loop","Pen Nib","MerchantsRug"],"campfire_rested":1,"item_purchase_floors":[12,12,12],"current_hp_per_floor":[64,51,45,45,45,39,39,39,39,39,37,37,32,34,55,25,61,40,23,2,0,0],"gold":354,"neow_bonus":"","is_daily":false,"chose_seed":false,"campfire_upgraded":0,"win_rate":0.0,"timestamp":1611858129,"path_taken":["M","M","M","M","?","E","M","E","T","E","?","$","E","?","R","BOSS","M","M","M","M"],"items_purchased_type":["Card","Relic","Relic"],"build_version":"2020-12-22","purchased_purges":0,"victory":false,"max_hp_per_floor":[71,71,71,71,71,71,71,71,71,71,71,71,71,73,73,73,73,75,77,77,77,77],"card_choices":[{"not_picked":["Redo","ReplayTheSpireMod:Calculation Training"],"picked":"StuffTheSpire:LoadUp","floor":1},{"not_picked":["Gash","Sweeping Beam"],"picked":"Redo","floor":2},{"not_picked":["Beam Cell","ReplayTheSpireMod:Dual Polarity"],"picked":"StuffTheSpire:Coldhearted","floor":3},{"not_picked":["BootSequence","Go for the Eyes"],"picked":"hubris:PowerSurge","floor":4},{"not_picked":["ReplayTheSpireMod:Repulse+1","Reprogram+1"],"picked":"Undo+1","floor":5},{"not_picked":["Rip and Tear","Beam Cell"],"picked":"Time Bomb","floor":6},{"not_picked":["Stack","Streamline"],"picked":"StuffTheSpire:ShieldGenerator","floor":7},{"not_picked":["Storm","Stack"],"picked":"Fusion","floor":8},{"not_picked":["Conserve Battery","ReplaySolidLightProjector"],"picked":"StuffTheSpire:Synthwave","floor":10},{"not_picked":["Steam Power","Sweeping Beam","Barrage"],"picked":"SKIP","floor":11},{"not_picked":["Hello World","StuffTheSpire:NuclearReactor"],"picked":"Leap","floor":13},{"not_picked":["Time Bomb","StuffTheSpire:Plugnplay","Gash"],"picked":"Singing Bowl","floor":14},{"not_picked":["Core Surge","Biased Cognition"],"picked":"StuffTheSpire:ForEach","floor":16},{"not_picked":["Melter","Streamline","ReplayGash"],"picked":"Singing Bowl","floor":18},{"not_picked":["ReplayTheSpireMod:Reroute Power","Beam Cell","Conserve Battery"],"picked":"Singing Bowl","floor":19},{"not_picked":["Lockon","Compile Driver"],"picked":"Coolheaded","floor":20}],"player_experience":3391215,"relics_obtained":[{"floor":6,"key":"StuffTheSpire:Barrel"},{"floor":8,"key":"MawBank"},{"floor":10,"key":"Orichalcum"},{"floor":13,"key":"Singing Bowl"},{"floor":14,"key":"CeramicFish"}],"event_choices":[{"damage_healed":0,"gold_gain":0,"player_choice":"2","damage_taken":0,"max_hp_gain":0,"max_hp_loss":0,"event_name":"betterMatch:BetterMatch","floor":5,"gold_loss":0,"cards_obtained":["betterMatch:UncommonCard"]}],"is_beta":false,"boss_relics":[{"not_picked":["StuffTheSpire:ModemDavis","Pandora\u0027s Box"],"picked":"Inserter"}],"items_purged_floors":[],"is_endless":false,"potions_floor_spawned":[2,3,4,10,11,16,18,19],"killed_by":"conspire:HollyBat","ascension_level":20}}