{"host":"hpn0uxah5qjr7pa6","time":1611869127,"event":{"mods":["Act Like it!","BaseMod","BetterRewards","Colored Powertips","Conspire","Downfall","Hallownest","Hermit","Hubris","Infinite Spire","Minty Spire (QoL Compilation)","Quick Restart","Replay The Spire","StSLib","The Jungle"],"gold_per_floor":[99,112,122,122,5,5,30,30,56,56,41,161,1,18,38,139,139,139,239,256,544,563,582,606,606,606,606,619,629,647,663,680,781,781,781,797,390,390,410,410,410,410,426,446,446,457,457,457,475,475],"floor_reached":51,"language":"ENG","playtime":3339,"items_purged":["bronze:Goto"],"score":650,"play_id":"81829b20-cba2-41c7-b32d-28140a4fc937","local_time":"20210128132527","is_ascension_mode":true,"campfire_choices":[{"data":"bronze:Strike","floor":1,"key":"SMITH"},{"floor":6,"key":"REST"},{"floor":8,"key":"REST"},{"floor":10,"key":"REST"},{"data":"bronze:OilSpill","floor":18,"key":"SMITH"},{"floor":25,"key":"REST"},{"data":"bronze:Repair","floor":35,"key":"SMITH"},{"floor":42,"key":"REST"},{"floor":47,"key":"REST"}],"circlet_count":0,"master_deck":["bronze:Strike","bronze:Strike","bronze:Strike","bronze:Strike+1","bronze:Defend","bronze:Defend","bronze:Defend","bronze:Defend","bronze:Replicate+1","bronze:OilSpill","bronze:Flail+1","bronze:WhirlingStrike","bronze:OilSpill+1","bronze:Constructor","bronze:BronzeOrb+1","bronze:OilSpill","bronze:BronzeOrb","bronze:Repair+1","bronze:Repair","bronze:Branch+1","bronze:OilSpill","bronze:GetLatest+1","bronze:ChosenStrike","bronze:ShipIt","bronze:Branch+1","ReplayTheSpireMod:Black Plague","bronze:Overheat+1"],"relics":["bronze:BronzeCore","bronze:ProtectiveGoggles","Happy Flower","Guide Book","hubris:HollowSoul","Centennial Puzzle","Ring of Chaos","Kunai","Lee\u0027s Waffle","hubris:SphereOfDissonance","Garlic"],"acts_visited":["Hallownest:Greenpath","TheCity","Hallownest:KingdomsEdge"],"potions_floor_usage":[5,5,14,16,22,23,32,33,36,46,50,50,50],"damage_taken":[{"damage":14,"enemies":"Hallownest:2_Tiktiks_and_1_Crawlid","floor":2,"turns":4},{"damage":6,"enemies":"Hallownest:2_Baldur","floor":3,"turns":3},{"damage":10,"enemies":"downfall:FleeingMerchant","floor":5,"turns":4},{"damage":9,"enemies":"Hallownest:eliteVengeflyKing","floor":9,"turns":6},{"damage":6,"enemies":"downfall:FleeingMerchant","floor":11,"turns":4},{"damage":5,"enemies":"downfall:FleeingMerchant","floor":13,"turns":4},{"damage":0,"enemies":"Hallownest:monsterHuskWarrior","floor":14,"turns":1},{"damage":4,"enemies":"Hallownest:Guard_and_Warrior","floor":15,"turns":4},{"damage":0,"enemies":"IC_STATUS_ARCHETYPE","floor":16,"turns":5},{"damage":0,"enemies":"Chosen","floor":20,"turns":3},{"damage":20,"enemies":"downfall:FleeingMerchant","floor":21,"turns":4},{"damage":58,"enemies":"Sentry and Sphere","floor":22,"turns":6},{"damage":13,"enemies":"Snecko","floor":23,"turns":3},{"damage":7,"enemies":"3 Cultists","floor":28,"turns":6},{"damage":14,"enemies":"Centurion and Healer","floor":29,"turns":5},{"damage":1,"enemies":"Snecko","floor":30,"turns":4},{"damage":12,"enemies":"Shelled Parasite and Fungi","floor":31,"turns":4},{"damage":4,"enemies":"Snake Plant","floor":32,"turns":4},{"damage":0,"enemies":"DF_ARCHETYPE_CLAW","floor":33,"turns":1},{"damage":15,"enemies":"Hallownest:Shield_Heavy","floor":36,"turns":5},{"damage":18,"enemies":"Hallownest:2_Littles","floor":39,"turns":6},{"damage":59,"enemies":"Hallownest:Shield_Sturdy","floor":43,"turns":8},{"damage":15,"enemies":"Hallownest:2_Wing_and_1_Kings","floor":44,"turns":9},{"damage":8,"enemies":"Hallownest:Xero_Hu_Marmu","floor":46,"turns":8},{"damage":0,"enemies":"Hallownest:monsterPrimalAspid","floor":49,"turns":2},{"damage":43,"enemies":"WA_ARCHETYPE_DIVINITY","floor":50,"turns":11}],"seed_played":"4274096151806659580","potions_obtained":[{"floor":3,"key":"BlessingOfTheForge"},{"floor":14,"key":"EntropicBrew"},{"floor":16,"key":"FearPotion"},{"floor":20,"key":"Death Potion"},{"floor":30,"key":"Strength Potion"},{"floor":31,"key":"infinitespire:BlackPotion"},{"floor":32,"key":"Fruit Juice"},{"floor":33,"key":"EssenceOfSteel"},{"floor":44,"key":"BlessingOfTheForge"},{"floor":46,"key":"sneckomod:MuddlingPotion"},{"floor":49,"key":"FearPotion"}],"is_trial":false,"path_per_floor":["R","M","M","?","$","R","T","R","E","R","$","?","$","M","M","B",null,"R","?","M","$","M","M","T","R","?","?","M","M","M","M","M","B",null,"R","M","$","?","M","?","T","R","M","M","?","M","R","AVR","M","B",null],"character_chosen":"THE_AUTOMATON","items_purchased":["Fruit Juice","Guide Book","bronze:Repair","Kunai","Lee\u0027s Waffle"],"campfire_rested":6,"item_purchase_floors":[5,13,21,37,37],"current_hp_per_floor":[70,56,50,50,45,67,67,75,66,75,69,69,64,64,60,60,75,75,75,75,55,19,13,13,35,35,35,37,37,50,52,60,60,80,80,65,87,82,70,73,73,85,42,44,44,42,67,67,77,42],"gold":475,"neow_bonus":"UPGRADE_CARD","is_daily":false,"chose_seed":false,"campfire_upgraded":3,"win_rate":0.0,"timestamp":1611869127,"path_taken":["R","M","M","?","$","R","T","R","E","R","$","?","?","M","M","BOSS","R","?","?","$","M","M","T","R","?","?","M","M","M","M","M","BOSS","R","M","$","?","M","?","T","R","M","M","?","?","R","AVR","M","BOSS"],"items_purchased_type":["Potion","Relic","Card","Relic","Relic"],"build_version":"2020-12-22","purchased_purges":1,"victory":true,"max_hp_per_floor":[70,70,70,70,75,75,75,75,75,75,75,75,75,75,75,75,75,75,75,75,75,75,75,75,75,75,75,75,75,75,75,80,80,80,80,80,87,82,82,85,85,85,85,85,85,85,85,85,85,85],"card_choices":[{"not_picked":["bronze:BronzeOrb","bronze:Turbo"],"picked":"bronze:OilSpill","floor":2},{"not_picked":["bronze:Optimize","bronze:BitShift"],"picked":"bronze:Flail","floor":3},{"not_picked":["bronze:FineTuning","bronze:DelayedGuard"],"picked":"bronze:WhirlingStrike","floor":5},{"not_picked":["bronze:Repulsor","bronze:Terminator"],"picked":"bronze:OilSpill","floor":9},{"not_picked":["bronze:HyperBeam","bronze:BitShift"],"picked":"bronze:Constructor","floor":11},{"not_picked":["bronze:Invalidate","bronze:Boost"],"picked":"bronze:BronzeOrb","floor":13},{"not_picked":["bronze:Shell","bronze:CutThrough","bronze:Virus"],"picked":"SKIP","floor":14},{"not_picked":["bronze:DarkDash","bronze:BronzeArmor","bronze:BitShift"],"picked":"SKIP","floor":15},{"not_picked":["bronze:DelayedSlice+1","bronze:MaxOutput"],"picked":"bronze:OilSpill","floor":20},{"not_picked":["bronze:FineTuning+1","bronze:WildBeam"],"picked":"bronze:BronzeOrb","floor":21},{"not_picked":["bronze:WildBeam","bronze:Constructor"],"picked":"bronze:Branch+1","floor":22},{"not_picked":["bronze:Boost","bronze:BuggyMess"],"picked":"bronze:OilSpill","floor":23},{"not_picked":["bronze:Hardcode","bronze:Safeguard"],"picked":"bronze:GetLatest+1","floor":28},{"not_picked":["bronze:BronzeArmor","bronze:Separator"],"picked":"bronze:ChosenStrike","floor":29},{"not_picked":["bronze:Turbo","bronze:BitShift","bronze:Repulsor"],"picked":"SKIP","floor":30},{"not_picked":["bronze:MaxOutput","bronze:Iterate","bronze:Deprecate+1"],"picked":"SKIP","floor":31},{"not_picked":["bronze:Shield","bronze:Allocate","bronze:Deprecate"],"picked":"SKIP","floor":32},{"not_picked":["bronze:FindAndReplace","bronze:ThunderWave"],"picked":"bronze:ShipIt","floor":33},{"not_picked":["bronze:BuggyMess+1","bronze:DelayedGuard+1","bronze:ItsAFeature+1"],"picked":"SKIP","floor":36},{"not_picked":["bronze:BuggyMess","bronze:NullPointer","bronze:Shield"],"picked":"SKIP","floor":39},{"not_picked":["bronze:ChosenStrike","bronze:BuggyMess+1"],"picked":"bronze:Branch+1","floor":43},{"not_picked":["bronze:FollowUp+1","bronze:Constructor","bronze:DarkDash"],"picked":"SKIP","floor":44},{"not_picked":["bronze:BronzeOrb","bronze:GetLatest","bronze:WhirlingStrike"],"picked":"SKIP","floor":46},{"not_picked":["bronze:Optimize+1","bronze:DelayedGuard+1"],"picked":"bronze:Overheat+1","floor":49}],"player_experience":115267,"relics_obtained":[{"floor":7,"key":"bronze:ProtectiveGoggles"},{"floor":9,"key":"Happy Flower"},{"floor":24,"key":"Centennial Puzzle"},{"floor":41,"key":"hubris:SphereOfDissonance"}],"event_choices":[],"is_beta":false,"boss_relics":[{"not_picked":["hubris:CrackedHourglass","Astrolabe"],"picked":"hubris:HollowSoul"},{"not_picked":["hubris:Stopwatch","Replay:Grab Bag"],"picked":"Ring of Chaos"}],"items_purged_floors":[48],"is_endless":false,"potions_floor_spawned":[3,14,15,16,20,30,31,32,33,44,46,49],"ascension_level":2}}