{"host":"y76clbnovzmw9ubx","time":1611795469,"event":{"mods":["AchievementEnabler","BaseMod","Minty Spire (QoL Compilation)","Permanent Neow","Relic Stats"],"gold_per_floor":[119,119,119,134,12,46,62,78,78,95,95,108,188,218,218,218,218],"floor_reached":16,"language":"ENG","playtime":904,"items_purged":[],"score":224,"play_id":"2a2bba82-4b6e-48bd-bf45-d463f6dac30b","local_time":"20210127195749","is_ascension_mode":true,"campfire_choices":[{"floor":11,"key":"REST"},{"floor":15,"key":"REST"}],"circlet_count":0,"master_deck":["AscendersBane","Strike_G","Strike_G","Strike_G","Strike_G","Strike_G","Defend_G","Defend_G","Defend_G","Defend_G","Defend_G","Survivor","Neutralize","Poisoned Stab","Slice","Footwork","Masterful Stab","Predator","Finisher","Malaise","Backflip","All Out Attack"],"relics":["Ring of the Snake","Pen Nib","Bronze Scales","TungstenRod","Tiny Chest","Potion Belt"],"acts_visited":["Exordium"],"potions_floor_usage":[6,14],"damage_taken":[{"damage":2,"enemies":"Jaw Worm","floor":1,"turns":5},{"damage":7,"enemies":"2 Louse","floor":4,"turns":2},{"damage":28,"enemies":"3 Sentries","floor":6,"turns":9},{"damage":0,"enemies":"Small Slimes","floor":7,"turns":3},{"damage":10,"enemies":"Exordium Wildlife","floor":8,"turns":4},{"damage":8,"enemies":"Lots of Slimes","floor":10,"turns":10},{"damage":0,"enemies":"Looter","floor":12,"turns":3},{"damage":7,"enemies":"Gremlin Nob","floor":14,"turns":3},{"damage":46,"enemies":"Slime Boss","floor":16,"turns":8}],"seed_played":"2635486115219981021","potions_obtained":[{"floor":4,"key":"SteroidPotion"},{"floor":8,"key":"LiquidBronze"},{"floor":10,"key":"LiquidMemories"}],"is_trial":false,"path_per_floor":["M","?","T","M","$","E","M","M","T","M","R","M","?","E","R","B"],"character_chosen":"THE_SILENT","items_purchased":["Footwork","Masterful Stab"],"campfire_rested":2,"item_purchase_floors":[5,5],"current_hp_per_floor":[57,62,62,55,55,27,27,17,17,9,30,30,30,23,44,0,0],"gold":218,"neow_bonus":"RANDOM_COMMON_RELIC","is_daily":false,"chose_seed":false,"campfire_upgraded":0,"win_rate":0.0,"timestamp":1611795469,"path_taken":["M","?","?","M","?","E","M","?","T","M","R","M","?","E","R","BOSS"],"items_purchased_type":["Card","Card"],"build_version":"2020-12-22","purchased_purges":0,"victory":false,"max_hp_per_floor":[66,71,71,71,71,71,71,71,71,71,71,71,71,71,71,71,71],"relic_stats":{"counters":[9,47],"Bronze Scales":[79],"Tiny Chest":0,"Pen Nib":[8],"obtain_stats":[{"Potion Belt":14,"Bronze Scales":3,"Tiny Chest":9,"Pen Nib":0,"TungstenRod":6,"Ring of the Snake":0},{"Potion Belt":8,"Bronze Scales":1,"Tiny Chest":5,"Pen Nib":0,"TungstenRod":3,"Ring of the Snake":0},{"Potion Belt":39,"Bronze Scales":5,"Tiny Chest":23,"Pen Nib":0,"TungstenRod":16,"Ring of the Snake":0}],"TungstenRod":10,"Ring of the Snake":[18]},"card_choices":[{"not_picked":["Backflip","Quick Slash"],"picked":"Poisoned Stab","floor":1},{"not_picked":["Cloak And Dagger","Riddle With Holes"],"picked":"Slice","floor":4},{"not_picked":["Acrobatics","Bouncing Flask"],"picked":"Predator","floor":6},{"not_picked":["Outmaneuver","Prepared"],"picked":"Finisher","floor":7},{"not_picked":["Setup","Bane","Predator"],"picked":"SKIP","floor":8},{"not_picked":["Cloak And Dagger","Dash"],"picked":"Malaise","floor":10},{"not_picked":["Crippling Poison","Flying Knee"],"picked":"Backflip","floor":12},{"not_picked":["Poisoned Stab","Acrobatics"],"picked":"All Out Attack","floor":14}],"player_experience":3136461,"relics_obtained":[{"floor":3,"key":"Bronze Scales"},{"floor":6,"key":"TungstenRod"},{"floor":9,"key":"Tiny Chest"},{"floor":14,"key":"Potion Belt"}],"event_choices":[{"damage_healed":0,"gold_gain":0,"player_choice":"Donut","damage_taken":0,"max_hp_gain":5,"max_hp_loss":0,"event_name":"Big Fish","floor":2,"gold_loss":0},{"damage_healed":0,"gold_gain":80,"player_choice":"Gained Gold","damage_taken":0,"max_hp_gain":0,"max_hp_loss":0,"event_name":"Golden Wing","floor":13,"gold_loss":0}],"is_beta":false,"boss_relics":[],"items_purged_floors":[],"is_endless":false,"potions_floor_spawned":[4,8,10],"killed_by":"Slime Boss","ascension_level":20}}