{"host":"zdhcon9z6t4xbcdl","time":1611838452,"event":{"mods":["BaseMod","Minty Spire (QoL Compilation)"],"gold_per_floor":[115,133,58,71,71,114,114,152,152,152,172,172,172,196,196,326,326,349,349,93,93,54,54,95,113,113,113,113,126,167,167,167,298,298,322,422,447,472,493,493,506,506,506],"floor_reached":42,"language":"ENG","playtime":1803,"items_purged":["Strike_B","Strike_B"],"score":468,"play_id":"4ada0040-536b-41af-a7f6-437c33210a84","local_time":"20210128125412","is_ascension_mode":true,"campfire_choices":[{"floor":10,"key":"REST"},{"floor":12,"key":"REST"},{"floor":15,"key":"RECALL"},{"floor":23,"key":"REST"},{"data":"Darkness","floor":27,"key":"SMITH"},{"floor":32,"key":"REST"},{"floor":40,"key":"REST"}],"circlet_count":0,"master_deck":["Strike_B","Strike_B","Defend_B","Defend_B","Defend_B","Defend_B","Zap","Dualcast","Barrage","Static Discharge","Chill","Leap","Capacitor","Recycle","Chill","Darkness+1","Core Surge","Beam Cell","FTL","Sunder","Self Repair","Chill","Ball Lightning","Cold Snap+1","Gash+1","Thunder Strike","Go for the Eyes+1","Darkness+1","Gash","Sweeping Beam+1","Beam Cell+1"],"relics":["FrozenCore","Golden Idol","Kunai","Lizard Tail","Torii","Sozu","Nunchaku","Ice Cream","Cables","Calipers"],"acts_visited":["Exordium","TheCity","TheBeyond"],"potions_floor_usage":[8,11,16,33],"damage_taken":[{"damage":6,"enemies":"Cultist","floor":1,"turns":3},{"damage":7,"enemies":"2 Louse","floor":2,"turns":2},{"damage":10,"enemies":"Small Slimes","floor":4,"turns":3},{"damage":15,"enemies":"3 Sentries","floor":6,"turns":11},{"damage":33,"enemies":"Gremlin Nob","floor":8,"turns":5},{"damage":13,"enemies":"Exordium Wildlife","floor":11,"turns":5},{"damage":1,"enemies":"Blue Slaver","floor":14,"turns":4},{"damage":36,"enemies":"Hexaghost","floor":16,"turns":7},{"damage":22,"enemies":"Shell Parasite","floor":18,"turns":5},{"damage":25,"enemies":"Slavers","floor":24,"turns":6},{"damage":15,"enemies":"2 Thieves","floor":25,"turns":5},{"damage":10,"enemies":"Centurion and Healer","floor":29,"turns":5},{"damage":35,"enemies":"Gremlin Leader","floor":30,"turns":6},{"damage":37,"enemies":"Collector","floor":33,"turns":10},{"damage":12,"enemies":"Orb Walker","floor":35,"turns":4},{"damage":0,"enemies":"3 Shapes","floor":37,"turns":6},{"damage":1,"enemies":"3 Darklings","floor":38,"turns":6},{"damage":34,"enemies":"Sphere and 2 Shapes","floor":39,"turns":6},{"damage":57,"enemies":"Spire Growth","floor":41,"turns":7},{"damage":70,"enemies":"4 Shapes","floor":42,"turns":4}],"seed_played":"1705357413285968786","potions_obtained":[{"floor":4,"key":"FearPotion"},{"floor":6,"key":"Fruit Juice"},{"floor":11,"key":"Strength Potion"},{"floor":16,"key":"Weak Potion"}],"is_trial":false,"path_per_floor":["M","M","$","M","?","E","?","E","T","R","M","R","?","M","R","B",null,"M","?","$","?","$","R","E","M","T","R","$","M","E","?","R","B",null,"M","?","M","M","M","R","M","M"],"character_chosen":"DEFECT","items_purchased":["FTL","Sunder","Self Repair"],"campfire_rested":5,"item_purchase_floors":[20,20,22],"current_hp_per_floor":[69,62,62,52,52,37,37,4,4,26,18,42,68,67,67,31,80,58,58,58,58,58,80,62,54,54,54,54,51,23,23,47,10,80,75,75,80,79,52,76,26,0,0],"gold":506,"neow_bonus":"THREE_CARDS","is_daily":false,"chose_seed":false,"campfire_upgraded":1,"win_rate":0.0,"timestamp":1611838452,"path_taken":["M","?","$","M","?","E","?","E","T","R","?","R","?","M","R","BOSS","M","?","$","?","?","R","E","M","T","R","$","?","E","?","R","BOSS","M","?","M","?","?","R","M","M"],"items_purchased_type":["Card","Card","Card"],"build_version":"2020-12-22","purchased_purges":2,"victory":false,"max_hp_per_floor":[75,75,75,75,75,75,75,75,75,75,80,80,80,80,80,80,80,80,80,80,80,80,80,80,80,80,80,80,80,80,80,80,80,80,80,80,80,80,80,80,80,80,80],"card_choices":[{"not_picked":["Auto Shields","Chaos"],"picked":"Barrage","floor":0},{"not_picked":["Hologram","Streamline"],"picked":"Static Discharge","floor":1},{"not_picked":["Barrage","Compile Driver"],"picked":"Chill","floor":2},{"not_picked":["Stack","Turbo"],"picked":"Leap","floor":4},{"not_picked":["White Noise","Biased Cognition"],"picked":"Capacitor","floor":6},{"not_picked":["Streamline","Force Field"],"picked":"Recycle","floor":8},{"not_picked":["Leap","Ball Lightning"],"picked":"Chill","floor":11},{"not_picked":["Tempest","Storm"],"picked":"Darkness","floor":14},{"not_picked":["Biased Cognition","Creative AI"],"picked":"Core Surge","floor":16},{"not_picked":["Barrage","Blizzard"],"picked":"Beam Cell","floor":18},{"not_picked":["Storm","Cold Snap"],"picked":"Chill","floor":24},{"not_picked":["Rebound","Coolheaded"],"picked":"Ball Lightning","floor":25},{"not_picked":["Skim","Streamline"],"picked":"Cold Snap+1","floor":29},{"not_picked":["Ball Lightning+1","Chaos+1"],"picked":"Gash+1","floor":30},{"not_picked":["Core Surge","Buffer"],"picked":"Thunder Strike","floor":33},{"not_picked":["Hologram+1","BootSequence"],"picked":"Go for the Eyes+1","floor":35},{"not_picked":["Scrape+1","Hello World+1"],"picked":"Darkness+1","floor":37},{"not_picked":["Loop","Ball Lightning+1"],"picked":"Gash","floor":38},{"not_picked":["Steam+1","Leap"],"picked":"Sweeping Beam+1","floor":39},{"not_picked":["Force Field+1","Ball Lightning+1"],"picked":"Beam Cell+1","floor":41}],"player_experience":72364,"relics_obtained":[{"floor":6,"key":"Kunai"},{"floor":8,"key":"Lizard Tail"},{"floor":9,"key":"Torii"},{"floor":24,"key":"Ice Cream"},{"floor":26,"key":"Cables"},{"floor":30,"key":"Calipers"}],"event_choices":[{"damage_healed":0,"gold_gain":0,"player_choice":"Take Wound","damage_taken":0,"relics_obtained":["Golden Idol"],"max_hp_gain":0,"max_hp_loss":0,"event_name":"Golden Idol","floor":5,"gold_loss":0,"cards_obtained":["Injury"]},{"cards_removed":["Injury"],"damage_healed":0,"gold_gain":0,"player_choice":"Removed Curses","damage_taken":0,"max_hp_gain":0,"max_hp_loss":0,"event_name":"Fountain of Cleansing","floor":7,"gold_loss":0},{"damage_healed":26,"gold_gain":0,"player_choice":"Banana","damage_taken":0,"max_hp_gain":0,"max_hp_loss":0,"event_name":"Big Fish","floor":13,"gold_loss":0},{"damage_healed":0,"gold_gain":0,"player_choice":"Ignored","damage_taken":0,"max_hp_gain":0,"max_hp_loss":0,"event_name":"Ghosts","floor":19,"gold_loss":0},{"damage_healed":0,"gold_gain":0,"player_choice":"Opened","damage_taken":0,"relics_obtained":["Nunchaku"],"max_hp_gain":0,"max_hp_loss":0,"event_name":"The Mausoleum","floor":21,"gold_loss":0},{"damage_healed":0,"gold_gain":0,"player_choice":"Ignored","damage_taken":0,"max_hp_gain":0,"max_hp_loss":0,"event_name":"Cursed Tome","floor":31,"gold_loss":0},{"damage_healed":0,"gold_gain":100,"player_choice":"Pray","damage_taken":0,"max_hp_gain":0,"max_hp_loss":0,"event_name":"Golden Shrine","floor":36,"gold_loss":0}],"is_beta":false,"boss_relics":[{"not_picked":["Fusion Hammer","Busted Crown"],"picked":"Sozu"},{"not_picked":["Astrolabe","Runic Dome"],"picked":"FrozenCore"}],"items_purged_floors":[3,20],"is_endless":false,"potions_floor_spawned":[4,6,11,16,18,29,30,33,39,41],"killed_by":"4 Shapes","ascension_level":1}}