{"host":"ishme5wb80o83upk","time":1611824440,"event":{"mods":["BaseMod","Minty Spire (QoL Compilation)","StSLib","The Runesmith"],"gold_per_floor":[111,36,36,186,111,145,163,163,163],"floor_reached":8,"language":"KOR","playtime":130,"items_purged":["Doubt"],"score":150,"play_id":"70f19001-98f2-4a7e-abf5-aaec9269ec60","local_time":"20210128180040","is_ascension_mode":true,"campfire_choices":[],"circlet_count":0,"master_deck":["AscendersBane","Runesmith:Strike_RS","Runesmith:Strike_RS","Runesmith:Strike_RS","Runesmith:Defend_RS","Runesmith:Defend_RS","Runesmith:Defend_RS","Runesmith:Defend_RS","Runesmith:CraftFirestone","Runesmith:Fortify","Runesmith:ChaoticBlast","Runesmith:CraftProtectio","Runesmith:Overpower"],"relics":["Runesmith:BrokenRuby","NeowsBlessing","Happy Flower","Pantograph"],"acts_visited":["Exordium"],"potions_floor_usage":[],"damage_taken":[{"damage":0,"enemies":"Jaw Worm","floor":1,"turns":1},{"damage":0,"enemies":"3 Sentries","floor":6,"turns":2},{"damage":0,"enemies":"2 Louse","floor":7,"turns":2},{"damage":5,"enemies":"Gremlin Nob","floor":8,"turns":3}],"seed_played":"2895591229808134666","potions_obtained":[{"floor":6,"key":"Dexterity Potion"}],"is_trial":false,"path_per_floor":["M","?","?","?","$","E","M","E"],"character_chosen":"RUNESMITH_CLASS","items_purchased":[],"campfire_rested":0,"item_purchase_floors":[],"current_hp_per_floor":[59,59,14,14,14,14,14,9,9],"gold":163,"neow_bonus":"THREE_ENEMY_KILL","is_daily":false,"chose_seed":false,"campfire_upgraded":0,"win_rate":0.0,"timestamp":1611824440,"path_taken":["M","?","?","?","$","E","M","E"],"items_purchased_type":[],"build_version":"2020-12-22","purchased_purges":1,"victory":false,"max_hp_per_floor":[66,66,66,66,66,66,66,66,66],"card_choices":[{"not_picked":["Runesmith:HeatedChisel","Runesmith:StaticCage"],"picked":"Runesmith:ChaoticBlast","floor":1},{"not_picked":["Runesmith:HeatedChisel","Runesmith:MakeshiftArmor"],"picked":"Runesmith:CraftProtectio","floor":6},{"not_picked":["Runesmith:Attraction","Runesmith:ShiftingStrike"],"picked":"Runesmith:Overpower","floor":7}],"player_experience":1164473,"relics_obtained":[{"floor":6,"key":"Pantograph"}],"event_choices":[{"cards_removed":["Runesmith:Strike_RS"],"damage_healed":0,"gold_gain":0,"player_choice":"Card Removal","damage_taken":0,"max_hp_gain":0,"max_hp_loss":0,"event_name":"The Cleric","floor":2,"gold_loss":75},{"damage_healed":0,"gold_gain":0,"player_choice":"Success","damage_taken":45,"relics_obtained":["Happy Flower"],"max_hp_gain":0,"max_hp_loss":0,"event_name":"Scrap Ooze","floor":3,"gold_loss":0},{"damage_healed":0,"gold_gain":150,"player_choice":"AGREE","damage_taken":0,"max_hp_gain":0,"max_hp_loss":0,"event_name":"Liars Game","floor":4,"gold_loss":0,"cards_obtained":["Doubt"]}],"is_beta":false,"boss_relics":[],"items_purged_floors":[5],"is_endless":false,"potions_floor_spawned":[6],"killed_by":"Gremlin Nob","ascension_level":18}}