{"host":"avq773cl9g5msfol","time":1611818479,"event":{"mods":["100% Spire Juice","AchievementEnabler","Act Like it!","Ascension Unlocker","Aspiration","Astrologer","Bard","Bartender","BaseMod","Better Altar","Better Third Choice","BetterRewards","CapriCore","ChefMod","Colored Map","Colored Powertips","Conspire","Dio Mod","Downfall","Elementarium","Energized Spire","Gensokyo","GifTheSpireLib","GungeonMod","Hallownest","Hermit","Highlight Path","Hubris","Humility","Infinite Spire","Jorbs\u0027s Wanderer Trilogy","Koishi","Magitek Elite","Marisa????????","Marked Mod","Menagerie","Minty Spire (QoL Compilation)","Pale of the Ancients","Potionbrewer","Quarter Circle Forward PUNCH!","Rare Cards Sparkle","Reimu??????","Relic Stats","Reliquary","Remilia??????","Replay The Spire","SacredBarkPlus","Shade Mod","Somnambulant","Spicy Shops","Spire Arcade","StSLib","The Administrix","The Blue Laboratory","The Bug Knight","The Construct","The Cursed","The Disciple","The Dragon Tamer","The Exalted","The Hayseed","The Hierophant","The Immortal","The Marked","The Mystic","The Problem Sleuth","The Runesmith","The Senshi","The Vixen","The Wild Card","TheFirefly","Wandering Minibosses","Yakumo Yukari mod","vexMod"],"gold_per_floor":[114,130,145,337,352,352,380,397,397,397,412,437,455,487,487,559,559,1315,979,991,991,1001,1032,1032,1050,1101,1101,1101,1134,1144,1144,1144,1219,1219,1238,1238,1097,1117,1137,1166,1186,1261,1287,1287,1287,1297,1329,1347,1347,1347,1347],"floor_reached":52,"language":"ENG","playtime":2686,"items_purged":["Rupture+1","Flex+1","Anger+1","Havoc+1"],"score":2677,"play_id":"fac5eb39-2988-499d-8e08-09b655c4b56b","local_time":"20210128142119","is_ascension_mode":true,"campfire_choices":[{"data":"Bash","floor":6,"key":"SMITH"},{"floor":10,"key":"REST"},{"data":"Seeing Red","floor":15,"key":"SMITH"},{"data":"Burning Pact","floor":24,"key":"SMITH"},{"data":"Wild Strike","floor":27,"key":"SMITH"},{"data":"Elementarium:WindblessedBlade","floor":32,"key":"SMITH"},{"data":"Elementarium:IceblessedBlade","floor":45,"key":"SMITH"},{"data":"Elementarium:EarthblessedBlade","floor":49,"key":"SMITH"}],"circlet_count":0,"master_deck":["AscendersBane","Bash+1","Hemogenesis+1","Power Through+1","Perfected Strike+1","Wild Strike+1","Body Slam+1","Spot Weakness+1","Sentinel+1","Pommel Strike+1","Rupture+1","Shrug It Off+1","Evolve+1","Thunderclap+1","Pummel+1","Combust+1","True Grit+1","Power Through+1","Barricade+1","Feel No Pain+1","Deep Breath+1","Burning Pact+1","Seeing Red+1","Wild Strike+1","Brutality+1","Elementarium:FireblessedBlade","Elementarium:WindblessedBlade+1","Elementarium:EarthblessedBlade+1","Elementarium:IceblessedBlade+1","Elementarium:VoidblessedBlade","Immolate+1","ReplayTheSpireMod:Strike From Hell+1","Iron Wave+1","ReplayTheSpireMod:Limb From Limb+1"],"relics":["Burning Blood","Golden Egg","Happy Flower","Mummified Hand","Quantum Egg","ClockworkSouvenir","Membership Card","hubris:IronBody","Genji_Glove","Omamori","hubris:FunFungus","aspiration:HatOfInfinitePower","Du-Vu Doll","vexMod:TanglingVine","wanderingMiniBosses:MasterThiefsPresence","DemoMod:GlassGuonStoneRelic","Anchor","infinitespire:Beetle Shell","TheAbacus","hubris:Towel","Magic Flower","qcfpunch:Black_Training_Shirt","ReplayTheSpireMod:Spearhead","Elementarium:ElementariumTrophy","hubris:HollowSoul","OrangePellets","Molten Egg 2","infinitespire:BottledMercury","Regal Pillow","TheVixenMod:UmbreonRelic","reliquary:SilkGlove"],"acts_visited":["Exordium","Elementarium:Elementarium","Gensokyo:Gensokyoest"],"potions_floor_usage":[7,7,7,16],"damage_taken":[{"damage":0,"enemies":"Small Slimes","floor":1,"turns":2},{"damage":0,"enemies":"2 Louse","floor":2,"turns":3},{"damage":2,"enemies":"infinitespire:Voidling","floor":3,"turns":3},{"damage":0,"enemies":"Looter","floor":5,"turns":2},{"damage":25,"enemies":"Gremlin Nob","floor":7,"turns":5},{"damage":11,"enemies":"conspire:2 RoseBushes","floor":8,"turns":3},{"damage":0,"enemies":"Blue Slaver","floor":11,"turns":1},{"damage":0,"enemies":"Replay:BlueRogue","floor":12,"turns":4},{"damage":1,"enemies":"2 Fungi Beasts","floor":13,"turns":2},{"damage":0,"enemies":"Gremlin Nob","floor":14,"turns":3},{"damage":25,"enemies":"Hexaghost","floor":16,"turns":3},{"damage":4,"enemies":"Elementarium:2_ELEMENTALS","floor":18,"turns":4},{"damage":1,"enemies":"Elementarium:VoidCorruption","floor":20,"turns":2},{"damage":1,"enemies":"Elementarium:STONE_GOLEMS","floor":22,"turns":2},{"damage":6,"enemies":"Elementarium:ElementalPortal","floor":23,"turns":5},{"damage":2,"enemies":"Elementarium:VOID_CORRUPTION_AND_TAR_GOLEM","floor":25,"turns":3},{"damage":0,"enemies":"Elementarium:WarGolem","floor":29,"turns":1},{"damage":1,"enemies":"Elementarium:3_ELEMENTALS","floor":30,"turns":2},{"damage":3,"enemies":"Elementarium:GoldenDragon","floor":33,"turns":5},{"damage":1,"enemies":"Gensokyo:3_Bats","floor":35,"turns":2},{"damage":0,"enemies":"Gensokyo:AncientGuardian","floor":38,"turns":2},{"damage":2,"enemies":"Gensokyo:SeedOfUnknown","floor":39,"turns":2},{"damage":1,"enemies":"Gensokyo:Kasen","floor":40,"turns":2},{"damage":0,"enemies":"Gensokyo:4_Bats","floor":41,"turns":1},{"damage":1,"enemies":"Gensokyo:4_Bats","floor":44,"turns":2},{"damage":1,"enemies":"Gensokyo:Rafflesia","floor":46,"turns":3},{"damage":2,"enemies":"Gensokyo:Marisa","floor":47,"turns":3},{"damage":0,"enemies":"Gensokyo:Sharpion","floor":48,"turns":2},{"damage":6,"enemies":"Gensokyo:Scarlet_Devils","floor":50,"turns":5},{"damage":2,"enemies":"Gensokyo:Yuyuko","floor":51,"turns":3}],"seed_played":"3032328921709631469","potions_obtained":[{"floor":8,"key":"Swift Potion"}],"is_trial":false,"path_per_floor":["M","M","M","?","M","R","E","M","T","R","M","E","M","E","R","B",null,"M","$","M","?","M","E","R","M","T","R","?","E","M","?","R","B",null,"M","?","COS","M","M","E","M","T","T","?","R","M","E","M","R","B","B",null],"character_chosen":"IRONCLAD","items_purchased":["Happy Flower","LifebloodPotion","Pommel Strike","Mummified Hand","Rupture","Shrug It Off","Evolve","Quantum Egg","ClockworkSouvenir","Anger","Membership Card","Thunderclap","Pummel","Combust","hubris:IronBody","Genji_Glove","True Grit","Omamori","Power Through","hubris:FunFungus","Barricade","aspiration:HatOfInfinitePower","Feel No Pain","blueLaboratory:FruitPunch","Deep Breath","Anchor","infinitespire:Beetle Shell","Adrenaline Potion","blueLaboratory:FrostheartPotion","TheAbacus"],"campfire_rested":1,"item_purchase_floors":[0,0,0,0,0,0,0,0,0,0,0,0,0,0,0,0,0,0,0,0,0,0,0,0,0,19,19,19,19,19],"current_hp_per_floor":[75,75,75,45,61,61,58,53,53,76,77,77,77,77,77,60,73,77,77,77,77,77,77,77,77,77,77,39,39,39,39,39,39,39,39,39,39,39,39,39,39,39,39,39,39,39,39,39,39,39,39],"gold":1347,"neow_bonus":"","is_daily":false,"chose_seed":false,"campfire_upgraded":7,"win_rate":0.0,"timestamp":1611818479,"path_taken":["M","M","M","?","?","R","E","M","T","R","M","E","M","E","R","BOSS","M","$","M","?","M","E","R","M","T","R","?","E","M","?","R","BOSS","M","?","COS","M","?","E","?","?","T","?","R","M","E","M","R","BOSS","BOSS"],"items_purchased_type":["Relic","Potion","Card","Relic","Card","Card","Card","Relic","Relic","Card","Relic","Card","Card","Card","Relic","Relic","Card","Relic","Card","Relic","Card","Relic","Card","Potion","Card","Relic","Relic","Potion","Potion","Relic"],"build_version":"2020-12-22","purchased_purges":4,"victory":true,"max_hp_per_floor":[75,75,75,75,75,75,77,77,77,77,77,77,77,77,77,77,77,77,77,77,77,77,77,77,77,77,77,39,39,39,39,39,39,39,39,39,39,39,39,39,39,39,39,39,39,39,39,39,39,39,39],"relic_stats":{"OrangePellets":[12],"Regal Pillow":0,"TheAbacus":[42],"Happy Flower":[27],"counters":[139,436],"Mummified Hand":[122],"Magic Flower":[2],"obtain_stats":[{"Golden Egg":1,"infinitespire:BottledMercury":42,"sneckomod:SneckoCommon":0,"construct:FoamFinger":31,"ScarletDevilRocket":34,"Bromod:ArcaneNullifier":0,"downfall:HeartBlessingGreen":27,"infinitespire:Cubic Diamond":3,"wanderingMiniBosses:OtherGremlinHorn":2,"vexMod:TanglingVine":17,"Sling":0,"construct:RocketBooster":0,"HollowMod:JonisBlessing":5,"reliquary:WeakTea":0,"Akabeko":0,"qcfpunch:Broken_Tusk":41,"Elementarium:ElementariumTrophy":33,"Snecko Eye":47,"Pandora\u0027s Box":10,"aspiration:SilentSkillbook":34,"infinitespire:PuzzleCube":52,"Elementarium:HuntersElixir":20,"Regal Pillow":29,"reliquary:SilkGlove":47,"Singing Bowl":29,"hierophant:PropheticMaskRelic":0,"Magic Flower":23,"wanderingMiniBosses:AbyssPearl":27,"hubris:EmptyBottle":12,"Power_Wrist":29,"Ancient Tea Set":31,"hubris:EvacipatedBox":1,"Burning Blood":0,"Cleaning_Rag":41,"Ring of Peace":4,"reliquary:Buckler":12,"hubris:CuriousFeather":0,"hubris:FunFungus":0,"Potion Belt":10,"construct:ClawGrip":34,"Lee\u0027s Waffle":37,"downfall:HeartBlessingRed":27,"qcfpunch:Black_Training_Shirt":8,"Guardian:GemstoneGun":0,"Thread and Needle":39,"DemoMod:PartiallyEatenCheese":10,"The Courier":26,"Omamori":0,"hubris:Towel":46,"Replay:Arrowhead":10,"Bromod:ArcaneMomentum":8,"PureWhite:ReiMu":0,"Ornamental Fan":53,"stsjorbsmod:BookOfTrialsRelic":3,"Bromod:ArcaneBarrier":34,"potionbrewer:BottledElixir":25,"hexamod:BolsterEngine":0,"ReplayTheSpireMod:Ring of Challenge":4,"ReplayTheSpireMod:Lightbulb":53,"Toy Ornithopter":28,"Bromod:ArcaneUltimatum":41,"Ice Cream":0,"Bromod:ArcanePulse":0,"Gremlin Horn":21,"potionbrewer:SalesContract":0,"DemoMod:GlassGuonStoneRelic":8,"theSenshi:FeatherClipsRelic":14,"sneckomod:SneckoSoul":0,"HornCleat":0,"DemoMod:MonsterBlood":47,"DemoMod:Metronome":26,"Strawberry":0,"Prayer Wheel":1,"potionbrewer:DrinkingBird":22,"qcfpunch:Chain_With_Nametags":27,"conspire:Dentures":0,"DemoMod:Orange":47,"Happy Flower":0,"Dead Branch":3,"wanderingMiniBosses:MasterThiefsPresence":18,"infinitespire:Beetle Shell":19,"hubris:HollowSoul":34,"Replay:Kaleidoscope":52,"War Paint":15,"Question Card":1,"sneckomod:SneckoTalon":17,"Du-Vu Doll":12,"OrangePellets":53,"ReplayTheSpireMod:Spearhead":29,"wanderingMiniBosses:Blackblade":4,"Onion Ring":24,"Molten Egg 2":40,"Slimebound:PreparedRelic":13,"infinitespire:EmpoweringShard":23,"hubris:ToyBattleship":31,"aspiration:HatOfInfinitePower":0,"Juzu Bracelet":0,"Hallownest:DreamNailRelic":5,"hubris:SlimyHat":0,"expansioncontent:StudyCardRelic":34,"conspire:TopHat":6,"ClockworkSouvenir":0,"DemoMod:SevenLeafClover":12,"Frozen Eye":8,"TheAbacus":19,"Mummified Hand":21,"downfall:HeartBlessingBlue":27,"Gambling Chip":24,"Genji_Glove":0,"hubris:IronBody":0,"sneckomod:RareBoosterPack":0,"TheVixenMod:UmbreonRelic":42,"Bromod:ArcaneGuardian":27,"hexamod:CandleOfCauterizing":0,"Replay:Towering Pillar of Hats":43,"aspiration:FetidBarrel":44,"Quantum Egg":1,"hubris:MedicalManual":0,"vexMod:FocusSash":21,"Orichalcum":48,"Medical Kit":0,"Mercury Hourglass":6,"Strange Spoon":0,"CaptainsWheel":0,"Anchor":0,"vexMod:HeadHunter":0,"Runesmith:UraniumAnvil":17,"infinitespire:Satchel":45,"ChewingGum":17,"reliquary:Stiletto":23,"Bag of Marbles":38,"Membership Card":0,"Gem_Box":22,"DemoMod:RingOfEthereal":42,"hubris:Potato":0,"TungstenRod":0,"DemoMod:VorpalBullet":32,"RuthlessExorcism:ReiMu":0},{"Golden Egg":0,"infinitespire:BottledMercury":133,"sneckomod:SneckoCommon":30,"construct:FoamFinger":105,"ScarletDevilRocket":106,"Bromod:ArcaneNullifier":30,"downfall:HeartBlessingGreen":15,"infinitespire:Cubic Diamond":68,"wanderingMiniBosses:OtherGremlinHorn":1,"vexMod:TanglingVine":120,"Sling":90,"construct:RocketBooster":30,"HollowMod:JonisBlessing":91,"reliquary:WeakTea":90,"Akabeko":66,"qcfpunch:Broken_Tusk":57,"Elementarium:ElementariumTrophy":82,"Snecko Eye":60,"Pandora\u0027s Box":5,"aspiration:SilentSkillbook":20,"infinitespire:PuzzleCube":64,"Elementarium:HuntersElixir":76,"Regal Pillow":17,"reliquary:SilkGlove":136,"Singing Bowl":105,"hierophant:PropheticMaskRelic":90,"Magic Flower":124,"wanderingMiniBosses:AbyssPearl":103,"hubris:EmptyBottle":7,"Power_Wrist":17,"Ancient Tea Set":105,"hubris:EvacipatedBox":0,"Burning Blood":109,"Cleaning_Rag":23,"Ring of Peace":91,"reliquary:Buckler":73,"hubris:CuriousFeather":30,"hubris:FunFungus":109,"Potion Belt":5,"construct:ClawGrip":82,"Lee\u0027s Waffle":107,"downfall:HeartBlessingRed":15,"qcfpunch:Black_Training_Shirt":4,"Guardian:GemstoneGun":90,"Thread and Needle":56,"DemoMod:PartiallyEatenCheese":94,"The Courier":78,"Omamori":109,"hubris:Towel":25,"Replay:Arrowhead":5,"Bromod:ArcaneMomentum":34,"PureWhite:ReiMu":90,"Ornamental Fan":64,"stsjorbsmod:BookOfTrialsRelic":68,"Bromod:ArcaneBarrier":53,"potionbrewer:BottledElixir":15,"hexamod:BolsterEngine":90,"ReplayTheSpireMod:Ring of Challenge":91,"ReplayTheSpireMod:Lightbulb":64,"Toy Ornithopter":16,"Bromod:ArcaneUltimatum":57,"Ice Cream":66,"Bromod:ArcanePulse":30,"Gremlin Horn":99,"potionbrewer:SalesContract":30,"DemoMod:GlassGuonStoneRelic":4,"theSenshi:FeatherClipsRelic":38,"sneckomod:SneckoSoul":0,"HornCleat":66,"DemoMod:MonsterBlood":25,"DemoMod:Metronome":102,"Strawberry":66,"Prayer Wheel":0,"potionbrewer:DrinkingBird":43,"qcfpunch:Chain_With_Nametags":79,"conspire:Dentures":90,"DemoMod:Orange":60,"Happy Flower":109,"Dead Branch":2,"wanderingMiniBosses:MasterThiefsPresence":121,"infinitespire:Beetle Shell":121,"hubris:HollowSoul":128,"Replay:Kaleidoscope":29,"War Paint":9,"Question Card":0,"sneckomod:SneckoTalon":97,"Du-Vu Doll":117,"OrangePellets":29,"ReplayTheSpireMod:Spearhead":126,"wanderingMiniBosses:Blackblade":32,"Onion Ring":14,"Molten Egg 2":132,"Slimebound:PreparedRelic":73,"infinitespire:EmpoweringShard":14,"hubris:ToyBattleship":51,"aspiration:HatOfInfinitePower":90,"Juzu Bracelet":30,"Hallownest:DreamNailRelic":32,"hubris:SlimyHat":90,"expansioncontent:StudyCardRelic":106,"conspire:TopHat":70,"ClockworkSouvenir":66,"DemoMod:SevenLeafClover":36,"Frozen Eye":4,"TheAbacus":121,"Mummified Hand":12,"downfall:HeartBlessingBlue":15,"Gambling Chip":44,"Genji_Glove":109,"hubris:IronBody":109,"sneckomod:RareBoosterPack":66,"TheVixenMod:UmbreonRelic":23,"Bromod:ArcaneGuardian":103,"hexamod:CandleOfCauterizing":90,"Replay:Towering Pillar of Hats":24,"aspiration:FetidBarrel":87,"Quantum Egg":0,"hubris:MedicalManual":30,"vexMod:FocusSash":12,"Orichalcum":26,"Medical Kit":30,"Mercury Hourglass":33,"Strange Spoon":66,"CaptainsWheel":66,"Anchor":66,"vexMod:HeadHunter":30,"Runesmith:UraniumAnvil":40,"infinitespire:Satchel":60,"ChewingGum":10,"reliquary:Stiletto":77,"Bag of Marbles":22,"Membership Card":30,"Gem_Box":43,"DemoMod:RingOfEthereal":58,"hubris:Potato":30,"TungstenRod":30,"DemoMod:VorpalBullet":52,"RuthlessExorcism:ReiMu":66},{"Golden Egg":0,"infinitespire:BottledMercury":418,"sneckomod:SneckoCommon":112,"construct:FoamFinger":332,"ScarletDevilRocket":339,"Bromod:ArcaneNullifier":112,"downfall:HeartBlessingGreen":39,"infinitespire:Cubic Diamond":224,"wanderingMiniBosses:OtherGremlinHorn":2,"vexMod:TanglingVine":385,"Sling":290,"construct:RocketBooster":112,"HollowMod:JonisBlessing":292,"reliquary:WeakTea":290,"Akabeko":222,"qcfpunch:Broken_Tusk":196,"Elementarium:ElementariumTrophy":269,"Snecko Eye":202,"Pandora\u0027s Box":12,"aspiration:SilentSkillbook":72,"infinitespire:PuzzleCube":212,"Elementarium:HuntersElixir":250,"Regal Pillow":43,"reliquary:SilkGlove":426,"Singing Bowl":332,"hierophant:PropheticMaskRelic":290,"Magic Flower":398,"wanderingMiniBosses:AbyssPearl":328,"hubris:EmptyBottle":19,"Power_Wrist":43,"Ancient Tea Set":332,"hubris:EvacipatedBox":0,"Burning Blood":354,"Cleaning_Rag":76,"Ring of Peace":292,"reliquary:Buckler":239,"hubris:CuriousFeather":112,"hubris:FunFungus":354,"Potion Belt":12,"construct:ClawGrip":269,"Lee\u0027s Waffle":341,"downfall:HeartBlessingRed":39,"qcfpunch:Black_Training_Shirt":8,"Guardian:GemstoneGun":290,"Thread and Needle":192,"DemoMod:PartiallyEatenCheese":302,"The Courier":256,"Omamori":354,"hubris:Towel":81,"Replay:Arrowhead":12,"Bromod:ArcaneMomentum":126,"PureWhite:ReiMu":290,"Ornamental Fan":212,"stsjorbsmod:BookOfTrialsRelic":224,"Bromod:ArcaneBarrier":185,"potionbrewer:BottledElixir":39,"hexamod:BolsterEngine":290,"ReplayTheSpireMod:Ring of Challenge":292,"ReplayTheSpireMod:Lightbulb":212,"Toy Ornithopter":42,"Bromod:ArcaneUltimatum":196,"Ice Cream":222,"Bromod:ArcanePulse":112,"Gremlin Horn":316,"potionbrewer:SalesContract":112,"DemoMod:GlassGuonStoneRelic":8,"theSenshi:FeatherClipsRelic":138,"sneckomod:SneckoSoul":0,"HornCleat":222,"DemoMod:MonsterBlood":81,"DemoMod:Metronome":324,"Strawberry":222,"Prayer Wheel":0,"potionbrewer:DrinkingBird":153,"qcfpunch:Chain_With_Nametags":258,"conspire:Dentures":290,"DemoMod:Orange":202,"Happy Flower":354,"Dead Branch":3,"wanderingMiniBosses:MasterThiefsPresence":389,"infinitespire:Beetle Shell":389,"hubris:HollowSoul":409,"Replay:Kaleidoscope":99,"War Paint":24,"Question Card":0,"sneckomod:SneckoTalon":311,"Du-Vu Doll":377,"OrangePellets":99,"ReplayTheSpireMod:Spearhead":402,"wanderingMiniBosses:Blackblade":120,"Onion Ring":37,"Molten Egg 2":417,"Slimebound:PreparedRelic":239,"infinitespire:EmpoweringShard":37,"hubris:ToyBattleship":179,"aspiration:HatOfInfinitePower":290,"Juzu Bracelet":112,"Hallownest:DreamNailRelic":120,"hubris:SlimyHat":290,"expansioncontent:StudyCardRelic":339,"conspire:TopHat":232,"ClockworkSouvenir":222,"DemoMod:SevenLeafClover":133,"Frozen Eye":7,"TheAbacus":389,"Mummified Hand":32,"downfall:HeartBlessingBlue":39,"Gambling Chip":158,"Genji_Glove":354,"hubris:IronBody":354,"sneckomod:RareBoosterPack":222,"TheVixenMod:UmbreonRelic":76,"Bromod:ArcaneGuardian":328,"hexamod:CandleOfCauterizing":290,"Replay:Towering Pillar of Hats":78,"aspiration:FetidBarrel":284,"Quantum Egg":0,"hubris:MedicalManual":112,"vexMod:FocusSash":32,"Orichalcum":87,"Medical Kit":112,"Mercury Hourglass":123,"Strange Spoon":222,"CaptainsWheel":222,"Anchor":222,"vexMod:HeadHunter":112,"Runesmith:UraniumAnvil":145,"infinitespire:Satchel":202,"ChewingGum":26,"reliquary:Stiletto":251,"Bag of Marbles":74,"Membership Card":112,"Gem_Box":153,"DemoMod:RingOfEthereal":199,"hubris:Potato":112,"TungstenRod":112,"DemoMod:VorpalBullet":182,"RuthlessExorcism:ReiMu":222}],"Burning Blood":47},"card_choices":[{"not_picked":["Shrug It Off","Metallicize","Burning Pact"],"picked":"SKIP","floor":1},{"not_picked":["Carnage","ReplayTheSpireMod:Strike From Hell","Burning Pact"],"picked":"SKIP","floor":2},{"not_picked":["Carnage","ReplayTheSpireMod:Strike From Hell"],"picked":"Burning Pact","floor":2},{"not_picked":["Rupture","Dark Embrace","True Grit"],"picked":"SKIP","floor":3},{"not_picked":["Body Slam","Anger","Second Wind"],"picked":"SKIP","floor":5},{"not_picked":["Blood for Blood","Rage","Pommel Strike"],"picked":"SKIP","floor":7},{"not_picked":["Replay:Undeath\u0027s Touch","Intimidate","Clash"],"picked":"SKIP","floor":8},{"not_picked":["Clothesline","Evolve"],"picked":"Seeing Red","floor":11},{"not_picked":["Cleave","ReplayTheSpireMod:Stacked","Heavy Blade"],"picked":"SKIP","floor":12},{"not_picked":["DemoMod:BlackBlade","Wild Strike","Disarm"],"picked":"SKIP","floor":13},{"not_picked":["DemoMod:BlackBlade","Disarm"],"picked":"Wild Strike","floor":13},{"not_picked":["Pommel Strike","ReplayTheSpireMod:Strike From Hell","Body Slam"],"picked":"SKIP","floor":14},{"not_picked":["Eclipse","Exhume"],"picked":"Brutality","floor":16},{"not_picked":["Inflame","Pommel Strike","ReplayTheSpireMod:Stacked"],"picked":"SKIP","floor":18},{"not_picked":["Inflame","Pommel Strike","ReplayTheSpireMod:Stacked"],"picked":"SKIP","floor":18},{"not_picked":["conspire:Charge","ReplayTheSpireMod:Strike From Hell","hubris:CleavingFinish"],"picked":"SKIP","floor":20},{"not_picked":["Heavy Blade","Seeing Red","Pommel Strike"],"picked":"SKIP","floor":22},{"not_picked":["Bludgeon","Rampage","Infernal Blade"],"picked":"SKIP","floor":23},{"not_picked":["Abandon","Anger","Pommel Strike"],"picked":"SKIP","floor":25},{"not_picked":["Cleave","hubris:CleavingFinish","Replay:Undeath\u0027s Touch"],"picked":"SKIP","floor":29},{"not_picked":["ReplayTheSpireMod:Strike From Hell","Wild Strike","Carnage"],"picked":"SKIP","floor":30},{"not_picked":["Feed","Double Tap"],"picked":"Immolate","floor":33},{"not_picked":["Heavy Blade+1","Seeing Red","Clothesline"],"picked":"SKIP","floor":35},{"not_picked":["Clothesline","Double Tap","ReplayTheSpireMod:Strike From Hell"],"picked":"SKIP","floor":38},{"not_picked":["ReplayTheSpireMod:Muscle Training","Carnage","Dual Wield"],"picked":"SKIP","floor":39},{"not_picked":["True Grit","Clothesline+1","Havoc"],"picked":"SKIP","floor":40},{"not_picked":["ReplayTheSpireMod:Corrosion Curse","Cleave+1"],"picked":"ReplayTheSpireMod:Strike From Hell+1","floor":41},{"not_picked":["Thunderclap+1","Armaments","Iron Wave+1"],"picked":"SKIP","floor":46},{"not_picked":["Thunderclap+1","Armaments"],"picked":"Iron Wave+1","floor":46},{"not_picked":["Anger+1","Warcry+1","Thunderclap+1"],"picked":"SKIP","floor":47},{"not_picked":["Anger+1","Warcry+1","Thunderclap+1"],"picked":"SKIP","floor":47},{"not_picked":["Power Through","Warcry"],"picked":"ReplayTheSpireMod:Limb From Limb+1","floor":48}],"player_experience":1390387,"relics_obtained":[{"floor":12,"key":"Du-Vu Doll"},{"floor":18,"key":"wanderingMiniBosses:MasterThiefsPresence"},{"floor":23,"key":"Magic Flower"},{"floor":26,"key":"qcfpunch:Black_Training_Shirt"},{"floor":29,"key":"ReplayTheSpireMod:Spearhead"},{"floor":40,"key":"Molten Egg 2"},{"floor":42,"key":"infinitespire:BottledMercury"},{"floor":43,"key":"Regal Pillow"},{"floor":47,"key":"reliquary:SilkGlove"}],"event_choices":[{"damage_healed":0,"gold_gain":0,"player_choice":"Touch","damage_taken":0,"max_hp_gain":0,"max_hp_loss":38,"event_name":"Elementarium:ElementalBlades","floor":28,"gold_loss":0,"cards_obtained":["Elementarium:FireblessedBlade","Elementarium:WindblessedBlade","Elementarium:EarthblessedBlade","Elementarium:IceblessedBlade","Elementarium:VoidblessedBlade"]},{"damage_healed":0,"gold_gain":0,"player_choice":"Fight the Beast\u0027s assailants","damage_taken":0,"relics_obtained":["TheVixenMod:UmbreonRelic"],"max_hp_gain":0,"max_hp_loss":0,"event_name":"Creature of the Night","floor":44,"gold_loss":0}],"is_beta":false,"boss_relics":[{"not_picked":["vexMod:BigBerry","Replay:Drink Me"],"picked":"vexMod:TanglingVine"},{"not_picked":["vexMod:DeviousBotling","Tiny House"],"picked":"hubris:HollowSoul"}],"items_purged_floors":[0,0,0,0],"is_endless":false,"potions_floor_spawned":[1,3,8,11,12,22,23,29,33,40,46,48],"ascension_level":20,"is_humility":true}}