{"host":"dw8ij7emqco3quom","time":1611872697,"event":{"mods":["BaseMod","Minty Spire (QoL Compilation)"],"gold_per_floor":[111,125,57,57,81,81,114,114,140,216,240,240,259,277,277,397,397,411,411,429,208,208,244,256,292,352,344,370,382,394,406,418,555,567,604,616,646,676,701,713,500,500,524,524,557,557,557,39,39,39,39,39,39,83,83,83],"floor_reached":55,"language":"FRA","playtime":4448,"items_purged":["Defend_R"],"score":952,"play_id":"736bf56b-a654-41ea-856e-301793f40cde","local_time":"20210128232457","is_ascension_mode":true,"campfire_choices":[{"data":"Uppercut","floor":6.0,"key":"SMITH"},{"data":"Dual Wield","floor":8.0,"key":"SMITH"},{"data":"Infernal Blade","floor":12.0,"key":"SMITH"},{"floor":15.0,"key":"RECALL"},{"data":"Limit Break","floor":24.0,"key":"SMITH"},{"data":"Rampage","floor":29.0,"key":"SMITH"},{"data":"Heavy Blade","floor":32.0,"key":"SMITH"},{"data":"Fire Breathing","floor":40.0,"key":"SMITH"},{"data":"Double Tap","floor":42.0,"key":"SMITH"},{"floor":46.0,"key":"REST"},{"floor":49.0,"key":"REST"},{"data":"Madness","floor":52.0,"key":"SMITH"}],"circlet_count":0,"master_deck":["Bash","Dual Wield+1","Infernal Blade+1","Uppercut+1","Injury","Clash","Heavy Blade+1","Twin Strike","Clash","Limit Break+1","CurseOfTheBell","Pummel","Rampage+1","Exhume","Blood for Blood","Fire Breathing+1","Necronomicurse","Double Tap+1","Shrug It Off","Iron Wave","Rage","Pommel Strike","Fiend Fire","Rage","Metallicize+1","Spot Weakness","Madness+1","Madness","Dropkick"],"relics":["Burning Blood","Vajra","Golden Idol","Akabeko","Blood Vial","Pantograph","Calling Bell","Strawberry","HornCleat","Magic Flower","Pen Nib","MawBank","Orichalcum","Calipers","Necronomicon","Pandora\u0027s Box","Toy Ornithopter","Oddly Smooth Stone","Mercury Hourglass","HandDrill","Bag of Preparation"],"acts_visited":["Exordium","TheCity","TheBeyond","TheEnding"],"potions_floor_usage":[55],"damage_taken":[{"damage":1.0,"enemies":"Cultist","floor":1.0,"turns":3.0},{"damage":0.0,"enemies":"Small Slimes","floor":2.0,"turns":3.0},{"damage":2.0,"enemies":"Jaw Worm","floor":5.0,"turns":3.0},{"damage":6.0,"enemies":"Gremlin Nob","floor":7.0,"turns":3.0},{"damage":7.0,"enemies":"Lots of Slimes","floor":11.0,"turns":4.0},{"damage":5.0,"enemies":"Exordium Thugs","floor":13.0,"turns":3.0},{"damage":2.0,"enemies":"Large Slime","floor":14.0,"turns":3.0},{"damage":0.0,"enemies":"Slime Boss","floor":16.0,"turns":3.0},{"damage":10.0,"enemies":"Chosen","floor":18.0,"turns":5.0},{"damage":9.0,"enemies":"3 Byrds","floor":20.0,"turns":4.0},{"damage":30.0,"enemies":"Gremlin Leader","floor":23.0,"turns":6.0},{"damage":20.0,"enemies":"3 Cultists","floor":25.0,"turns":5.0},{"damage":0.0,"enemies":"Snake Plant","floor":28.0,"turns":1.0},{"damage":63.0,"enemies":"Champ","floor":33.0,"turns":7.0},{"damage":7.0,"enemies":"Orb Walker","floor":35.0,"turns":3.0},{"damage":12.0,"enemies":"3 Shapes","floor":37.0,"turns":13.0},{"damage":10.0,"enemies":"Maw","floor":38.0,"turns":5.0},{"damage":0.0,"enemies":"3 Darklings","floor":39.0,"turns":1.0},{"damage":70.0,"enemies":"Reptomancer","floor":45.0,"turns":6.0},{"damage":115.0,"enemies":"Donu and Deca","floor":50.0,"turns":8.0},{"damage":17.0,"enemies":"Shield and Spear","floor":54.0,"turns":3.0},{"damage":97,"enemies":"The Heart","floor":55,"turns":6}],"seed_played":"-5996810328862187366","potions_obtained":[{"floor":1.0,"key":"CultistPotion"},{"floor":5.0,"key":"LiquidMemories"},{"floor":11.0,"key":"BloodPotion"},{"floor":16.0,"key":"SkillPotion"},{"floor":23.0,"key":"SteroidPotion"},{"floor":27.0,"key":"EntropicBrew"},{"floor":33.0,"key":"GamblersBrew"},{"floor":38.0,"key":"SkillPotion"},{"floor":45.0,"key":"BloodPotion"},{"floor":54.0,"key":"Explosive Potion"}],"is_trial":false,"path_per_floor":["M","M","$","?","M","R","E","R","T","T","M","R","M","M","R","B",null,"M","?","M","$","?","E","R","M","T","?","M","R","?","?","R","B",null,"M","?","M","M","M","R","$","R","T","?","E","R","?","$","R","B",null,"R","$","E","B"],"character_chosen":"IRONCLAD","items_purchased":["Uppercut","Pen Nib","Spot Weakness","Toy Ornithopter","Mercury Hourglass","HandDrill","Block Potion","Dropkick"],"campfire_rested":2,"item_purchase_floors":[3,21,41,41,48,48,48,48],"current_hp_per_floor":[77,80,80,80,80,80,80,80,80,80,79,79,80,80,80,80,87,86,86,87,87,87,66,66,58,58,58,70,70,70,54,54,59,80,85,85,84,86,87,87,87,87,87,76,26,52,52,52,78,23,71,71,71,66,0,0],"gold":83,"neow_bonus":"RANDOM_COMMON_RELIC","is_daily":false,"chose_seed":false,"campfire_upgraded":9,"win_rate":0.0,"timestamp":1611872697,"path_taken":["M","?","$","?","M","R","E","R","T","?","?","R","M","M","R","BOSS","M","?","M","$","?","E","R","M","T","?","?","R","?","?","R","BOSS","M","?","?","M","M","R","$","R","T","?","E","R","?","$","R","BOSS","R","$","E","BOSS"],"items_purchased_type":["Card","Relic","Card","Relic","Relic","Relic","Potion","Card"],"build_version":"2020-12-22","purchased_purges":1,"victory":false,"max_hp_per_floor":[80,80,80,80,80,80,80,80,80,80,80,80,80,80,80,80,87,87,87,87,87,87,87,87,87,87,87,87,87,87,87,87,87,87,87,87,87,87,87,87,87,87,87,87,87,87,87,87,87,87,87,87,87,87,87,87],"card_choices":[{"not_picked":["Clothesline","Iron Wave"],"picked":"Dual Wield","floor":1.0},{"not_picked":["Sentinel","Wild Strike"],"picked":"Infernal Blade","floor":2.0},{"not_picked":["Blood for Blood","Sword Boomerang"],"picked":"Clash","floor":5.0},{"not_picked":["Corruption","Evolve"],"picked":"Disarm","floor":7.0},{"not_picked":["Shockwave","Body Slam"],"picked":"Heavy Blade","floor":11.0},{"not_picked":["Anger","Sword Boomerang"],"picked":"Twin Strike","floor":13.0},{"not_picked":["Havoc","Rupture"],"picked":"Clash","floor":14.0},{"not_picked":["Juggernaut","Corruption"],"picked":"Limit Break","floor":16.0},{"not_picked":["Sword Boomerang","Intimidate"],"picked":"Pummel","floor":18.0},{"not_picked":["Shockwave","Flex","Thunderclap"],"picked":"SKIP","floor":20.0},{"not_picked":["Infernal Blade","Entrench"],"picked":"Fire Breathing","floor":23.0},{"not_picked":["Heavy Blade","Flex","Pummel"],"picked":"SKIP","floor":25.0},{"not_picked":["Anger","Shockwave"],"picked":"Cleave","floor":28.0},{"not_picked":["Fiend Fire","Offering"],"picked":"Double Tap","floor":33.0},{"not_picked":["Combust","Dual Wield"],"picked":"Metallicize+1","floor":35.0},{"not_picked":["Anger+1","Carnage","True Grit+1"],"picked":"SKIP","floor":37.0},{"not_picked":["Pommel Strike","Wild Strike","Body Slam"],"picked":"SKIP","floor":38.0},{"not_picked":["Perfected Strike+1","Twin Strike","Cleave+1"],"picked":"SKIP","floor":39.0},{"not_picked":["Body Slam","Dual Wield","Cleave+1"],"picked":"SKIP","floor":45.0},{"not_picked":["Thunderclap+1","Bludgeon","Twin Strike"],"picked":"SKIP","floor":54.0}],"player_experience":683785,"relics_obtained":[{"floor":7.0,"key":"Akabeko"},{"floor":9.0,"key":"Blood Vial"},{"floor":10.0,"key":"Pantograph"},{"floor":17.0,"key":"Strawberry"},{"floor":17.0,"key":"HornCleat"},{"floor":17.0,"key":"Magic Flower"},{"floor":23.0,"key":"MawBank"},{"floor":26.0,"key":"Orichalcum"},{"floor":31.0,"key":"Necronomicon"},{"floor":45.0,"key":"Oddly Smooth Stone"},{"floor":54.0,"key":"Bag of Preparation"}],"event_choices":[{"damage_healed":0.0,"max_hp_gain":0.0,"max_hp_loss":0.0,"gold_gain":0.0,"event_name":"Golden Idol","player_choice":"Take Wound","floor":4.0,"gold_loss":0.0,"damage_taken":0.0,"relics_obtained":["Golden Idol"],"cards_obtained":["Injury"]},{"damage_healed":0.0,"max_hp_gain":0.0,"max_hp_loss":0.0,"gold_gain":0.0,"event_name":"The Library","player_choice":"Read","floor":19.0,"gold_loss":0.0,"damage_taken":0.0,"cards_obtained":["Rampage"]},{"damage_healed":0.0,"max_hp_gain":0.0,"max_hp_loss":0.0,"gold_gain":0.0,"cards_transformed":["Strike_R","Strike_R"],"event_name":"Drug Dealer","player_choice":"Became Test Subject","floor":22.0,"gold_loss":0.0,"damage_taken":0.0,"cards_obtained":["Exhume","Blood for Blood"]},{"damage_healed":0.0,"max_hp_gain":0.0,"max_hp_loss":0.0,"gold_gain":0.0,"event_name":"The Woman in Blue","player_choice":"Bought 1 Potion","floor":27.0,"gold_loss":0.0,"damage_taken":0.0},{"damage_healed":0.0,"max_hp_gain":0.0,"max_hp_loss":0.0,"gold_gain":0.0,"event_name":"The Mausoleum","player_choice":"Opened","floor":30.0,"gold_loss":0.0,"damage_taken":0.0,"relics_obtained":["Calipers"]},{"damage_healed":0.0,"max_hp_gain":0.0,"max_hp_loss":0.0,"gold_gain":0.0,"event_name":"Cursed Tome","player_choice":"Obtained Book","floor":31.0,"gold_loss":0.0,"damage_taken":16.0},{"cards_removed":["Cleave"],"damage_healed":0.0,"max_hp_gain":0.0,"max_hp_loss":0.0,"gold_gain":0.0,"event_name":"Purifier","player_choice":"Purged","floor":36.0,"gold_loss":0.0,"damage_taken":0.0},{"damage_healed":0.0,"max_hp_gain":0.0,"max_hp_loss":0.0,"gold_gain":0.0,"event_name":"Winding Halls","player_choice":"Embrace Madness","floor":44.0,"gold_loss":0.0,"damage_taken":11.0,"cards_obtained":["Madness","Madness"]},{"cards_removed":["Disarm"],"damage_healed":0.0,"max_hp_gain":0.0,"max_hp_loss":0.0,"gold_gain":0.0,"event_name":"Falling","player_choice":"Removed Skill","floor":47.0,"gold_loss":0.0,"damage_taken":0.0}],"is_beta":false,"boss_relics":[{"not_picked":["Empty Cage","SlaversCollar"],"picked":"Calling Bell"},{"not_picked":["Fusion Hammer","Tiny House"],"picked":"Pandora\u0027s Box"}],"items_purged_floors":[21],"is_endless":false,"potions_floor_spawned":[1,5,11,16,23,33,38,45,54],"killed_by":"The Heart","ascension_level":6}}