{"host":"24ngawglxjpxpz5k","time":1611838973,"event":{"mods":["ATMod(∞¢Ë™Mod)","AchievementEnabler","Act Like it!","Arknights The Spire","BaseMod","Better Note","Chen","Gensokyo","Koishi","Marisa£®ÏF”Í°°ƒß¿Ì…≥£©","Minty Spire (QoL Compilation)","Reimu£®≤©¿ˆ¡È√Œ£©","Remilia£®¿Ÿ√◊¿Ú—«£©","Ryuuou¡˙Õı","StSLib","SuperFastMode","The Servant 0.9.4","Waifu the Spire","Youmu£®ªÍ∆«—˝√Œ£©","°æ“≈ŒÔø®≈∆°øREMEMod"],"gold_per_floor":[109,125,140,140,0,32,32,2,2,2,18,18,18,32,32,336,336,348,228,40,55,55,55],"floor_reached":22,"language":"ZHS","playtime":1134,"items_purged":[],"score":184,"play_id":"5a4169b1-e4bf-4b92-9b60-cb075b3ee492","local_time":"20210128210253","is_ascension_mode":false,"campfire_choices":[{"data":"DemonKingCradle","floor":7,"key":"SMITH"},{"data":"ats:Guard Mode","floor":10,"key":"SMITH"},{"data":"ats:Blood Oath","floor":15,"key":"SMITH"}],"circlet_count":0,"master_deck":["ats:Strike C","ats:Strike G","ats:Strike S","ats:Strike V","ats:Armor Crushing Shot","ats:Defend","ats:Defend","ats:Defend","ats:Defend","ats:Emotion Absorption","AT_DarkMatter","DemonKingCradle+1","ats:Counter Healing Mode","ats:Blood Oath+1","ats:Leaping Hammer","ats:Guard Mode+1","ats:Apocalypse","Pain","ats:Very Hot Blade","ats:Nebulous Foxfire","ats:Closed Bolt Burst Fire","Gensokyo:TarnishedGold"],"relics":["ats:Sanity Plus","AT_ATBox","REME_ComplimentaryCards","NeowsBlessing","Unceasing Top","ats:Originium","Thread and Needle","Tea:ReiMu","Gensokyo:LunaticRedEyes","Gensokyo:LionMask","ats:Special"],"acts_visited":["Gensokyo:Gensokyo","Gensokyo:Gensokyoer"],"potions_floor_usage":[16],"damage_taken":[{"damage":0,"enemies":"Gensokyo:3_Fairies","floor":1,"turns":1},{"damage":0,"enemies":"Gensokyo:2_Kodama","floor":2,"turns":1},{"damage":0,"enemies":"Gensokyo:Python","floor":3,"turns":2},{"damage":48,"enemies":"Gensokyo:Aya","floor":6,"turns":10},{"damage":11,"enemies":"Gensokyo:2_Rabbits","floor":11,"turns":3},{"damage":20,"enemies":"Gensokyo:VengefulSpirit","floor":14,"turns":7},{"damage":65,"enemies":"Gensokyo:Kokoro","floor":16,"turns":13},{"damage":67,"enemies":"Gensokyo:2_Gloops","floor":18,"turns":10},{"damage":71,"enemies":"Gensokyo:3_Dogs","floor":21,"turns":9},{"damage":55,"enemies":"Gensokyo:Swordslinger","floor":22,"turns":5}],"seed_played":"-7985844232592851595","potions_obtained":[{"floor":6,"key":"AttackPotion"},{"floor":11,"key":"Block Potion"},{"floor":14,"key":"SteroidPotion"},{"floor":16,"key":"Fruit Juice"},{"floor":18,"key":"SteroidPotion"}],"is_trial":false,"path_per_floor":["M","M","M","?","?","E","R","COS","T","R","M","?","$","M","R","B",null,"M","?","COS","M","M"],"character_chosen":"DOCTOR_CLASS","items_purchased":[],"campfire_rested":0,"item_purchase_floors":[],"current_hp_per_floor":[72,72,72,72,72,31,31,31,31,52,41,41,41,29,50,67,77,77,77,77,31,0,0],"gold":55,"neow_bonus":"THREE_ENEMY_KILL","is_daily":false,"chose_seed":false,"campfire_upgraded":3,"win_rate":0.0,"timestamp":1611838973,"path_taken":["M","?","M","?","?","E","R","COS","T","R","?","?","?","?","R","BOSS","M","?","COS","M","M"],"items_purchased_type":[],"build_version":"2020-12-22","purchased_purges":0,"victory":false,"max_hp_per_floor":[72,72,72,72,72,72,72,72,72,72,72,72,72,72,72,77,77,77,77,77,77,77,77],"card_choices":[{"not_picked":["ats:Curse Doll","ats:Blood Oath"],"picked":"ats:Counter Healing Mode","floor":1},{"not_picked":["ats:Assault Order","ats:Consecutive Shot Auto"],"picked":"ats:Blood Oath","floor":2},{"not_picked":["ats:Explosion Area Strengthen","ats:Guardian Obelisk"],"picked":"ats:Leaping Hammer","floor":3},{"not_picked":["ats:Overload","ats:Ignite"],"picked":"ats:Guard Mode","floor":6},{"not_picked":["ats:Sashimi Platter","ats:Powerful Strike"],"picked":"ats:Apocalypse","floor":11},{"not_picked":["ats:Flexible Camouflage","ats:Cat Scratch"],"picked":"ats:Very Hot Blade","floor":14},{"not_picked":["ats:Echo Reverb","ats:Durian"],"picked":"ats:Nebulous Foxfire","floor":16},{"not_picked":["ats:Very Hot Blade","ats:Thermite Blade"],"picked":"ats:Closed Bolt Burst Fire","floor":18},{"not_picked":["ats:Curse Doll+1","ats:Absolute Focus+1","ats:Sunburst"],"picked":"SKIP","floor":21}],"player_experience":145893,"relics_obtained":[{"floor":6,"key":"ats:Originium"},{"floor":6,"key":"Thread and Needle"},{"floor":9,"key":"Tea:ReiMu"}],"event_choices":[],"is_beta":false,"boss_relics":[{"not_picked":["Pandora\u0027s Box","Tiny House"],"picked":"ats:Sanity Plus"}],"items_purged_floors":[],"is_endless":false,"potions_floor_spawned":[6,11,14,16,18,21],"killed_by":"Gensokyo:Swordslinger","ascension_level":0}}