{"host":"eeuhgv8goqdjv4ip","time":1611860195,"event":{"mods":["2.2 Compatiblity","AchievementEnabler","Act Like it!","BaseMod","Better Match","Better Note","Better Skull","Better Third Choice","Challenge The Spire","Colored Map","Colored Powertips","Conspire","Custom Start","Dark Map","Gensokyo","GifTheSpireLib","Hallownest","Hubris","Infinite Spire","Koishi","Marisa????????","Minty Spire (QoL Compilation)","Permanent Neow","Prisma Mod","Quick Restart","Reimu??????","Remilia??????","Replay The Spire","SIMod","StSLib","Td1madao Mod","The Animator","The Mystic","The Saiyan","The Servant 0.9.4","The Wild Card","TheSwordswoman"],"gold_per_floor":[111,123,123,142,142,142,160,170,470,470,470,500,37,37,37,138,238,249,260,249,70,70,70,70,105,105,419,419,419,454,470,470,571,571,590,605,623,648,846,878,892,892,892,892,593,624,634,653,653,653,653,653,500,533,533],"floor_reached":56,"language":"ENG","playtime":9044,"items_purged":["Strike_Lin:ReiMu","ReplayTheSpireMod:Restless Dread","CommonCold"],"score":1470,"play_id":"623669f7-4bbf-4dde-a3fd-be91ebb93bda","local_time":"20210128145635","is_ascension_mode":false,"campfire_choices":[{"data":"NB:ReiMu","floor":6,"key":"SMITH"},{"data":"CleanRite:ReiMu","floor":10,"key":"SMITH"},{"data":"MikOfLucky:ReiMu","floor":15,"key":"SMITH"},{"data":"KamiRite:ReiMu","floor":24,"key":"SMITH"},{"data":"PrayRite:ReiMu","floor":32,"key":"SMITH"},{"data":"Gathering:ReiMu","floor":42,"key":"SMITH"},{"floor":49,"key":"RECALL"},{"data":"infinitespire:Collect","floor":52,"key":"SMITH"}],"circlet_count":0,"master_deck":["Strike_Lin:ReiMu","Strike_Lin:ReiMu","Strike_Lin:ReiMu","Defend_Lin:ReiMu","Defend_Lin:ReiMu","Defend_Lin:ReiMu","Defend_Lin:ReiMu","NB:ReiMu+1","Stagnation:ReiMu","CleanRite:ReiMu+1","Intuition:ReiMu","AirStrike:ReiMu","Conquer:ReiMu","RainPray2:ReiMu","CareerPray:ReiMu","YinYangSange:ReiMu","MikOfLucky:ReiMu+1","KamiRite:ReiMu+1","CardOfSanctity:ReiMu+1","KamiRite:ReiMu+1","Enchanting:ReiMu","SubAcupoint:ReiMu","infinitespire:Collect+1","infinitespire:Starlight","AirStrike:ReiMu+1","CardOfSanctity:ReiMu","WonderfulDomain:ReiMu+1","WonderfulDomain:ReiMu+1","Gathering:ReiMu+1","PrayRite:ReiMu","LovePray:ReiMu","LovePray:ReiMu+1","TightArray:ReiMu","PrayRite:ReiMu","WonderfulDomain:ReiMu+1","Enchanting:ReiMu+1","Revelation:ReiMu+1"],"relics":["FlyPower:ReiMu","Question Card","Old Coin","Gensokyo:Mercy","Torii","conspire:TreasureMap","Sling","Replay:Wanted Poster","TentaclePot:ReiMu","hubris:Zylophone","BranchBurnRelic","Pet Ghost","Bottled Tornado","Mirror","Cursed Key","hubris:KleinBottle","Pantograph","Coffee Dripper","Centennial Puzzle","ReplayTheSpireMod:Ring of Challenge","Ring of Hypnosis","Membership Card","Happy Flower","Pen Nib","Anchor","FadedRune:ReiMu"],"acts_visited":["Exordium","Gensokyo:Gensokyo","Gensokyo:Gensokyoer","TheEnding"],"potions_floor_usage":[16,16],"damage_taken":[{"damage":0,"enemies":"Gensokyo:2_Kodama","floor":1,"turns":5},{"damage":2,"enemies":"Gensokyo:Python","floor":2,"turns":5},{"damage":1,"enemies":"Gensokyo:Gryphon","floor":4,"turns":4},{"damage":7,"enemies":"Gensokyo:VengefulSpirit","floor":7,"turns":4},{"damage":0,"enemies":"Gensokyo:5_Fairies","floor":8,"turns":3},{"damage":12,"enemies":"Gensokyo:Aya","floor":12,"turns":7},{"damage":31,"enemies":"Gensokyo:Reimu","floor":16,"turns":11},{"damage":32,"enemies":"Gensokyo:3_Dogs","floor":18,"turns":7},{"damage":2,"enemies":"Gensokyo:Chomper","floor":19,"turns":5},{"damage":7,"enemies":"Gensokyo:Koishi","floor":25,"turns":6},{"damage":43,"enemies":"Gensokyo:Slime_Group","floor":27,"turns":5},{"damage":1,"enemies":"Gensokyo:Tenshi","floor":30,"turns":3},{"damage":0,"enemies":"Gensokyo:Chomper_and_Gloop","floor":31,"turns":3},{"damage":0,"enemies":"Gensokyo:Eiki","floor":33,"turns":5},{"damage":1,"enemies":"Gensokyo:AncientGuardian","floor":35,"turns":5},{"damage":0,"enemies":"Gensokyo:3_Boulders","floor":36,"turns":4},{"damage":0,"enemies":"Gensokyo:4_Bats","floor":37,"turns":4},{"damage":0,"enemies":"Gensokyo:Doremy","floor":40,"turns":4},{"damage":0,"enemies":"Gensokyo:SeedOfUnknown","floor":41,"turns":3},{"damage":16,"enemies":"Gensokyo:Kasen","floor":46,"turns":4},{"damage":0,"enemies":"Gensokyo:Dusk_and_Dawn","floor":47,"turns":4},{"damage":1,"enemies":"Gensokyo:Rafflesia","floor":48,"turns":4},{"damage":26,"enemies":"Gensokyo:Shinki","floor":50,"turns":6},{"damage":0,"enemies":"Shield and Spear","floor":54,"turns":4},{"damage":44,"enemies":"The Heart","floor":55,"turns":7}],"seed_played":"9008970085668293577","potions_obtained":[{"floor":4,"key":"Toxic Potion"},{"floor":7,"key":"Weak Potion"},{"floor":8,"key":"Elixir"},{"floor":19,"key":"DuplicationPotion"},{"floor":31,"key":"LiquidFlight:ReiMu"},{"floor":33,"key":"SneckoOil"},{"floor":40,"key":"ZuzhouPotion:ReiMu"},{"floor":46,"key":"SteroidPotion"},{"floor":54,"key":"Strength Potion"}],"is_trial":false,"path_per_floor":["M","M","?","M","T","R","M","M","T","R","?","E","COS","?","R","B",null,"M","M","?","COS","?","E","R","E","T","M","AVR","$","E","M","R","B",null,"M","M","M","T","?","E","M","R","T","?","$","E","M","M","R","B",null,"R","$","E","B",null],"character_chosen":"REIMU","items_purchased":["hubris:KleinBottle","Membership Card","Happy Flower","TightArray:ReiMu","Anchor","Strength Potion"],"campfire_rested":0,"item_purchase_floors":[29,45,45,45,53,53],"current_hp_per_floor":[65,63,63,62,62,62,55,55,55,55,55,43,43,43,43,12,65,33,31,63,63,63,63,63,65,65,22,22,3,12,22,22,65,65,64,65,65,65,49,59,65,65,65,65,65,59,65,64,64,45,65,65,65,65,29],"gold":533,"neow_bonus":"ONE_RANDOM_RARE_CARD","is_daily":false,"chose_seed":false,"campfire_upgraded":7,"win_rate":0.0,"timestamp":1611860195,"path_taken":["M","M","?","M","?","R","M","M","T","R","?","E","COS","?","R","BOSS","M","M","?","COS","?","E","R","E","T","M","AVR","?","E","M","R","BOSS","M","?","?","?","?","E","M","R","T","?","?","E","M","M","R","BOSS","R","$","E","BOSS"],"items_purchased_type":["Relic","Relic","Relic","Card","Relic","Potion"],"build_version":"2020-12-22","purchased_purges":3,"victory":true,"max_hp_per_floor":[65,65,65,65,65,65,65,65,65,65,65,65,65,65,65,65,65,65,65,65,65,65,65,65,65,65,65,65,65,65,65,65,65,65,65,65,65,65,65,65,65,65,65,65,65,65,65,65,65,65,65,65,65,65,65],"card_choices":[{"not_picked":["MountainWay:ReiMu","Amulet:ReiMu"],"picked":"Intuition:ReiMu","floor":1},{"not_picked":["MountainWay:ReiMu","WonderfulDomain:ReiMu"],"picked":"AirStrike:ReiMu","floor":2},{"not_picked":["Conquer:ReiMu","Amulet:ReiMu"],"picked":"AirStrike:ReiMu","floor":4},{"not_picked":["SpiritualOutbreak2:ReiMu","CollectionFlower2:ReiMu","SpringWay:ReiMu"],"picked":"Conquer:ReiMu","floor":7},{"not_picked":["LearningPray:ReiMu","Intuition:ReiMu","SpiritualOutbreak2:ReiMu"],"picked":"RainPray2:ReiMu","floor":8},{"not_picked":["SpringWay:ReiMu","SafetyPray:ReiMu","OrbThrow:ReiMu"],"picked":"CareerPray:ReiMu","floor":12},{"not_picked":["Amulet:ReiMu","TakeOff:ReiMu","AlertArray:ReiMu"],"picked":"YinYangSange:ReiMu","floor":14},{"not_picked":["OrbThrow:ReiMu","WonderfulDomain:ReiMu","SpreadBorder2:ReiMu"],"picked":"MikOfLucky:ReiMu","floor":14},{"not_picked":["DependentForm:ReiMu+1","CeremonyResonance:ReiMu+1","Determination:ReiMu+1"],"picked":"KamiRite:ReiMu+1","floor":16},{"not_picked":["CleanRite:ReiMu","RunawayExorcism:ReiMu","KamiRite:ReiMu"],"picked":"CardOfSanctity:ReiMu","floor":16},{"not_picked":["AirStrike:ReiMu+1","Revelation:ReiMu","FantasyBorder:ReiMu"],"picked":"TightArray:ReiMu","floor":18},{"not_picked":["EmergencyTakeOff:ReiMu","SpringWay:ReiMu","Conquer:ReiMu"],"picked":"KamiRite:ReiMu","floor":19},{"not_picked":["AlertArray:ReiMu","Intuition:ReiMu","WonderfulDomain:ReiMu"],"picked":"Enchanting:ReiMu","floor":25},{"not_picked":["SpiritualOutbreak2:ReiMu","ManaGlint:ReiMu","RainPray2:ReiMu"],"picked":"SubAcupoint:ReiMu","floor":27},{"not_picked":["infinitespire:UltimateForm","infinitespire:Collect"],"picked":"infinitespire:Starlight","floor":29},{"not_picked":["SubcavityInstant:ReiMu","PassingAway:ReiMu","MikOfLucky:ReiMu"],"picked":"PrayRite:ReiMu","floor":30},{"not_picked":["CareerPray:ReiMu+1","EmergencyTakeOff:ReiMu","WonderfulDomain:ReiMu"],"picked":"AirStrike:ReiMu+1","floor":31},{"not_picked":["RunawayExorcism:ReiMu","Determination:ReiMu","YinYang:ReiMu"],"picked":"CardOfSanctity:ReiMu","floor":33},{"not_picked":["SubcavityInstant:ReiMu","TightArray:ReiMu","Amulet:ReiMu+1"],"picked":"WonderfulDomain:ReiMu+1","floor":35},{"not_picked":["Amulet:ReiMu+1","Dreaming2:ReiMu","PhosphorusFlame:ReiMu"],"picked":"WonderfulDomain:ReiMu+1","floor":36},{"not_picked":["BarrageOfMoneybags:ReiMu","SpreadBorder2:ReiMu+1","SpringWay:ReiMu"],"picked":"Gathering:ReiMu","floor":37},{"not_picked":["Dreaming2:ReiMu","RainPray2:ReiMu","Crusade:ReiMu"],"picked":"PrayRite:ReiMu","floor":39},{"not_picked":["RunawayExorcism:ReiMu","AirManeuver:ReiMu+1","Dreaming2:ReiMu"],"picked":"LovePray:ReiMu","floor":40},{"not_picked":["OrbThrow:ReiMu","SubAcupoint:ReiMu+1","PhosphorusFlame:ReiMu+1"],"picked":"LovePray:ReiMu+1","floor":41},{"not_picked":["Conquer:ReiMu+1","UniversalSpiritual:ReiMu","FoulBorder2:ReiMu"],"picked":"PrayRite:ReiMu","floor":46},{"not_picked":["Amulet:ReiMu+1","SpreadBorder2:ReiMu+1","ManaGlint:ReiMu+1"],"picked":"WonderfulDomain:ReiMu+1","floor":47},{"not_picked":["OrbThrow:ReiMu","ForcedLanding:ReiMu+1","CleanRite:ReiMu"],"picked":"Enchanting:ReiMu+1","floor":48},{"not_picked":["FoulBorder2:ReiMu","AlertArray:ReiMu+1","TightArray:ReiMu"],"picked":"Revelation:ReiMu+1","floor":54}],"player_experience":594291,"relics_obtained":[{"floor":5,"key":"Question Card"},{"floor":9,"key":"Old Coin"},{"floor":12,"key":"Torii"},{"floor":25,"key":"Pet Ghost"},{"floor":26,"key":"Bottled Tornado"},{"floor":30,"key":"Pantograph"},{"floor":40,"key":"Centennial Puzzle"},{"floor":44,"key":"ReplayTheSpireMod:Ring of Challenge"},{"floor":44,"key":"Ring of Hypnosis"},{"floor":46,"key":"Pen Nib"},{"floor":54,"key":"FadedRune:ReiMu"}],"event_choices":[{"damage_healed":0,"gold_gain":0,"player_choice":"Leave","damage_taken":0,"max_hp_gain":0,"max_hp_loss":0,"event_name":"conspire:Investor","floor":3,"gold_loss":0}],"is_beta":false,"boss_relics":[{"not_picked":["Astrolabe","hubris:ScarierMask"],"picked":"Replay:Wanted Poster"},{"not_picked":["Pandora\u0027s Box","SacredBark"],"picked":"Coffee Dripper"}],"items_purged_floors":[28,45,53],"is_endless":false,"potions_floor_spawned":[4,7,8,19,31,33,35,40,46,47,54],"ascension_level":0}}