{"host":"jwbw4f4imxd0v0b0","time":1611795409,"event":{"mods":["BaseMod","Colored Map","Highlight Path","Minty Spire (QoL Compilation)","Relic Stats","StSLib"],"gold_per_floor":[116,116,127,140,151,151,180,193,193,193,39,65,79,90,90,195,195,215,225,225,242,242,277,277,277,302,331,343,390,402,444,456,572,584,609,637,649,688,102,102,154,154,154,183,203,217,217,243,243,243],"floor_reached":51,"language":"ENG","playtime":3114,"items_purged":["Strike_B","Strike_B+1"],"score":1110,"play_id":"118ba332-18ed-453b-87c4-bb62619b2dfa","local_time":"20210127185649","is_ascension_mode":true,"campfire_choices":[{"data":"Ball Lightning","floor":6.0,"key":"SMITH"},{"data":"Capacitor","floor":10.0,"key":"SMITH"},{"data":"Barrage","floor":15.0,"key":"SMITH"},{"data":"Genetic Algorithm","floor":24.0,"key":"SMITH"},{"data":"Buffer","floor":28.0,"key":"SMITH"},{"data":"Amplify","floor":32.0,"key":"SMITH"},{"data":"White Noise","floor":40,"key":"SMITH"},{"data":"Chill","floor":42,"key":"SMITH"},{"data":"Coolheaded","floor":49,"key":"SMITH"}],"circlet_count":0,"master_deck":["Defend_B+1","Defend_B+1","Defend_B+1","Defend_B+1","Zap","Dualcast","Cold Snap","Ball Lightning+1","Sweeping Beam","Barrage+1","Capacitor+1","Chill+1","Buffer+1","Genetic Algorithm+1","Machine Learning","White Noise+1","Undo+1","Amplify+1","Genetic Algorithm+1","Coolheaded+1","Compile Driver+1","Echo Form","Creative AI","Echo Form","Finesse"],"relics":["Cracked Core","Vajra","Matryoshka","Akabeko","Coffee Dripper","Incense Burner","Enchiridion","Molten Egg 2","Tiny Chest","MawBank","Happy Flower","Symbiotic Virus","Empty Cage","PreservedInsect","MealTicket","Thread and Needle","Sling","Gambling Chip","TungstenRod","Ginger","Art of War"],"acts_visited":["Exordium","TheCity","TheBeyond"],"potions_floor_usage":[50,50,50],"damage_taken":[{"damage":3.0,"enemies":"2 Louse","floor":1.0,"turns":3.0},{"damage":0.0,"enemies":"Cultist","floor":3.0,"turns":4.0},{"damage":3.0,"enemies":"Small Slimes","floor":4.0,"turns":4.0},{"damage":0.0,"enemies":"3 Louse","floor":5.0,"turns":2.0},{"damage":16.0,"enemies":"Lagavulin","floor":7.0,"turns":5.0},{"damage":18.0,"enemies":"Gremlin Gang","floor":8.0,"turns":3.0},{"damage":6.0,"enemies":"Gremlin Nob","floor":12.0,"turns":3.0},{"damage":1.0,"enemies":"Looter","floor":13.0,"turns":2.0},{"damage":0.0,"enemies":"Large Slime","floor":14.0,"turns":4.0},{"damage":17.0,"enemies":"Hexaghost","floor":16.0,"turns":9.0},{"damage":0.0,"enemies":"3 Byrds","floor":18.0,"turns":5.0},{"damage":9.0,"enemies":"Chosen","floor":19.0,"turns":3.0},{"damage":7.0,"enemies":"Centurion and Healer","floor":21.0,"turns":7.0},{"damage":21.0,"enemies":"Slavers","floor":23.0,"turns":5.0},{"damage":11.0,"enemies":"Sentry and Sphere","floor":27.0,"turns":5.0},{"damage":1.0,"enemies":"Gremlin Leader","floor":29.0,"turns":6.0},{"damage":0.0,"enemies":"Book of Stabbing","floor":31.0,"turns":5.0},{"damage":1.0,"enemies":"Collector","floor":33.0,"turns":7.0},{"damage":0,"enemies":"3 Shapes","floor":35,"turns":6},{"damage":0,"enemies":"3 Darklings","floor":36,"turns":7},{"damage":15,"enemies":"2 Orb Walkers","floor":41,"turns":4},{"damage":0,"enemies":"Giant Head","floor":44,"turns":6},{"damage":0,"enemies":"Jaw Worm Horde","floor":45,"turns":6},{"damage":0,"enemies":"Sphere and 2 Shapes","floor":46,"turns":2},{"damage":21,"enemies":"Reptomancer","floor":48,"turns":7},{"damage":9,"enemies":"Awakened One","floor":50,"turns":8}],"seed_played":"3293117607353784679","potions_obtained":[{"floor":1.0,"key":"FairyPotion"},{"floor":2.0,"key":"AttackPotion"},{"floor":2.0,"key":"AttackPotion"},{"floor":8.0,"key":"Strength Potion"},{"floor":16.0,"key":"Block Potion"},{"floor":23.0,"key":"ColorlessPotion"},{"floor":33.0,"key":"SteroidPotion"}],"is_trial":false,"path_per_floor":["M","?","M","M","M","R","E","M","T","R","$","E","M","M","R","B",null,"M","M","?","M","?","E","R","?","T","M","R","E","?","E","R","B",null,"M","M","?","T","$","R","?","R","T","E","M","M","?","E","R","B",null],"character_chosen":"DEFECT","items_purchased":["Chill","Thread and Needle","Sling","Strength Potion"],"campfire_rested":0,"item_purchase_floors":[11,39,39,39],"current_hp_per_floor":[72,72,72,69,69,69,53,35,35,35,35,29,28,28,28,11,64,64,55,55,48,32,11,11,11,11,24,24,23,23,23,23,22,67,67,67,67,67,82,82,67,67,67,67,67,67,67,46,46,37],"gold":243,"neow_bonus":"TEN_PERCENT_HP_BONUS","is_daily":false,"chose_seed":false,"campfire_upgraded":9,"win_rate":0.0,"timestamp":1611795409,"path_taken":["M","?","M","M","M","R","E","?","T","R","$","E","M","M","R","BOSS","M","M","?","M","?","E","R","?","T","?","R","E","?","E","R","BOSS","M","M","?","?","$","R","?","R","T","E","M","?","?","E","R","BOSS"],"items_purchased_type":["Card","Relic","Relic","Potion"],"build_version":"2020-12-22","purchased_purges":2,"victory":true,"max_hp_per_floor":[82,82,82,82,82,82,82,82,82,82,82,82,82,82,82,82,82,82,82,82,82,82,82,82,82,82,82,82,82,82,82,82,82,82,82,82,82,82,82,82,82,82,82,82,82,82,82,82,82,82],"relic_stats":{"Happy Flower":[19],"counters":[26,128],"Gambling Chip":[12],"Tiny Chest":1,"MealTicket":15,"PreservedInsect":190,"Art of War":[4],"Ginger":[2],"MawBank":156,"obtain_stats":[{"Happy Flower":29,"Vajra":7,"Enchiridion":22,"Thread and Needle":39,"PreservedInsect":38,"Incense Burner":20,"Ginger":44,"MawBank":26,"Empty Cage":34,"Sling":39,"Akabeko":12,"Matryoshka":9,"Gambling Chip":41,"Molten Egg 2":23,"Tiny Chest":26,"MealTicket":38,"Coffee Dripper":17,"Art of War":48,"Cracked Core":0,"Symbiotic Virus":31,"TungstenRod":43},{"Happy Flower":16,"Vajra":5,"Enchiridion":13,"Thread and Needle":20,"PreservedInsect":20,"Incense Burner":12,"Ginger":22,"MawBank":14,"Empty Cage":18,"Sling":20,"Akabeko":7,"Matryoshka":6,"Gambling Chip":21,"Molten Egg 2":14,"Tiny Chest":14,"MealTicket":20,"Coffee Dripper":10,"Art of War":25,"Cracked Core":0,"Symbiotic Virus":17,"TungstenRod":21},{"Happy Flower":70,"Vajra":18,"Enchiridion":54,"Thread and Needle":95,"PreservedInsect":95,"Incense Burner":47,"Ginger":105,"MawBank":59,"Empty Cage":82,"Sling":95,"Akabeko":24,"Matryoshka":21,"Gambling Chip":99,"Molten Egg 2":59,"Tiny Chest":59,"MealTicket":95,"Coffee Dripper":39,"Art of War":120,"Cracked Core":0,"Symbiotic Virus":75,"TungstenRod":99}],"TungstenRod":2},"card_choices":[{"not_picked":["Storm","Double Energy"],"picked":"Cold Snap","floor":1.0},{"not_picked":["Darkness","Steam"],"picked":"Ball Lightning","floor":3.0},{"not_picked":["FTL","Heatsinks"],"picked":"Sweeping Beam","floor":4.0},{"not_picked":["Beam Cell","Sweeping Beam","Redo"],"picked":"SKIP","floor":5.0},{"not_picked":["Sweeping Beam","Steam Power"],"picked":"Barrage","floor":7.0},{"not_picked":["Barrage","Stack"],"picked":"Capacitor","floor":8.0},{"not_picked":["Steam Power","Streamline","Ball Lightning"],"picked":"SKIP","floor":12.0},{"not_picked":["Hologram","Leap"],"picked":"Buffer","floor":13.0},{"not_picked":["Steam Power","Stack"],"picked":"Genetic Algorithm","floor":14.0},{"not_picked":["Hyperbeam","Buffer"],"picked":"Machine Learning","floor":16.0},{"not_picked":["Sweeping Beam","Turbo"],"picked":"White Noise","floor":18.0},{"not_picked":["Compile Driver","Skim"],"picked":"Undo+1","floor":19.0},{"not_picked":["Coolheaded","Rebound"],"picked":"Amplify","floor":21.0},{"not_picked":["Streamline+1","Turbo+1","Ball Lightning+1"],"picked":"SKIP","floor":23.0},{"not_picked":["Hologram","Beam Cell+1"],"picked":"Coolheaded","floor":27.0},{"not_picked":["Streamline+1","Ball Lightning+1"],"picked":"Compile Driver+1","floor":29.0},{"not_picked":["Auto Shields","Lockon+1"],"picked":"Echo Form","floor":31.0},{"not_picked":["Thunder Strike+1","Amplify"],"picked":"Creative AI","floor":33.0},{"not_picked":["Streamline+1","Blizzard+1","Gash+1"],"picked":"SKIP","floor":35},{"not_picked":["Melter+1","Steam Power","Stack"],"picked":"SKIP","floor":36},{"not_picked":["Coolheaded","Reinforced Body"],"picked":"Echo Form","floor":44},{"not_picked":["Cold Snap+1","Ball Lightning+1","Go for the Eyes+1"],"picked":"SKIP","floor":45},{"not_picked":["Reinforced Body","Turbo+1","FTL+1"],"picked":"SKIP","floor":46},{"not_picked":["Deep Breath","Secret Weapon"],"picked":"Finesse","floor":47},{"not_picked":["Blizzard+1","Sweeping Beam+1","Redo"],"picked":"SKIP","floor":48}],"player_experience":1150477,"relics_obtained":[{"floor":7.0,"key":"Vajra"},{"floor":9.0,"key":"Matryoshka"},{"floor":12.0,"key":"Akabeko"},{"floor":22.0,"key":"Enchiridion"},{"floor":23.0,"key":"Molten Egg 2"},{"floor":26.0,"key":"Tiny Chest"},{"floor":26.0,"key":"MawBank"},{"floor":29.0,"key":"Happy Flower"},{"floor":31.0,"key":"Symbiotic Virus"},{"floor":38,"key":"PreservedInsect"},{"floor":38,"key":"MealTicket"},{"floor":41,"key":"Gambling Chip"},{"floor":43,"key":"TungstenRod"},{"floor":44,"key":"Ginger"},{"floor":48,"key":"Art of War"}],"event_choices":[{"damage_healed":0.0,"max_hp_gain":0.0,"max_hp_loss":0.0,"gold_gain":0.0,"event_name":"Lab","player_choice":"Got Potions","floor":2.0,"gold_loss":0.0,"damage_taken":0.0},{"damage_healed":0.0,"max_hp_gain":0.0,"max_hp_loss":0.0,"gold_gain":0.0,"event_name":"The Mausoleum","player_choice":"Opened","floor":20.0,"gold_loss":0.0,"damage_taken":0.0,"relics_obtained":["Incense Burner"]},{"damage_healed":0.0,"max_hp_gain":0.0,"max_hp_loss":0.0,"gold_gain":0.0,"event_name":"Cursed Tome","player_choice":"Obtained Book","floor":22.0,"gold_loss":0.0,"damage_taken":16.0},{"damage_healed":0.0,"max_hp_gain":0.0,"max_hp_loss":0.0,"gold_gain":0.0,"event_name":"Duplicator","player_choice":"Copied","floor":25.0,"gold_loss":0.0,"damage_taken":0.0,"cards_obtained":["Genetic Algorithm"]},{"damage_healed":0.0,"max_hp_gain":0.0,"max_hp_loss":0.0,"gold_gain":0.0,"event_name":"Back to Basics","player_choice":"Simplicity","floor":30.0,"gold_loss":0.0,"damage_taken":0.0,"cards_upgraded":["Strike_B","Strike_B","Strike_B","Defend_B","Defend_B","Defend_B","Defend_B"]},{"damage_healed":0,"gold_gain":0,"player_choice":"Ignored","damage_taken":0,"max_hp_gain":0,"max_hp_loss":0,"event_name":"Tomb of Lord Red Mask","floor":37,"gold_loss":0},{"damage_healed":0,"gold_gain":0,"player_choice":"Fight","damage_taken":0,"max_hp_gain":0,"max_hp_loss":0,"event_name":"Mysterious Sphere","floor":41,"gold_loss":0},{"damage_healed":0,"gold_gain":0,"player_choice":"Memory 1","damage_taken":0,"max_hp_gain":0,"max_hp_loss":0,"event_name":"SensoryStone","floor":47,"gold_loss":0}],"is_beta":false,"boss_relics":[{"not_picked":["Fusion Hammer","Sozu"],"picked":"Coffee Dripper"},{"not_picked":["FrozenCore","Tiny House"],"picked":"Empty Cage"}],"items_purged_floors":[11,39],"is_endless":false,"potions_floor_spawned":[1,3,8,16,18,19,23,33,44,45,48],"ascension_level":8}}