{"host":"vqgrg90fv56geajp","time":1611858714,"event":{"mods":["BaseMod","Colored Map","Colored Powertips","Minty Spire (QoL Compilation)","Quick Restart","Rare Cards Sparkle","Relic Stats"],"gold_per_floor":[109,121,121,121,27,27,62,62,62,95,125,144,160,176,176,247,247,264,277,287,287,35,62,62,95,95,115,132,161,161,118,118,118,118],"floor_reached":33,"language":"ENG","playtime":1619,"items_purged":["Pain"],"score":630,"play_id":"7f71ee9a-1ca2-4d53-ae18-0f4dcf9f233f","local_time":"20210128203154","is_ascension_mode":true,"campfire_choices":[{"floor":6,"key":"REST"},{"floor":8,"key":"RECALL"},{"data":"Dramatic Entrance","floor":15,"key":"SMITH"},{"floor":24,"key":"REST"},{"floor":30,"key":"REST"},{"floor":32,"key":"REST"}],"circlet_count":0,"master_deck":["AscendersBane","Strike_G","Strike_G","Strike_G","Strike_G","Strike_G","Defend_G","Defend_G","Defend_G","Defend_G","Defend_G","Survivor","Neutralize","Apotheosis+1","All Out Attack","Glass Knife","Dramatic Entrance+1","Cloak And Dagger+1","Heel Hook","Concentrate+1","PiercingWail+1","Bouncing Flask+1","Venomology+1","Deadly Poison+1","Backstab+1","Deadly Poison+1","Bullet Time+1","Sucker Punch","Prepared+1","Dodge and Roll+1","Outmaneuver+1","Deadly Poison+1","Well Laid Plans+1","Noxious Fumes+1"],"relics":["Ring of the Snake","Orichalcum","Toxic Egg 2","Tingsha","Mercury Hourglass","Fusion Hammer","WarpedTongs","Molten Egg 2","Oddly Smooth Stone","Frozen Egg 2","Boot"],"acts_visited":["Exordium","TheCity"],"potions_floor_usage":[16,16,19,23,25,25,33,33,33],"damage_taken":[{"damage":2,"enemies":"2 Louse","floor":1,"turns":4},{"damage":0,"enemies":"Small Slimes","floor":2,"turns":3},{"damage":2,"enemies":"Gremlin Nob","floor":7,"turns":3},{"damage":4,"enemies":"3 Sentries","floor":10,"turns":3},{"damage":2,"enemies":"Jaw Worm","floor":12,"turns":2},{"damage":0,"enemies":"Looter","floor":13,"turns":2},{"damage":0,"enemies":"Exordium Thugs","floor":14,"turns":2},{"damage":24,"enemies":"Slime Boss","floor":16,"turns":7},{"damage":0,"enemies":"3 Byrds","floor":18,"turns":3},{"damage":6,"enemies":"Spheric Guardian","floor":19,"turns":3},{"damage":1,"enemies":"Centurion and Healer","floor":20,"turns":4},{"damage":8,"enemies":"Slavers","floor":23,"turns":5},{"damage":10,"enemies":"Book of Stabbing","floor":25,"turns":4},{"damage":25,"enemies":"Shelled Parasite and Fungi","floor":27,"turns":3},{"damage":0,"enemies":"3 Cultists","floor":28,"turns":3},{"damage":11,"enemies":"Gremlin Leader","floor":29,"turns":5},{"damage":63,"enemies":"Champ","floor":33,"turns":8}],"seed_played":"-8045886125336605393","potions_obtained":[{"floor":10,"key":"SkillPotion"},{"floor":12,"key":"SneckoOil"},{"floor":14,"key":"BlessingOfTheForge"},{"floor":23,"key":"CunningPotion"},{"floor":27,"key":"DistilledChaos"}],"is_trial":false,"path_per_floor":["M","M","?","?","$","R","E","R","T","E","?","M","M","M","R","B",null,"M","M","M","?","$","E","R","E","T","M","M","E","R","$","R","B"],"character_chosen":"THE_SILENT","items_purchased":["Dramatic Entrance","Bullet Time+1","Sucker Punch","Noxious Fumes+1"],"campfire_rested":4,"item_purchase_floors":[5,22,22,31],"current_hp_per_floor":[57,57,57,46,46,60,58,58,58,54,54,52,52,52,52,28,52,52,46,45,45,45,37,55,45,45,20,20,9,27,27,45,0,0],"gold":118,"neow_bonus":"RANDOM_COLORLESS_2","is_daily":false,"chose_seed":false,"campfire_upgraded":1,"win_rate":0.0,"timestamp":1611858714,"path_taken":["M","M","?","?","$","R","E","R","T","E","?","?","M","M","R","BOSS","M","M","M","?","?","E","R","E","T","M","M","E","R","$","R","BOSS"],"items_purchased_type":["Card","Card","Card","Card"],"build_version":"2020-12-22","purchased_purges":1,"victory":false,"max_hp_per_floor":[60,60,60,60,60,60,60,60,60,60,60,60,60,60,60,60,60,60,60,60,60,60,60,60,60,60,60,60,60,60,60,60,60,60],"relic_stats":{"counters":[17,64],"Tingsha":[116],"Orichalcum":[96],"Boot":[9],"obtain_stats":[{"Oddly Smooth Stone":25,"Tingsha":9,"Molten Egg 2":23,"Fusion Hammer":17,"Orichalcum":4,"Toxic Egg 2":7,"Frozen Egg 2":26,"Boot":29,"Ring of the Snake":0,"Mercury Hourglass":10,"WarpedTongs":21},{"Oddly Smooth Stone":13,"Tingsha":3,"Molten Egg 2":12,"Fusion Hammer":8,"Orichalcum":2,"Toxic Egg 2":3,"Frozen Egg 2":13,"Boot":16,"Ring of the Snake":0,"Mercury Hourglass":4,"WarpedTongs":11},{"Oddly Smooth Stone":45,"Tingsha":10,"Molten Egg 2":41,"Fusion Hammer":26,"Orichalcum":7,"Toxic Egg 2":10,"Frozen Egg 2":45,"Boot":56,"Ring of the Snake":0,"Mercury Hourglass":13,"WarpedTongs":36}],"Ring of the Snake":[34],"Mercury Hourglass":[225],"WarpedTongs":[16]},"card_choices":[{"not_picked":["Magnetism","Mayhem"],"picked":"Apotheosis","floor":0},{"not_picked":["Bane","Acrobatics"],"picked":"All Out Attack","floor":1},{"not_picked":["Outmaneuver","Sucker Punch"],"picked":"Glass Knife","floor":2},{"not_picked":["Bane","Deflect+1"],"picked":"Cloak And Dagger+1","floor":7},{"not_picked":["Quick Slash","Flying Knee"],"picked":"Heel Hook","floor":10},{"not_picked":["Bane","Dagger Spray"],"picked":"Concentrate+1","floor":12},{"not_picked":["Distraction+1","Choke"],"picked":"PiercingWail+1","floor":13},{"not_picked":["Riddle With Holes","Flechettes"],"picked":"Bouncing Flask+1","floor":14},{"not_picked":["After Image","Malaise+1"],"picked":"Venomology+1","floor":16},{"not_picked":["Setup+1","Reflex+1"],"picked":"Deadly Poison+1","floor":18},{"not_picked":["Choke","Dagger Spray+1"],"picked":"Backstab+1","floor":19},{"not_picked":["Bane","Outmaneuver+1"],"picked":"Deadly Poison+1","floor":20},{"not_picked":["Dagger Throw+1","Dodge and Roll+1"],"picked":"Prepared+1","floor":23},{"not_picked":["Underhanded Strike+1","Predator+1"],"picked":"Dodge and Roll+1","floor":25},{"not_picked":["Backstab+1","Blade Dance+1"],"picked":"Outmaneuver+1","floor":27},{"not_picked":["Finisher+1","Acrobatics+1"],"picked":"Deadly Poison+1","floor":28},{"not_picked":["Poisoned Stab+1","Masterful Stab+1"],"picked":"Well Laid Plans+1","floor":29}],"player_experience":2513992,"relics_obtained":[{"floor":7,"key":"Toxic Egg 2"},{"floor":9,"key":"Tingsha"},{"floor":10,"key":"Mercury Hourglass"},{"floor":23,"key":"Molten Egg 2"},{"floor":25,"key":"Oddly Smooth Stone"},{"floor":26,"key":"Frozen Egg 2"},{"floor":29,"key":"Boot"}],"event_choices":[{"damage_healed":0,"gold_gain":0,"player_choice":"Grow","damage_taken":0,"max_hp_gain":0,"max_hp_loss":0,"event_name":"Living Wall","floor":3,"gold_loss":0,"cards_upgraded":["Apotheosis"]},{"damage_healed":0,"gold_gain":0,"player_choice":"Success","damage_taken":11,"relics_obtained":["Orichalcum"],"max_hp_gain":0,"max_hp_loss":0,"event_name":"Scrap Ooze","floor":4,"gold_loss":0},{"damage_healed":0,"gold_gain":30,"player_choice":"Searched \u00271\u0027 times","damage_taken":0,"max_hp_gain":0,"max_hp_loss":0,"event_name":"Dead Adventurer","floor":11,"gold_loss":0},{"damage_healed":0,"gold_gain":0,"player_choice":"Rummage","damage_taken":0,"relics_obtained":["WarpedTongs"],"max_hp_gain":0,"max_hp_loss":0,"event_name":"Accursed Blacksmith","floor":21,"gold_loss":0,"cards_obtained":["Pain"]}],"is_beta":false,"boss_relics":[{"not_picked":["Velvet Choker","Pandora\u0027s Box"],"picked":"Fusion Hammer"}],"items_purged_floors":[22],"is_endless":false,"potions_floor_spawned":[10,12,14,23,27,29],"killed_by":"Champ","ascension_level":20}}