{"host":"kydqlojjt9mno5rv","time":1611817626,"event":{"mods":["AchievementEnabler","BaseMod","Colored Powertips","DeckTracker","Minty Spire (QoL Compilation)","Spicy Shops","StSLib","SuperFastMode","Synergy Search","Weighted Paths"],"gold_per_floor":[113,113,38,51,64,64,93,103,103,103,103,103,121,138,138,138,138],"floor_reached":16,"language":"ENG","playtime":372,"items_purged":[],"score":107,"play_id":"fa9a10fb-24f3-476b-8a2f-288d0e8edab4","local_time":"20210128020706","is_ascension_mode":true,"campfire_choices":[{"data":"Bash","floor":6,"key":"SMITH"},{"data":"1","floor":10,"key":"LIFT"},{"data":"2","floor":12,"key":"LIFT"},{"floor":15,"key":"REST"}],"circlet_count":0,"master_deck":["Strike_R","Strike_R","Strike_R","Strike_R","Strike_R","Defend_R","Defend_R","Defend_R","Defend_R","Bash+1","Shrug It Off","Headbutt","Impervious","Demon Form","Regret","Iron Wave","Bloodletting"],"relics":["Burning Blood","NeowsBlessing","Dead Branch","Red Skull","Girya","Happy Flower"],"acts_visited":["Exordium"],"potions_floor_usage":[],"damage_taken":[{"damage":0,"enemies":"Jaw Worm","floor":1,"turns":1},{"damage":0,"enemies":"Cultist","floor":4,"turns":1},{"damage":0,"enemies":"2 Louse","floor":5,"turns":1},{"damage":46,"enemies":"Lagavulin","floor":7,"turns":6},{"damage":12,"enemies":"Blue Slaver","floor":8,"turns":4},{"damage":16,"enemies":"Red Slaver","floor":13,"turns":3},{"damage":3,"enemies":"3 Louse","floor":14,"turns":4},{"damage":51,"enemies":"The Guardian","floor":16,"turns":7}],"seed_played":"5616856496392555600","potions_obtained":[{"floor":5,"key":"Energy Potion"},{"floor":13,"key":"SpeedPotion"}],"is_trial":false,"path_per_floor":["M","?","$","M","M","R","E","M","T","R","?","R","M","M","R","B"],"character_chosen":"IRONCLAD","items_purchased":["Red Skull"],"campfire_rested":1,"item_purchase_floors":[3],"current_hp_per_floor":[80,80,80,80,80,80,40,34,34,34,34,34,24,27,51,0,0],"gold":138,"neow_bonus":"THREE_ENEMY_KILL","is_daily":false,"chose_seed":false,"campfire_upgraded":1,"win_rate":0.0,"timestamp":1611817626,"path_taken":["M","?","$","?","M","R","E","M","T","R","?","R","M","M","R","BOSS"],"items_purchased_type":["Relic"],"build_version":"2020-12-22","purchased_purges":0,"victory":false,"max_hp_per_floor":[80,80,80,80,80,80,80,80,80,80,80,80,80,80,80,80,80],"card_choices":[{"not_picked":["Reckless Charge","Perfected Strike"],"picked":"Cleave","floor":1},{"not_picked":["Cleave","Twin Strike"],"picked":"Shrug It Off","floor":4},{"not_picked":["Burning Pact","Pommel Strike"],"picked":"Headbutt","floor":5},{"not_picked":["Body Slam","Twin Strike"],"picked":"Impervious","floor":7},{"not_picked":["Headbutt","Ghostly Armor"],"picked":"Demon Form","floor":8},{"not_picked":["Armaments","Clothesline"],"picked":"Iron Wave","floor":13},{"not_picked":["Perfected Strike","Body Slam"],"picked":"Bloodletting","floor":14}],"player_experience":143570,"relics_obtained":[{"floor":7,"key":"Girya"}],"event_choices":[{"cards_removed":["Cleave"],"damage_healed":0,"gold_gain":0,"player_choice":"Gave Card","damage_taken":0,"relics_obtained":["Dead Branch"],"max_hp_gain":0,"max_hp_loss":0,"event_name":"WeMeetAgain","floor":2,"gold_loss":0},{"damage_healed":0,"gold_gain":0,"player_choice":"Box","damage_taken":0,"relics_obtained":["Happy Flower"],"max_hp_gain":0,"max_hp_loss":0,"event_name":"Big Fish","floor":11,"gold_loss":0,"cards_obtained":["Regret"]}],"is_beta":false,"boss_relics":[],"items_purged_floors":[],"is_endless":false,"potions_floor_spawned":[5,13],"killed_by":"The Guardian","ascension_level":1}}