{"host":"ysj15tgd1sneq0s0","time":1611836517,"event":{"mods":["AchievementEnabler","BaseMod","DeckTracker","Highlight Path","Minty Spire (QoL Compilation)","Permanent Neow","Quick Restart","StSLib","SuperFastMode","everything is the same but u backflip on backflip"],"gold_per_floor":[111,111,111,125,139,139,159,171,224,224,236,236,252,271,271,372,372,382,382,382,307,322,354,371,371,371,371,398,398,398,414,414,512,512,531,544,544,557,98,98,98,48,48,75,75,125,152,170,170,170,170],"floor_reached":50,"language":"KOR","playtime":2406,"items_purged":["Defend_G","Defend_G"],"score":564,"play_id":"8c5be7a2-3ad2-4ece-b153-b2d0102825b7","local_time":"20210128212157","is_ascension_mode":true,"campfire_choices":[{"data":"Deadly Poison","floor":6,"key":"SMITH"},{"floor":10,"key":"REST"},{"data":"Noxious Fumes","floor":15,"key":"SMITH"},{"floor":25,"key":"REST"},{"floor":27,"key":"REST"},{"floor":30,"key":"REST"},{"data":"Venomology","floor":32,"key":"SMITH"},{"data":"Catalyst","floor":40,"key":"SMITH"},{"data":"Crippling Poison","floor":45,"key":"SMITH"},{"data":"Deadly Poison","floor":49,"key":"SMITH"}],"circlet_count":0,"master_deck":["Strike_G","Strike_G","Defend_G","Defend_G","Survivor","Neutralize+1","Deflect","Deadly Poison+1","Dagger Spray+1","Distraction","Quick Slash","Noxious Fumes+1","Blade Dance","Slice","Venomology+1","Blade Dance","Infinite Blades+1","Outmaneuver+1","Venomology","Crippling Poison+1","Catalyst+1","Crippling Poison+1","Deadly Poison+1"],"relics":["Ring of the Snake","Paper Crane","Boot","Black Star","Whetstone","MutagenicStrength","Blood Vial","Smiling Mask","Matryoshka","Red Mask","Pen Nib","Toy Ornithopter","Runic Pyramid","Bottled Flame","Lee\u0027s Waffle","Regal Pillow","Shuriken","Oddly Smooth Stone","Mummified Hand","Incense Burner","Snake Skull","Pantograph"],"acts_visited":["Exordium","TheCity","TheBeyond"],"potions_floor_usage":[16,18,22,23,23,24,28,33,33,33,35,36,38,38,44,44,46,46,46,46,48,50,50,50,50],"damage_taken":[{"damage":4,"enemies":"Jaw Worm","floor":1,"turns":7},{"damage":0,"enemies":"2 Louse","floor":4,"turns":4},{"damage":0,"enemies":"Cultist","floor":5,"turns":4},{"damage":10,"enemies":"Exordium Wildlife","floor":7,"turns":5},{"damage":0,"enemies":"Looter","floor":8,"turns":3},{"damage":5,"enemies":"3 Louse","floor":11,"turns":2},{"damage":6,"enemies":"Large Slime","floor":13,"turns":5},{"damage":0,"enemies":"Looter","floor":14,"turns":2},{"damage":34,"enemies":"The Guardian","floor":16,"turns":9},{"damage":18,"enemies":"3 Byrds","floor":18,"turns":4},{"damage":10,"enemies":"Chosen","floor":22,"turns":4},{"damage":20,"enemies":"Gremlin Leader","floor":23,"turns":5},{"damage":20,"enemies":"Shelled Parasite and Fungi","floor":24,"turns":3},{"damage":0,"enemies":"Masked Bandits","floor":28,"turns":2},{"damage":16,"enemies":"Chosen and Byrds","floor":31,"turns":5},{"damage":56,"enemies":"Collector","floor":33,"turns":8},{"damage":28,"enemies":"3 Darklings","floor":35,"turns":7},{"damage":25,"enemies":"Orb Walker","floor":36,"turns":4},{"damage":39,"enemies":"Spire Growth","floor":38,"turns":5},{"damage":18,"enemies":"Giant Head","floor":44,"turns":6},{"damage":0,"enemies":"Mind Bloom Boss Battle","floor":46,"turns":6},{"damage":18,"enemies":"Reptomancer","floor":47,"turns":4},{"damage":0,"enemies":"Maw","floor":48,"turns":4},{"damage":90,"enemies":"Time Eater","floor":50,"turns":8}],"seed_played":"8902374868407757435","potions_obtained":[{"floor":7,"key":"Ancient Potion"},{"floor":8,"key":"SpeedPotion"},{"floor":11,"key":"ColorlessPotion"},{"floor":16,"key":"AttackPotion"},{"floor":23,"key":"AttackPotion"},{"floor":31,"key":"FearPotion"},{"floor":35,"key":"GamblersBrew"},{"floor":36,"key":"PowerPotion"}],"is_trial":false,"path_per_floor":["M","?","?","M","M","R","M","M","T","R","M","?","M","M","R","B",null,"M","T","?","?","M","E","M","R","T","R","?","T","R","M","R","B",null,"M","M","?","M","$","R","?","$","T","E","R","?","E","M","R","B"],"character_chosen":"THE_SILENT","items_purchased":["Bottled Flame","Lee\u0027s Waffle"],"campfire_rested":4,"item_purchase_floors":[39,39],"current_hp_per_floor":[66,59,41,41,41,41,31,31,31,52,47,47,41,41,41,7,70,52,52,52,52,42,22,4,25,25,46,48,48,69,54,54,15,70,47,29,61,32,68,68,68,68,68,57,57,68,50,57,57,0,0],"gold":170,"neow_bonus":"REMOVE_CARD","is_daily":false,"chose_seed":false,"campfire_upgraded":6,"win_rate":0.0,"timestamp":1611836517,"path_taken":["M","?","?","M","M","R","M","M","T","R","M","?","M","?","R","BOSS","M","?","?","?","M","E","M","R","T","R","?","?","R","M","R","BOSS","M","M","?","M","$","R","?","$","T","E","R","?","E","M","R","BOSS"],"items_purchased_type":["Relic","Relic"],"build_version":"2020-12-22","purchased_purges":2,"victory":false,"max_hp_per_floor":[70,70,70,70,70,70,70,70,70,70,70,70,70,70,70,70,70,70,70,70,70,70,70,70,70,70,70,70,70,70,70,70,70,70,70,70,61,61,68,68,68,68,68,68,68,68,68,68,68,68,68],"card_choices":[{"not_picked":["Cloak And Dagger","Quick Slash"],"picked":"Deflect","floor":1},{"not_picked":["Finisher","Flying Knee"],"picked":"Deadly Poison","floor":4},{"not_picked":["Heel Hook","Deflect"],"picked":"Dagger Spray","floor":5},{"not_picked":["PiercingWail","Adrenaline"],"picked":"Distraction","floor":7},{"not_picked":["Sucker Punch","Caltrops"],"picked":"Quick Slash","floor":8},{"not_picked":["Blade Dance","Footwork"],"picked":"Noxious Fumes","floor":11},{"not_picked":["Bane","Backflip"],"picked":"Blade Dance","floor":13},{"not_picked":["Footwork","Bane"],"picked":"Slice","floor":14},{"not_picked":["Malaise","Tools of the Trade"],"picked":"Venomology","floor":16},{"not_picked":["Eviscerate","Prepared"],"picked":"Blade Dance","floor":18},{"not_picked":["Cloak And Dagger","Endless Agony","PiercingWail"],"picked":"SKIP","floor":22},{"not_picked":["Finisher+1","Adrenaline"],"picked":"Infinite Blades+1","floor":23},{"not_picked":["Sucker Punch+1","Terror","Acrobatics"],"picked":"SKIP","floor":24},{"not_picked":["Noxious Fumes","Leg Sweep"],"picked":"Outmaneuver+1","floor":31},{"not_picked":["Wraith Form v2","Doppelganger"],"picked":"Venomology","floor":33},{"not_picked":["Quick Slash","Masterful Stab"],"picked":"Crippling Poison","floor":35},{"not_picked":["Endless Agony+1","Flying Knee+1"],"picked":"Catalyst","floor":36},{"not_picked":["Quick Slash","Masterful Stab+1","Escape Plan"],"picked":"SKIP","floor":38},{"not_picked":["Endless Agony","Underhanded Strike","Backflip"],"picked":"SKIP","floor":44},{"not_picked":["Cloak And Dagger","Deflect"],"picked":"Crippling Poison+1","floor":46},{"not_picked":["All Out Attack+1","Underhanded Strike+1","Deflect"],"picked":"SKIP","floor":47},{"not_picked":["Dagger Spray","Tactician+1"],"picked":"Deadly Poison","floor":48}],"player_experience":35489,"relics_obtained":[{"floor":9,"key":"Boot"},{"floor":19,"key":"Whetstone"},{"floor":23,"key":"Blood Vial"},{"floor":23,"key":"Smiling Mask"},{"floor":26,"key":"Matryoshka"},{"floor":28,"key":"Red Mask"},{"floor":29,"key":"Pen Nib"},{"floor":29,"key":"Toy Ornithopter"},{"floor":43,"key":"Regal Pillow"},{"floor":43,"key":"Shuriken"},{"floor":44,"key":"Oddly Smooth Stone"},{"floor":44,"key":"Mummified Hand"},{"floor":46,"key":"Incense Burner"},{"floor":47,"key":"Snake Skull"},{"floor":47,"key":"Pantograph"}],"event_choices":[{"cards_removed":["Strike_G"],"damage_healed":0,"gold_gain":0,"player_choice":"Card Removal","damage_taken":7,"max_hp_gain":0,"max_hp_loss":0,"event_name":"Golden Wing","floor":2,"gold_loss":0},{"damage_healed":0,"gold_gain":0,"player_choice":"Success","damage_taken":18,"relics_obtained":["Paper Crane"],"max_hp_gain":0,"max_hp_loss":0,"event_name":"Scrap Ooze","floor":3,"gold_loss":0},{"damage_healed":0,"gold_gain":0,"player_choice":"Ignored","damage_taken":0,"max_hp_gain":0,"max_hp_loss":0,"event_name":"Liars Game","floor":12,"gold_loss":0},{"damage_healed":0,"gold_gain":0,"player_choice":"Inject Mutagens","damage_taken":0,"relics_obtained":["MutagenicStrength"],"max_hp_gain":0,"max_hp_loss":0,"event_name":"Drug Dealer","floor":20,"gold_loss":0},{"cards_removed":["Strike_G"],"damage_healed":0,"gold_gain":0,"player_choice":"Gave Gold","damage_taken":0,"max_hp_gain":0,"max_hp_loss":0,"event_name":"Beggar","floor":21,"gold_loss":75},{"damage_healed":0,"gold_gain":0,"player_choice":"Fought Bandits","damage_taken":0,"max_hp_gain":0,"max_hp_loss":0,"event_name":"Masked Bandits","floor":28,"gold_loss":0},{"damage_healed":61,"gold_gain":0,"player_choice":"Heal","damage_taken":0,"max_hp_gain":0,"max_hp_loss":9,"event_name":"The Moai Head","floor":37,"gold_loss":0},{"cards_removed":["Defend_G"],"damage_healed":0,"gold_gain":0,"player_choice":"Removed Skill","damage_taken":0,"max_hp_gain":0,"max_hp_loss":0,"event_name":"Falling","floor":41,"gold_loss":0},{"damage_healed":0,"gold_gain":0,"player_choice":"Fight","damage_taken":0,"max_hp_gain":0,"max_hp_loss":0,"event_name":"MindBloom","floor":46,"gold_loss":0}],"is_beta":false,"boss_relics":[{"not_picked":["Ectoplasm","Snecko Eye"],"picked":"Black Star"},{"not_picked":["Sozu","Fusion Hammer"],"picked":"Runic Pyramid"}],"items_purged_floors":[39,42],"is_endless":false,"potions_floor_spawned":[7,8,11,16,22,23,31,35,36],"killed_by":"Time Eater","ascension_level":1}}