{"host":"dlqcqir7p8cpkknl","time":1611863932,"event":{"mods":["BaseMod","Colored Map","Downfall","Minty Spire (QoL Compilation)","StSLib"],"gold_per_floor":[99,109,209,10,0,30,55,55,66,96,112,127,27,12,25,123,123,23,43,55,67,36,47,47,60,75,104,122,157,57,72,85,188,188,188,207,217,267,267,281,281,3,13,13,13,13,13,42,42,42,42],"floor_reached":49,"language":"ENG","playtime":2918,"items_purged":["Decay","Parasite"],"score":771,"play_id":"607e9837-0c80-4303-a18a-5b6a6a57f324","local_time":"20210128195852","is_ascension_mode":false,"campfire_choices":[{"floor":1,"key":"RECALL"},{"floor":13,"key":"REST"},{"data":"champ:TripleStrike","floor":18,"key":"SMITH"},{"floor":30,"key":"REST"},{"data":"champ:MurderStrike","floor":35,"key":"SMITH"},{"data":"champ:TripleStrike","floor":45,"key":"SMITH"}],"circlet_count":0,"master_deck":["champ:Strike","champ:Strike","champ:Strike","champ:Strike","champ:Defend","champ:Defend","champ:Defend+1","champ:Defend","champ:Execute","champ:Taunt","champ:DefensiveShout","champ:PerfectedStrike","expansioncontent:DashGenerateEvil","champ:CrownThrow","champ:FlashCut","champ:PerfectedStrike+1","champ:FlashCut","champ:PerfectedStrike+1","champ:RisingSlash","champ:SetATrap","champ:CrownThrow","champ:FlashCut","champ:TripleStrike+1","champ:Backstep+1","champ:DefensiveShout+1","champ:StanceDance+1","champ:ShieldWall","champ:StanceDance","Normality","champ:FlashCut","champ:TripleStrike+1","champ:Parry","champ:IronFortress","champ:SkillfulDodge+1","champ:FalseCounter+1","champ:FlashCut","champ:StanceDance","champ:FlashCut","Decay","champ:EndlessRage+1","champ:DefensiveShout","champ:PerfectedStrike+1","expansioncontent:Chronoboost","champ:SkillfulDodge+1"],"relics":["champ:ChampionCrownUpgraded","Lantern","Bronze Scales","Oddly Smooth Stone","downfall:HeartBlessingRed","Cursed Key","downfall:HeartBlessingGreen","Shuriken","Bottled Lightning","Kunai","downfall:HeartBlessingBlue","TungstenRod","Slimebound:PreparedRelic","War Paint","Pantograph"],"acts_visited":["Exordium","TheCity","TheBeyond"],"potions_floor_usage":[9,23,29,49],"damage_taken":[{"damage":10,"enemies":"2 Louse","floor":2,"turns":3},{"damage":25,"enemies":"downfall:FleeingMerchant","floor":4,"turns":4},{"damage":20,"enemies":"downfall:FleeingMerchant","floor":5,"turns":4},{"damage":27,"enemies":"3 Sentries","floor":6,"turns":8},{"damage":10,"enemies":"Cultist","floor":9,"turns":3},{"damage":37,"enemies":"Lagavulin","floor":10,"turns":7},{"damage":10,"enemies":"Small Slimes","floor":11,"turns":2},{"damage":9,"enemies":"Lots of Slimes","floor":12,"turns":2},{"damage":8,"enemies":"downfall:FleeingMerchant","floor":14,"turns":4},{"damage":0,"enemies":"Exordium Wildlife","floor":15,"turns":1},{"damage":50,"enemies":"DF_ARCHETYPE_STREAMLINE","floor":16,"turns":9},{"damage":0,"enemies":"Spheric Guardian","floor":19,"turns":2},{"damage":22,"enemies":"Cultist and Chosen","floor":20,"turns":3},{"damage":10,"enemies":"Snake Plant","floor":21,"turns":3},{"damage":35,"enemies":"downfall:FleeingMerchant","floor":22,"turns":4},{"damage":0,"enemies":"Chosen and Byrds","floor":23,"turns":4},{"damage":0,"enemies":"Shelled Parasite and Fungi","floor":25,"turns":1},{"damage":11,"enemies":"Cultist and Chosen","floor":26,"turns":4},{"damage":16,"enemies":"Gremlin Leader","floor":27,"turns":5},{"damage":0,"enemies":"Snake Plant","floor":28,"turns":2},{"damage":24,"enemies":"Book of Stabbing","floor":29,"turns":3},{"damage":0,"enemies":"Chosen and Byrds","floor":31,"turns":3},{"damage":0,"enemies":"Cultist and Chosen","floor":32,"turns":3},{"damage":41,"enemies":"IC_MUSHROOM_ARCHETYPE","floor":33,"turns":6},{"damage":17,"enemies":"3 Darklings","floor":36,"turns":4},{"damage":30,"enemies":"Orb Walker","floor":37,"turns":2},{"damage":20,"enemies":"Orb Walker","floor":38,"turns":5},{"damage":18,"enemies":"Maw","floor":40,"turns":6},{"damage":53,"enemies":"Spire Growth","floor":43,"turns":3},{"damage":58,"enemies":"Reptomancer","floor":48,"turns":6},{"damage":61,"enemies":"Jaw Worm Horde","floor":49,"turns":1}],"seed_played":"-2275165456709374670","potions_obtained":[{"floor":9,"key":"Fruit Juice"},{"floor":10,"key":"hexamod:SoulburnPotion"},{"floor":12,"key":"Fire Potion"},{"floor":15,"key":"Guardian:BlockOnCardUsePotion"},{"floor":16,"key":"Strength Potion"},{"floor":23,"key":"Ancient Potion"},{"floor":28,"key":"Energy Potion"},{"floor":31,"key":"champ:TechniquePotion"},{"floor":38,"key":"bronze:BurnAndBuffPotion"}],"is_trial":false,"path_per_floor":["R","M","?","$","$","E","T","?","M","E","M","M","R","$","M","B",null,"R","M","M","M","$","M","T","M","M","E","M","E","R","M","M","B",null,"R","M","M","?","?","M","T","$","M","?","R","?","?","E","M"],"character_chosen":"THE_CHAMP","items_purchased":["expansioncontent:DashGenerateEvil","champ:ShieldWall","Shuriken","champ:DefensiveShout","War Paint"],"campfire_rested":2,"item_purchase_floors":[4,22,22,42,42],"current_hp_per_floor":[99,99,99,89,89,72,72,72,77,55,55,46,77,69,69,19,104,104,104,82,82,57,57,57,57,56,40,40,31,75,75,75,34,114,114,107,102,102,102,104,104,104,71,71,71,71,97,59,0,0,0],"gold":42,"neow_bonus":"TEN_PERCENT_HP_BONUS","is_daily":false,"chose_seed":false,"campfire_upgraded":3,"win_rate":0.0,"timestamp":1611863932,"path_taken":["R","M","?","?","$","E","T","?","M","E","M","M","R","$","M","BOSS","R","M","M","M","?","M","T","M","M","E","M","E","R","M","M","BOSS","R","M","M","?","?","?","T","$","M","?","R","?","?","E","M"],"items_purchased_type":["Card","Card","Relic","Card","Relic"],"build_version":"2020-12-22","purchased_purges":2,"victory":false,"max_hp_per_floor":[99,99,99,99,99,99,99,99,104,104,104,104,104,104,104,104,104,104,104,104,104,104,104,104,104,104,104,104,104,114,114,114,114,114,114,114,114,114,114,114,114,111,111,111,111,111,97,97,97,97,97],"card_choices":[{"not_picked":["champ:Circumvent","champ:RapidStrikes"],"picked":"champ:DefensiveShout","floor":2},{"not_picked":["champ:Backstep","champ:GutPunch"],"picked":"champ:PerfectedStrike","floor":4},{"not_picked":["champ:IronFortress","champ:RapidStrikes"],"picked":"champ:CrownThrow","floor":5},{"not_picked":["champ:Endure","champ:Backstep"],"picked":"champ:FlashCut","floor":6},{"not_picked":["champ:BladeFlurry","champ:Haymaker"],"picked":"champ:PerfectedStrike","floor":9},{"not_picked":["champ:FanOfKnives","champ:FaceSlap","champ:Shatter"],"picked":"SKIP","floor":10},{"not_picked":["champ:BerserkersShout","champ:Backstep"],"picked":"champ:RisingSlash","floor":11},{"not_picked":["champ:Shatter","champ:ShieldSlam"],"picked":"champ:SetATrap","floor":12},{"not_picked":["champ:EndlessRage","champ:AdrenalArmor"],"picked":"champ:CrownThrow","floor":14},{"not_picked":["champ:LastStand","champ:FanOfKnives"],"picked":"champ:FlashCut","floor":15},{"not_picked":["champ:Improvising","champ:DancingMaster"],"picked":"champ:TripleStrike","floor":16},{"not_picked":["champ:AdrenalArmor","champ:Encircle"],"picked":"champ:Backstep+1","floor":19},{"not_picked":["champ:CrownThrow","champ:ShieldThrow","champ:FaceSlap"],"picked":"SKIP","floor":20},{"not_picked":["champ:FocusedBerserking","champ:Endure"],"picked":"champ:DefensiveShout+1","floor":21},{"not_picked":["champ:IronFortress","champ:Circumvent"],"picked":"champ:StanceDance","floor":22},{"not_picked":["champ:EndlessRage","champ:Shatter"],"picked":"champ:StanceDance","floor":23},{"not_picked":["champ:BringItOn+1","champ:BerserkersShout"],"picked":"champ:FlashCut","floor":25},{"not_picked":["champ:TornadoPunch","champ:EnragedBash"],"picked":"champ:TripleStrike","floor":26},{"not_picked":["champ:PreciseThrust+1","champ:EndlessRage"],"picked":"champ:Parry","floor":27},{"not_picked":["champ:RecklessLeap","champ:BringItOn+1"],"picked":"champ:IronFortress","floor":28},{"not_picked":["champ:DeathBlow","champ:Duel","champ:ShieldSlam"],"picked":"SKIP","floor":29},{"not_picked":["champ:BladeFlurry","champ:AdrenalArmor+1"],"picked":"champ:SkillfulDodge+1","floor":31},{"not_picked":["champ:BladeFlurry","champ:FanOfKnives"],"picked":"champ:FalseCounter+1","floor":32},{"not_picked":["champ:Devastate","champ:DancingMaster"],"picked":"champ:MurderStrike","floor":33},{"not_picked":["champ:RisingSlash+1","champ:Duel"],"picked":"champ:FlashCut","floor":36},{"not_picked":["champ:BladeFlurry+1","champ:BringItOn+1"],"picked":"champ:StanceDance","floor":37},{"not_picked":["champ:FaceSlap","champ:PreemptiveStrike"],"picked":"champ:FlashCut","floor":38},{"not_picked":["champ:CheapShot","champ:SetATrap+1"],"picked":"champ:EndlessRage+1","floor":40},{"not_picked":["champ:HeartStrike+1","champ:FancyFootwork"],"picked":"champ:PerfectedStrike+1","floor":43},{"not_picked":["expansioncontent:DashGenerateEvil","expansioncontent:InvincibleStrength"],"picked":"expansioncontent:Chronoboost","floor":46},{"not_picked":["champ:TripleStrike","champ:RecklessLeap"],"picked":"champ:SkillfulDodge+1","floor":48}],"player_experience":295024,"relics_obtained":[{"floor":6,"key":"Lantern"},{"floor":7,"key":"Bronze Scales"},{"floor":10,"key":"Oddly Smooth Stone"},{"floor":27,"key":"Bottled Lightning"},{"floor":29,"key":"Kunai"},{"floor":38,"key":"TungstenRod"},{"floor":41,"key":"Slimebound:PreparedRelic"},{"floor":48,"key":"Pantograph"}],"event_choices":[{"cards_removed":["champ:MurderStrike"],"damage_healed":0,"gold_gain":0,"player_choice":"Removed Attack","damage_taken":0,"max_hp_gain":0,"max_hp_loss":0,"event_name":"Falling","floor":44,"gold_loss":0}],"is_beta":false,"boss_relics":[{"not_picked":["Runic Dome","bronze:MakeshiftBattery"],"picked":"Cursed Key"},{"not_picked":["Snecko Eye","Tiny House"],"picked":"champ:ChampionCrownUpgraded"}],"items_purged_floors":[22,42],"is_endless":false,"potions_floor_spawned":[9,10,12,15,16,19,21,23,28,31,33,36,38],"killed_by":"Jaw Worm Horde","ascension_level":0}}