{"host":"ewns8ifhbubwkcum","time":1611798401,"event":{"mods":["BaseMod","Block Reminder","Colored Map","Colored Powertips","Downfall","Highlight Path","Minty Spire (QoL Compilation)","Permanent Neow","Quick Restart","Random Character Button","StSLib"],"gold_per_floor":[0,20,40,40,40,51,51,82,95,44,44,59,69,84,101,204,204,104,116,116,116,116],"floor_reached":20,"language":"ENG","playtime":1351,"items_purged":[],"score":178,"play_id":"72ef375a-eddb-4bd7-8303-e3b0b58e181f","local_time":"20210127194641","is_ascension_mode":false,"campfire_choices":[{"data":"bronze:Goto","floor":1.0,"key":"SMITH"},{"floor":18.0,"key":"RECALL"}],"circlet_count":0,"master_deck":["bronze:Strike","bronze:Strike","bronze:Strike","bronze:Defend","bronze:Defend","bronze:Defend","bronze:Defend","bronze:Replicate","bronze:Goto+1","bronze:Optimize","bronze:CloningBeam","bronze:Spike","bronze:Philosophize","bronze:Assembly","bronze:Frontload","bronze:GetLatest","bronze:Flail","bronze:Repair","bronze:Overheat","bronze:FineTuning","bronze:ChildClass","bronze:AlphaBuild","bronze:Repulsor"],"relics":["bronze:PlatinumCore","Happy Flower","Calipers","downfall:HeartBlessingGreen"],"acts_visited":["Exordium","TheCity"],"potions_floor_usage":[19],"damage_taken":[{"damage":1.0,"enemies":"Cultist","floor":2.0,"turns":4.0},{"damage":1.0,"enemies":"2 Louse","floor":3.0,"turns":3.0},{"damage":6.0,"enemies":"2 Louse","floor":5.0,"turns":8.0},{"damage":6.0,"enemies":"Small Slimes","floor":6.0,"turns":3.0},{"damage":23.0,"enemies":"Lagavulin","floor":8.0,"turns":7.0},{"damage":1.0,"enemies":"Exordium Thugs","floor":9.0,"turns":5.0},{"damage":0.0,"enemies":"downfall:FleeingMerchant","floor":10.0,"turns":4.0},{"damage":0.0,"enemies":"Gremlin Gang","floor":12.0,"turns":3.0},{"damage":8.0,"enemies":"3 Louse","floor":13.0,"turns":3.0},{"damage":0.0,"enemies":"Blue Slaver","floor":14.0,"turns":2.0},{"damage":17.0,"enemies":"Exordium Thugs","floor":15.0,"turns":5.0},{"damage":24.0,"enemies":"WA_ARCHETYPE_RETAIN","floor":16.0,"turns":11.0},{"damage":5,"enemies":"Spheric Guardian","floor":19,"turns":3},{"damage":15,"enemies":"3 Cultists","floor":20,"turns":3}],"seed_played":"9063689684270192303","potions_obtained":[{"floor":2.0,"key":"Energy Potion"},{"floor":6.0,"key":"PowerPotion"},{"floor":13.0,"key":"Explosive Potion"},{"floor":15.0,"key":"GamblersBrew"},{"floor":19,"key":"Fire Potion"}],"is_trial":false,"path_per_floor":["R","M","M","?","?","M","T","E","M","$","?","M","M","M","M","B",null,"R","M","M"],"character_chosen":"THE_AUTOMATON","items_purchased":["bronze:Repair"],"campfire_rested":0,"item_purchase_floors":[10],"current_hp_per_floor":[84,83,82,82,76,70,70,47,46,46,46,46,48,48,38,22,84,84,79,64,64,64],"gold":116,"neow_bonus":"TWENTY_PERCENT_HP_BONUS","is_daily":false,"chose_seed":false,"campfire_upgraded":1,"win_rate":0.0,"timestamp":1611798401,"path_taken":["R","M","M","?","?","M","T","E","M","$","?","?","M","M","M","BOSS","R","M","M"],"items_purchased_type":["Card"],"build_version":"2020-12-22","purchased_purges":0,"victory":false,"max_hp_per_floor":[84,84,84,84,84,84,84,84,84,84,84,84,84,84,84,84,84,84,84,84,84,84],"card_choices":[{"not_picked":["bronze:Overheat","bronze:Iterate"],"picked":"bronze:Optimize","floor":2.0},{"not_picked":["bronze:Frontload","bronze:FollowUp"],"picked":"bronze:CloningBeam","floor":3.0},{"not_picked":[],"picked":"bronze:Spike","floor":5.0},{"not_picked":["bronze:MaxOutput","bronze:Turbo"],"picked":"bronze:Philosophize","floor":5.0},{"not_picked":["bronze:Iterate","bronze:CutThrough"],"picked":"bronze:Assembly","floor":6.0},{"not_picked":["bronze:ForLoop","bronze:BugBarrage"],"picked":"bronze:Frontload","floor":8.0},{"not_picked":["bronze:ItsAFeature","bronze:Invalidate"],"picked":"bronze:GetLatest","floor":9.0},{"not_picked":["bronze:BuggyMess","bronze:DelayedGuard"],"picked":"bronze:Flail","floor":10.0},{"not_picked":["bronze:WhirlingStrike","bronze:OilSpill","bronze:BuggyMess"],"picked":"SKIP","floor":12.0},{"not_picked":["bronze:Safeguard","bronze:OilSpill"],"picked":"bronze:Overheat","floor":13.0},{"not_picked":["bronze:BuggyMess","bronze:WildBeam"],"picked":"bronze:FineTuning","floor":14.0},{"not_picked":["bronze:WhirlingStrike","bronze:DelayedSlice"],"picked":"bronze:ChildClass","floor":15.0},{"not_picked":["bronze:Assembly","bronze:Mutator"],"picked":"bronze:AlphaBuild","floor":16.0},{"not_picked":["bronze:Flail","bronze:Deprecate"],"picked":"bronze:Repulsor","floor":19}],"player_experience":1023210,"relics_obtained":[{"floor":7.0,"key":"Happy Flower"},{"floor":8.0,"key":"Calipers"}],"event_choices":[{"cards_removed":["bronze:Strike"],"damage_healed":0.0,"max_hp_gain":0.0,"max_hp_loss":0.0,"gold_gain":0.0,"event_name":"The Cleric","player_choice":"Card Removal","floor":4.0,"gold_loss":0.0,"damage_taken":0.0}],"is_beta":false,"boss_relics":[{"not_picked":["Cursed Key","Tiny House"],"picked":"bronze:PlatinumCore"}],"items_purged_floors":[],"is_endless":false,"potions_floor_spawned":[2,6,13,15,19],"killed_by":"3 Cultists","ascension_level":0}}