{"host":"sz8c8ni79nvzjmmg","time":1611824688,"event":{"mods":["AchievementEnabler","BaseMod","DeckTracker","Keyboard Shortcuts","Minty Spire (QoL Compilation)","SuperFastMode"],"gold_per_floor":[111,111,111,126,141,141,157,172,196,221,146,160,160,179,179,179,179],"floor_reached":16,"language":"KOR","playtime":417,"items_purged":[],"score":208,"play_id":"a1a2ca1a-4db7-47a5-bf0a-cbef0538a2b9","local_time":"20210128180448","is_ascension_mode":true,"campfire_choices":[{"data":"Dagger Spray","floor":6,"key":"SMITH"},{"floor":13,"key":"REST"},{"data":"Reflex","floor":15,"key":"SMITH"}],"circlet_count":0,"master_deck":["AscendersBane","Strike_G","Strike_G","Strike_G","Defend_G","Defend_G","Defend_G","Defend_G","Survivor","Neutralize+1","Masterful Stab+1","Reflex+1","Dagger Spray+1","Concentrate","Blade Dance","Predator"],"relics":["Empty Cage","Snake Skull","MealTicket"],"acts_visited":["Exordium"],"potions_floor_usage":[10,16,16],"damage_taken":[{"damage":0,"enemies":"2 Louse","floor":1,"turns":3},{"damage":0,"enemies":"Jaw Worm","floor":4,"turns":4},{"damage":0,"enemies":"Small Slimes","floor":5,"turns":3},{"damage":7,"enemies":"Exordium Wildlife","floor":7,"turns":2},{"damage":1,"enemies":"Red Slaver","floor":8,"turns":3},{"damage":20,"enemies":"3 Sentries","floor":10,"turns":9},{"damage":1,"enemies":"3 Louse","floor":12,"turns":3},{"damage":12,"enemies":"Looter","floor":14,"turns":3},{"damage":16,"enemies":"Hexaghost","floor":16,"turns":9}],"seed_played":"-1560854177991594453","potions_obtained":[{"floor":1,"key":"GamblersBrew"},{"floor":4,"key":"EssenceOfSteel"},{"floor":8,"key":"Block Potion"},{"floor":10,"key":"SkillPotion"},{"floor":14,"key":"DistilledChaos"}],"is_trial":false,"path_per_floor":["M","?","?","M","M","R","M","M","T","E","?","M","R","M","R","B"],"character_chosen":"THE_SILENT","items_purchased":[],"campfire_rested":1,"item_purchase_floors":[],"current_hp_per_floor":[59,39,39,39,39,39,32,31,31,11,11,10,29,17,17,1,1],"gold":179,"neow_bonus":"BOSS_RELIC","is_daily":false,"chose_seed":false,"campfire_upgraded":2,"win_rate":0.0,"timestamp":1611824688,"path_taken":["M","?","?","M","M","R","M","M","T","E","?","M","R","M","R","BOSS"],"items_purchased_type":[],"build_version":"2020-12-22","purchased_purges":0,"victory":false,"max_hp_per_floor":[66,66,66,66,66,66,66,66,66,66,66,66,66,66,66,66,66],"card_choices":[{"not_picked":["Dodge and Roll","Deflect"],"picked":"Masterful Stab","floor":1},{"not_picked":["PiercingWail","Bane"],"picked":"Reflex","floor":4},{"not_picked":["Accuracy","PiercingWail"],"picked":"Dagger Spray","floor":5},{"not_picked":["Choke","Poisoned Stab","Deflect"],"picked":"SKIP","floor":7},{"not_picked":["Wraith Form v2","Prepared"],"picked":"Concentrate","floor":8},{"not_picked":["Expertise","Dagger Spray"],"picked":"Blade Dance","floor":10},{"not_picked":["Cloak And Dagger","Underhanded Strike","Dagger Spray"],"picked":"SKIP","floor":12},{"not_picked":["Noxious Fumes","Cloak And Dagger"],"picked":"Predator","floor":14}],"player_experience":1235732,"relics_obtained":[{"floor":9,"key":"Snake Skull"},{"floor":10,"key":"MealTicket"}],"event_choices":[{"damage_healed":0,"gold_gain":0,"player_choice":"Entered Light","damage_taken":20,"max_hp_gain":0,"max_hp_loss":0,"event_name":"Shining Light","floor":2,"gold_loss":0,"cards_upgraded":["Masterful Stab","Neutralize"]},{"damage_healed":0,"gold_gain":0,"player_choice":"Ignored","damage_taken":0,"max_hp_gain":0,"max_hp_loss":0,"event_name":"Liars Game","floor":3,"gold_loss":0},{"cards_removed":["Strike_G"],"damage_healed":0,"gold_gain":0,"player_choice":"Card Removal","damage_taken":0,"max_hp_gain":0,"max_hp_loss":0,"event_name":"The Cleric","floor":11,"gold_loss":75}],"is_beta":false,"boss_relics":[],"items_purged_floors":[],"is_endless":false,"potions_floor_spawned":[1,4,8,10,14],"killed_by":"Hexaghost","ascension_level":20}}