{"host":"u94b8se4p65mmtuf","time":1611799670,"event":{"mods":["BaseMod","Hubris","Infinite Spire","Jorbs\u0027s Wanderer Trilogy","Minty Spire (QoL Compilation)","Replay The Spire","StSLib","SuperFastMode","The Animator","The Jungle"],"gold_per_floor":[115,115,129,129,147,177,177,277,277,293,306,318,331,34,34,137,137,149,165,69,69,79,79,107,107,187,207,240,240,268,268,268,376,376,387,662,679,701,185,185,217,250,262,288,300,339,351,395,407,433],"floor_reached":51,"language":"ENG","playtime":1894,"items_purged":["Doubt","Strike_G"],"score":1013,"play_id":"bfe16a1b-d09e-45dc-83f7-f09b2a0b1dfe","local_time":"20210127210750","is_ascension_mode":true,"campfire_choices":[{"data":"Skewer","floor":7.0,"key":"SMITH"},{"data":"Blade Dance","floor":15.0,"key":"SMITH"},{"data":"Poison Darts","floor":23.0,"key":"SMITH"},{"floor":25.0,"key":"REST"},{"floor":29.0,"key":"REST"},{"data":"Caltrops","floor":32.0,"key":"SMITH"},{"data":"Envenom","floor":40.0,"key":"SMITH"},{"data":"Noxious Fumes","floor":45,"key":"SMITH"},{"data":"Cloak And Dagger","floor":47,"key":"SMITH"},{"data":"Cloak And Dagger","floor":49,"key":"SMITH"}],"circlet_count":0,"master_deck":["Strike_G","Strike_G","Strike_G","Strike_G","Defend_G","Defend_G","Defend_G","Defend_G","Defend_G+1","Survivor","Neutralize","Cloak And Dagger+1","Skewer+1","Cloak And Dagger+1","Blade Dance+1","Burst+1","Predator+1","Caltrops+1","Noxious Fumes+1","Poison Darts+1","Footwork+1","Cloak And Dagger+1","hubris:Wrath","Slice","PiercingWail+1","Leg Sweep+1","Backstab+1","Envenom+1","Blade Dance+1","Regret","Deadly Poison+1","Backflip","Poison Darts+1","Caltrops+1","Bouncing Flask+1","ReplayTheSpireMod:Speed Training","Draining Mist+1"],"relics":["hubris:VirtuousBlindfold","ReplayTheSpireMod:Ring of Collecting","ReplayTheSpireMod:Ring of Sloth","Vampiric Spirits","infinitespire:EmpoweringShard","ReplayTheSpireMod:Ring of Exchange","Potion Belt","Guide Book","Ring of Chaos","ReplayTheSpireMod:CursedCoin","Replay:WaspNest","hubris:Icosahedron","infinitespire:Midas Blood","infinitespire:CheckeredPen","Ring of Misfortune","Bronze Scales","hubris:SphereOfDissonance","Chemical X","DollysMirror","infinitespire:Bottled Soul","MawBank","Ring of Peace","Pear","FossilizedHelix","War Paint"],"acts_visited":["Exordium","TheCity","TheBeyond"],"potions_floor_usage":[48,48],"damage_taken":[{"damage":0.0,"enemies":"2 Louse","floor":1.0,"turns":2.0},{"damage":0.0,"enemies":"Small Slimes","floor":3.0,"turns":5.0},{"damage":0.0,"enemies":"infinitespire:Voidling","floor":5.0,"turns":3.0},{"damage":11.0,"enemies":"Lagavulin","floor":6.0,"turns":8.0},{"damage":4.0,"enemies":"Lots of Slimes","floor":10.0,"turns":4.0},{"damage":15.0,"enemies":"Gremlin Gang","floor":11.0,"turns":6.0},{"damage":0.0,"enemies":"2 Fungi Beasts","floor":12.0,"turns":3.0},{"damage":0.0,"enemies":"Looter","floor":13.0,"turns":2.0},{"damage":10.0,"enemies":"The Guardian","floor":16.0,"turns":10.0},{"damage":10.0,"enemies":"Chosen","floor":18.0,"turns":4.0},{"damage":11.0,"enemies":"Shell Parasite","floor":19.0,"turns":3.0},{"damage":0.0,"enemies":"Cultist and Chosen","floor":22.0,"turns":5.0},{"damage":26.0,"enemies":"Slavers","floor":24.0,"turns":4.0},{"damage":6.0,"enemies":"Snake Plant","floor":27.0,"turns":3.0},{"damage":13.0,"enemies":"Book of Stabbing","floor":28.0,"turns":3.0},{"damage":0.0,"enemies":"Replay:Snechameleon","floor":30.0,"turns":4.0},{"damage":26.0,"enemies":"Champ","floor":33.0,"turns":10.0},{"damage":0.0,"enemies":"3 Shapes","floor":35.0,"turns":4.0},{"damage":5.0,"enemies":"Orb Walker","floor":37.0,"turns":2.0},{"damage":7.0,"enemies":"Spire Growth","floor":38.0,"turns":3.0},{"damage":39.0,"enemies":"Reptomancer","floor":41.0,"turns":4.0},{"damage":8.0,"enemies":"4 Shapes","floor":42.0,"turns":4.0},{"damage":4,"enemies":"Writhing Mass","floor":44,"turns":4},{"damage":0,"enemies":"Nemesis","floor":46,"turns":3},{"damage":0,"enemies":"Reptomancer","floor":48,"turns":3},{"damage":53,"enemies":"infinitespire:MassOfShapes","floor":50,"turns":9}],"seed_played":"-2084730406501827115","potions_obtained":[{"floor":5.0,"key":"Languid Potion"},{"floor":10.0,"key":"Milkshake"},{"floor":11.0,"key":"Fire Potion"},{"floor":12.0,"key":"LiquidMemories"},{"floor":13.0,"key":"DuplicationPotion"},{"floor":19.0,"key":"SpeedPotion"},{"floor":24.0,"key":"FairyPotion"},{"floor":27.0,"key":"Strength Potion"},{"floor":28.0,"key":"Toxic Potion"},{"floor":33.0,"key":"Explosive Potion"},{"floor":37.0,"key":"CunningPotion"}],"is_trial":false,"path_per_floor":["M","?","M","?","M","E","R","?","T","M","M","M","M","$","R","B",null,"M","M","$","?","M","R","E","R","T","M","E","R","E","?","R","B",null,"M","?","M","M","$","R","E","M","T","M","R","E","R","E","R","B",null],"character_chosen":"THE_SILENT","items_purchased":["Guide Book","Noxious Fumes","ReplayTheSpireMod:CursedCoin","Replay:WaspNest","DollysMirror","infinitespire:Bottled Soul"],"campfire_rested":2,"item_purchase_floors":[14,14,20,20,39,39],"current_hp_per_floor":[70,70,70,67,69,59,59,59,59,60,48,51,54,54,54,45,70,60,52,52,52,52,52,28,49,49,45,37,58,70,70,70,44,70,70,70,65,63,63,63,31,37,47,48,48,65,65,69,69,18],"gold":445,"neow_bonus":"BOSS_RELIC","is_daily":false,"chose_seed":false,"campfire_upgraded":8,"win_rate":0.0,"timestamp":1611799670,"path_taken":["M","?","M","?","M","E","R","?","T","?","?","M","?","$","R","BOSS","M","M","$","?","M","R","E","R","T","M","E","R","E","?","R","BOSS","M","?","M","M","$","R","E","M","T","?","R","E","R","E","R","BOSS"],"items_purchased_type":["Relic","Card","Relic","Relic","Relic","Relic"],"build_version":"2020-12-22","purchased_purges":2,"victory":true,"max_hp_per_floor":[70,70,70,70,70,70,70,70,70,70,70,70,70,70,70,70,70,70,70,70,70,70,70,70,70,70,70,70,70,70,70,70,70,70,70,70,70,70,70,70,70,70,80,80,80,80,80,80,80,80],"card_choices":[{"not_picked":["Choke","hubris:Sniper"],"picked":"Cloak And Dagger","floor":1.0},{"not_picked":["Acrobatics","Deadly Poison"],"picked":"Skewer","floor":3.0},{"not_picked":["Slice","Backflip"],"picked":"Cloak And Dagger","floor":5.0},{"not_picked":["Cloak And Dagger","Distraction"],"picked":"Blade Dance","floor":6.0},{"not_picked":["Underhanded Strike","Setup","Prepared"],"picked":"SKIP","floor":10.0},{"not_picked":["hubris:TrickCloak","Choke"],"picked":"Burst","floor":11.0},{"not_picked":["Backstab","Blur"],"picked":"Predator","floor":12.0},{"not_picked":["ReplayTheSpireMod:Exploit Weakness","Dagger Throw"],"picked":"Caltrops","floor":13.0},{"not_picked":["infinitespire:Neurotoxin","Burst"],"picked":"Poison Darts","floor":16.0},{"not_picked":["Dagger Throw","Deadly Poison"],"picked":"Footwork+1","floor":18.0},{"not_picked":["Slice","Concentrate+1"],"picked":"Cloak And Dagger+1","floor":19.0},{"not_picked":["Prepared","Outmaneuver"],"picked":"Slice","floor":22.0},{"not_picked":["Doppelganger","Endless Agony","Phantasmal Killer"],"picked":"SKIP","floor":24.0},{"not_picked":["Outmaneuver","hubris:SlightOfHand"],"picked":"PiercingWail","floor":27.0},{"not_picked":["Predator","hubris:Sniper"],"picked":"Leg Sweep+1","floor":28.0},{"not_picked":["Bane","Bouncing Flask"],"picked":"Backstab+1","floor":30.0},{"not_picked":["Doppelganger","A Thousand Cuts"],"picked":"Envenom","floor":33.0},{"not_picked":["Poisoned Stab","Riddle With Holes"],"picked":"Blade Dance+1","floor":35.0},{"not_picked":["hubris:SlightOfHand","ReplayTheSpireMod:Tripwire"],"picked":"Deadly Poison+1","floor":37.0},{"not_picked":["Deadly Poison+1","Quick Slash+1"],"picked":"Backflip","floor":38.0},{"not_picked":["Blur","Toxin Wave+1"],"picked":"Caltrops+1","floor":41.0},{"not_picked":["Dagger Throw+1","Outmaneuver","hubris:SlightOfHand+1"],"picked":"SKIP","floor":42.0},{"not_picked":["ReplayTheSpireMod:Exploit Weakness+1","Bane"],"picked":"Bouncing Flask+1","floor":44},{"not_picked":["Calculated Gamble","Dodge and Roll+1"],"picked":"ReplayTheSpireMod:Speed Training","floor":46},{"not_picked":["Dash","Blade Dance"],"picked":"Draining Mist+1","floor":48}],"player_experience":115041,"relics_obtained":[{"floor":2.0,"key":"ReplayTheSpireMod:Ring of Collecting"},{"floor":2.0,"key":"ReplayTheSpireMod:Ring of Sloth"},{"floor":6.0,"key":"infinitespire:EmpoweringShard"},{"floor":9.0,"key":"ReplayTheSpireMod:Ring of Exchange"},{"floor":9.0,"key":"Potion Belt"},{"floor":24.0,"key":"infinitespire:Midas Blood"},{"floor":26.0,"key":"infinitespire:CheckeredPen"},{"floor":26.0,"key":"Ring of Misfortune"},{"floor":28.0,"key":"Bronze Scales"},{"floor":30.0,"key":"hubris:SphereOfDissonance"},{"floor":41.0,"key":"MawBank"},{"floor":43.0,"key":"Ring of Peace"},{"floor":43.0,"key":"Pear"},{"floor":46,"key":"FossilizedHelix"},{"floor":48,"key":"War Paint"}],"event_choices":[{"damage_healed":0.0,"max_hp_gain":0.0,"max_hp_loss":0.0,"gold_gain":0.0,"event_name":"Scrap Ooze","player_choice":"Success","floor":4.0,"gold_loss":0.0,"damage_taken":3.0,"relics_obtained":["Vampiric Spirits"]},{"damage_healed":0.0,"max_hp_gain":0.0,"max_hp_loss":0.0,"gold_gain":100.0,"event_name":"Wheel of Change","player_choice":"Gold","floor":8.0,"gold_loss":0.0,"damage_taken":0.0},{"damage_healed":0.0,"max_hp_gain":0.0,"max_hp_loss":0.0,"gold_gain":0.0,"event_name":"Vampires","player_choice":"Ignored","floor":31.0,"gold_loss":0.0,"damage_taken":0.0},{"damage_healed":0.0,"max_hp_gain":0.0,"max_hp_loss":0.0,"gold_gain":275.0,"event_name":"Golden Shrine","player_choice":"Desecrate","floor":36.0,"gold_loss":0.0,"damage_taken":0.0,"cards_obtained":["Regret"]}],"is_beta":false,"boss_relics":[{"not_picked":["Runic Dome","Replay:Drink Me"],"picked":"Ring of Chaos"},{"not_picked":["hubris:Stopwatch","ReplayTheSpireMod:DimensionalGlitch"],"picked":"Chemical X"}],"items_purged_floors":[14,39],"is_endless":false,"potions_floor_spawned":[5,10,11,12,13,19,24,27,28,33,37,41,44,46],"ascension_level":1}}