{"host":"uyl32cpx3nuu9keb","time":1611803734,"event":{"mods":["2.2 Compatiblity","AchievementEnabler","Act Like it!","BaseMod","Bestiary","Better Note","Better Sensory Stone","BetterRewards","Card Forge","Colored Map","Colored Powertips","DeckTracker","Downfall","GifTheSpireLib","Highlight Path","Hubris","Infinite Spire","Marisa????????","Minty Spire (QoL Compilation)","Quick Restart","Replay The Spire","Shop Mod","Spikes Relics","StSLib","Stuff the Spire","Synergy Search","The Bladedancer","The Bug Knight","The Construct","The Mystic","The Necromancer","The Runesmith","Virulent Crown"],"gold_per_floor":[110,120,133,150,163,198,210,210,287,313,323,341,306,332,332,435,435,450,450,438,450,450,481,481,506,506,520,367,393,410,425,491,589,589,601,449,581,631,662,700,700,726,726,776,776,811,838,888,888,1014,1014,1014],"floor_reached":51,"language":"ENG","playtime":6760,"items_purged":[],"score":1038,"play_id":"eea6093c-3b6f-4f76-9fb2-b3c64e2c744e","local_time":"20210127201534","is_ascension_mode":false,"campfire_choices":[{"data":"Runesmith:FrozenChisel","floor":8.0,"key":"SMITH"},{"floor":15,"key":"REST"},{"floor":45,"key":"DIG"},{"floor":49,"key":"DIG"}],"circlet_count":0,"master_deck":["Runesmith:Strike_RS+1","Runesmith:Strike_RS+1","Runesmith:Strike_RS+1","Runesmith:Strike_RS+1","Runesmith:Defend_RS+1","Runesmith:Defend_RS+1","Runesmith:Defend_RS+1","Runesmith:Defend_RS+1","Runesmith:Fortify+1","Runesmith:Attraction+1","Runesmith:PoweredAnvil+1","Runesmith:StaticCage+1","Runesmith:ArcReactor+1","Runesmith:Augment+1","Runesmith:FrozenChisel+1","Runesmith:EarthShield+1","Runesmith:FrozenChisel+1","Runesmith:Permafrost+1","Runesmith:ReplicatingBarrier+1","Runesmith:BackupBattery+4","Runesmith:CraftIncendium+1","Runesmith:CraftIndustria+1","Runesmith:CraftMagma+1","Runesmith:CraftPrismatica+1","Runesmith:CreatorForm+1","Runesmith:DuctTape+1","Runesmith:ElementalConversion+1","Runesmith:Firestorm+1","Runesmith:FrozenChisel+1","Runesmith:RunicBlueprint+1","Runesmith:UnlimitedPower+1","Runesmith:Terraform+1","Runesmith:ShiftingStrike+1","Runesmith:CraftMagma+1","StuffTheSpire:Harmony+1","StuffTheSpire:Ambrosia+1","StuffTheSpire:CopiaOfFamine+1","StuffTheSpire:PestControl+1","StuffTheSpire:Rapture+1","StuffTheSpire:BrainWave+1","infinitespire:NeuralNetwork+1","Runesmith:Supernova+1","Runesmith:Refine+1","Runesmith:PoweredAnvil+1","Runesmith:ArcReactor+1","Runesmith:Accelerate+1","Runesmith:FissionHammer+1","Runesmith:FrozenChisel+1","Runesmith:PoweredAnvil+1","Runesmith:FrozenChisel+1","CurseOfTheBell"],"relics":["Runesmith:BrokenRuby","Hammer of Thor","Seething Fire","Anvil of the Gods","construct:FoamFinger","HollowMod:StagPassRelic","MiniBlackHole","Bag of Marbles","CosmicIsotope","Lantern","SsserpentHead","Happy Flower","ZombieTooth","MerchantsRug","Strawberry","construct:ClawGrip","Replay:Bandana","InkBottle","War Paint","Shovel","Gremlin Horn","StuffTheSpire:GreaterSneckoEye","infinitespire:PuzzleCube","SnailShell","Calling Bell","StuffTheSpire:Experiment12","hubris:Reverence","StuffTheSpire:Expresso"],"acts_visited":["Exordium","TheCity","TheBeyond","Exordium"],"potions_floor_usage":[14,27],"damage_taken":[{"damage":2.0,"enemies":"Small Slimes","floor":1.0,"turns":3.0},{"damage":0.0,"enemies":"Cultist","floor":2.0,"turns":4.0},{"damage":8.0,"enemies":"infinitespire:Voidling","floor":3.0,"turns":5.0},{"damage":18.0,"enemies":"Exordium Wildlife","floor":4.0,"turns":6.0},{"damage":0.0,"enemies":"Large Slime","floor":5.0,"turns":8.0},{"damage":10.0,"enemies":"HollowMod:MossKnight","floor":6.0,"turns":7.0},{"damage":22.0,"enemies":"Lots of Slimes","floor":7.0,"turns":6.0},{"damage":1.0,"enemies":"Lagavulin","floor":10.0,"turns":6.0},{"damage":6,"enemies":"Exordium Wildlife","floor":11,"turns":5},{"damage":7,"enemies":"Large Slime","floor":12,"turns":8},{"damage":14,"enemies":"HollowMod:MossKnight","floor":14,"turns":10},{"damage":23,"enemies":"Slime Boss","floor":16,"turns":7},{"damage":0,"enemies":"Shell Parasite","floor":18,"turns":5},{"damage":12,"enemies":"2 Thieves","floor":20,"turns":4},{"damage":56,"enemies":"3 Cultists","floor":21,"turns":8},{"damage":1,"enemies":"Nightmare","floor":23,"turns":8},{"damage":24,"enemies":"Gremlin Leader","floor":25,"turns":5},{"damage":17,"enemies":"Shelled Parasite and Fungi","floor":27,"turns":4},{"damage":0,"enemies":"Book of Stabbing","floor":29,"turns":4},{"damage":0,"enemies":"Snake Plant","floor":30,"turns":1},{"damage":2,"enemies":"Snecko","floor":31,"turns":2},{"damage":3,"enemies":"hubris:MusketHawk","floor":33,"turns":5},{"damage":0,"enemies":"3 Shapes","floor":35,"turns":4},{"damage":24,"enemies":"3 Darklings","floor":39,"turns":3},{"damage":72,"enemies":"Reptomancer","floor":40,"turns":3},{"damage":8,"enemies":"Spire Growth","floor":42,"turns":4},{"damage":0,"enemies":"Maw","floor":46,"turns":3},{"damage":0,"enemies":"Transient","floor":47,"turns":5},{"damage":3,"enemies":"Donu and Deca","floor":50,"turns":6}],"seed_played":"-1664965139338280602","potions_obtained":[{"floor":1.0,"key":"Dexterity Potion"},{"floor":2.0,"key":"Guardian:BlockOnCardUsePotion"},{"floor":6.0,"key":"PowerPotion"},{"floor":12,"key":"Strength Potion"},{"floor":14,"key":"Cursed Concoction"},{"floor":21,"key":"Fire Potion"},{"floor":23,"key":"sneckomod:MuddlingPotion"},{"floor":27,"key":"Fire Potion"}],"is_trial":false,"path_per_floor":["M","M","M","M","M","E","M","R","T","E","M","M","?","E","R","B",null,"M","?","M","M","?","NM","?","E","T","M","$","E","M","M","R_BF","B",null,"M","$","T","?","M","E","AVR","M","T","?","R","M","M","?","R","B",null],"character_chosen":"RUNESMITH_CLASS","items_purchased":["MerchantsRug","Replay:Bandana"],"campfire_rested":1,"item_purchase_floors":[28,36],"current_hp_per_floor":[75,75,74,56,56,46,24,24,24,23,17,10,29,15,38,15,77,77,77,65,9,9,31,31,27,27,27,27,54,56,63,63,84,98,100,100,100,100,84,27,27,39,39,19,19,34,61,58,58,82,112,112],"gold":1014,"neow_bonus":"TEN_PERCENT_HP_BONUS","is_daily":false,"chose_seed":false,"campfire_upgraded":1,"win_rate":0.0,"timestamp":1611803734,"path_taken":["M","M","M","M","M","E","M","R","T","E","M","M","?","E","R","BOSS","M","?","?","?","?","NM","?","E","T","M","$","E","M","M","R_BF","BOSS","M","$","?","?","M","E","AVR","M","T","?","R","M","M","?","R","BOSS"],"items_purchased_type":["Relic","Relic"],"build_version":"2020-12-22","purchased_purges":0,"victory":false,"max_hp_per_floor":[77,77,77,77,77,77,77,77,77,77,77,77,77,77,77,77,77,77,77,77,77,77,79,79,81,81,83,83,92,94,96,96,98,98,100,100,100,100,102,104,104,106,106,106,106,108,110,110,110,112,112,112],"card_choices":[{"not_picked":["Runesmith:CraftMagma","Runesmith:Electrocute"],"picked":"Runesmith:Repurpose","floor":1.0},{"not_picked":["Runesmith:Electrocute","Runesmith:StaticCage"],"picked":"Runesmith:Attraction","floor":2.0},{"not_picked":["Runesmith:Discharge","Runesmith:MakeshiftArmor"],"picked":"Runesmith:PoweredAnvil","floor":3.0},{"not_picked":["Runesmith:Grindstone","Runesmith:NanitesCloud"],"picked":"Runesmith:StaticCage","floor":4.0},{"not_picked":["Runesmith:MakeshiftArmor","Runesmith:EnergizedChisel"],"picked":"Runesmith:ArcReactor","floor":5.0},{"not_picked":["Runesmith:Overpower","Runesmith:HeatExchange"],"picked":"Runesmith:Augment","floor":6.0},{"not_picked":["Runesmith:Firestorm","Runesmith:HeatExchange"],"picked":"Runesmith:FrozenChisel","floor":7.0},{"not_picked":["Runesmith:HeatExchange","Runesmith:UnstableHammer"],"picked":"Runesmith:CraftSpiculum","floor":10.0},{"not_picked":["Runesmith:MakeshiftArmor","Runesmith:DoubleUp"],"picked":"Runesmith:EarthShield","floor":11},{"not_picked":["Runesmith:Reinforce","Runesmith:UnstableHammer"],"picked":"Runesmith:FrozenChisel","floor":12},{"not_picked":["Runesmith:RuneHurl","Runesmith:CraftProtectio"],"picked":"Runesmith:Permafrost","floor":14},{"not_picked":["Runesmith:LastStand","Runesmith:ArcReactor"],"picked":"Runesmith:ReplicatingBarrier","floor":16},{"not_picked":["Runesmith:BackupBattery","Runesmith:EarthShield"],"picked":"Runesmith:ShiftingStrike","floor":18},{"not_picked":["Runesmith:Repurpose","Runesmith:ShiftingStrike","Runesmith:StaticCage"],"picked":"SKIP","floor":20},{"not_picked":["Runesmith:CraftIndustria","Runesmith:ShiftingStrike+1"],"picked":"Runesmith:CraftMagma+1","floor":21},{"not_picked":["hubris:Rewind","infinitespire:DeathsTouch"],"picked":"infinitespire:NeuralNetwork","floor":23},{"not_picked":["Runesmith:Reinforce","Runesmith:Permafrost","Runesmith:Discharge+1"],"picked":"SKIP","floor":23},{"not_picked":["Runesmith:Firestorm+1","Runesmith:PerfectChisel","Runesmith:EnergizedChisel+1"],"picked":"SKIP","floor":25},{"not_picked":["Runesmith:Overpower","Runesmith:StaticCage","Runesmith:ShiftingStrike"],"picked":"SKIP","floor":27},{"not_picked":["Runesmith:HeatExchange","Runesmith:CraftIndustria","Runesmith:GoWithTheFlow"],"picked":"SKIP","floor":29},{"not_picked":["Runesmith:HeatExchange","Runesmith:StaticCage","Runesmith:Repurpose+1"],"picked":"SKIP","floor":30},{"not_picked":["Runesmith:Repurpose","Runesmith:Augment"],"picked":"Runesmith:PoweredAnvil+1","floor":31},{"not_picked":["Runesmith:GoWithTheFlow","Runesmith:ShiftingStrike","Runesmith:ChargedHammer+1"],"picked":"SKIP","floor":35},{"not_picked":["Runesmith:CraftMagma","Runesmith:Grindstone+1","Runesmith:Repurpose"],"picked":"SKIP","floor":39},{"not_picked":["Runesmith:CraftMedicinae","Runesmith:Electrocute+1","Runesmith:NanitesCloud"],"picked":"SKIP","floor":40},{"not_picked":["Runesmith:Firestorm","Runesmith:CraftIncendium+1","Runesmith:ChiselStab+1"],"picked":"SKIP","floor":42},{"not_picked":["Runesmith:BackupBattery+1","Runesmith:EnergizedChisel"],"picked":"Runesmith:FrozenChisel+1","floor":46},{"not_picked":["Runesmith:Retool+1","Runesmith:CraftIncendium","Runesmith:Repurpose+1"],"picked":"SKIP","floor":47}],"player_experience":153031,"relics_obtained":[{"floor":6.0,"key":"construct:FoamFinger"},{"floor":9.0,"key":"HollowMod:StagPassRelic"},{"floor":10.0,"key":"MiniBlackHole"},{"floor":14,"key":"Bag of Marbles"},{"floor":23,"key":"Lantern"},{"floor":25,"key":"Happy Flower"},{"floor":26,"key":"ZombieTooth"},{"floor":29,"key":"Strawberry"},{"floor":37,"key":"InkBottle"},{"floor":40,"key":"War Paint"},{"floor":43,"key":"Gremlin Horn"},{"floor":44,"key":"StuffTheSpire:GreaterSneckoEye"},{"floor":45,"key":"infinitespire:PuzzleCube"},{"floor":49,"key":"SnailShell"},{"floor":51,"key":"StuffTheSpire:Experiment12"},{"floor":51,"key":"hubris:Reverence"},{"floor":51,"key":"StuffTheSpire:Expresso"}],"event_choices":[{"damage_healed":19,"gold_gain":0,"player_choice":"Healed","damage_taken":0,"max_hp_gain":0,"max_hp_loss":0,"event_name":"The Cleric","floor":13,"gold_loss":35},{"damage_healed":0,"gold_gain":0,"player_choice":"Ignored","damage_taken":0,"max_hp_gain":0,"max_hp_loss":0,"event_name":"betterNote:BetterNote","floor":19,"gold_loss":0,"cards_obtained":["hubris:EnhanceAbility"]},{"damage_healed":0,"gold_gain":0,"player_choice":"Smashed Altar","damage_taken":0,"max_hp_gain":0,"max_hp_loss":0,"event_name":"Forgotten Altar","floor":22,"gold_loss":0,"cards_obtained":["Decay"]},{"damage_healed":0,"gold_gain":0,"player_choice":"Trade","damage_taken":0,"relics_obtained":["SsserpentHead"],"max_hp_gain":0,"max_hp_loss":0,"event_name":"FaceTrader","floor":24,"gold_loss":0},{"damage_healed":0,"gold_gain":3,"player_choice":"1","damage_taken":0,"max_hp_gain":0,"max_hp_loss":0,"event_name":"betterStone:BetterStone","floor":38,"gold_loss":0},{"damage_healed":0,"gold_gain":0,"player_choice":"Punched","damage_taken":3,"max_hp_gain":0,"max_hp_loss":0,"event_name":"Designer","floor":48,"gold_loss":0}],"is_beta":false,"boss_relics":[{"not_picked":["infinitespire:Cupcake","construct:WeddingRing"],"picked":"CosmicIsotope"},{"not_picked":["StuffTheSpire:ModemDavis","Painkiller Herb"],"picked":"construct:ClawGrip"},{"not_picked":["SlaversCollar","hubris:RunicObelisk"],"picked":"Calling Bell"}],"items_purged_floors":[],"is_endless":true,"potions_floor_spawned":[1,2,6,12,14,16,21,23,27,29,30,31,33,35,47,50],"ascension_level":0}}