{"host":"f5gffvlv6a66yqkd","time":1611875220,"event":{"mods":["2.2 Compatiblity","BaseMod","Colored Map","Custom Start","DeckTracker","Keyboard Shortcuts","Minty Spire (QoL Compilation)","Permanent Neow","Quick Restart","Relic Stats","StSLib","SuperFastMode"],"gold_per_floor":[116,116,116,132,144,144,155,155,232,232,244,39,50,50,50,121,121,135,152,152,20,30,30,45,45,72,83,101,101,101],"floor_reached":29,"language":"KOR","playtime":809,"items_purged":["Streamline"],"score":438,"play_id":"5fb5e427-4470-42a4-951c-07fe5a34e816","local_time":"20210129080700","is_ascension_mode":true,"campfire_choices":[{"data":"Creative AI","floor":6.0,"key":"SMITH"},{"floor":8,"key":"REST"},{"data":"Aggregate","floor":10,"key":"SMITH"},{"floor":15,"key":"REST"},{"floor":23,"key":"REST"},{"floor":25,"key":"REST"}],"circlet_count":0,"master_deck":["AscendersBane","Zap+1","Dualcast","Sweeping Beam","Creative AI+1","Aggregate+1","Force Field","Echo Form+1","White Noise","Conserve Battery","Force Field","Seek","Steam","Lockon","White Noise","Aggregate","Multi-Cast","Conserve Battery","Chaos","Coolheaded","Static Discharge+1"],"relics":["Cracked Core","Art of War","Frozen Egg 2","Runic Capacitor","Pandora\u0027s Box","Tiny Chest"],"acts_visited":["Exordium","TheCity"],"potions_floor_usage":[11,22,29],"damage_taken":[{"damage":0.0,"enemies":"Small Slimes","floor":1.0,"turns":3.0},{"damage":0.0,"enemies":"2 Louse","floor":4.0,"turns":2.0},{"damage":4.0,"enemies":"Jaw Worm","floor":5.0,"turns":4.0},{"damage":13,"enemies":"Blue Slaver","floor":7,"turns":4},{"damage":31,"enemies":"Exordium Thugs","floor":11,"turns":6},{"damage":9,"enemies":"Large Slime","floor":13,"turns":4},{"damage":8,"enemies":"The Guardian","floor":16,"turns":10},{"damage":0,"enemies":"Spheric Guardian","floor":18,"turns":5},{"damage":4,"enemies":"Chosen","floor":19,"turns":4},{"damage":33,"enemies":"Snake Plant","floor":22,"turns":5},{"damage":18,"enemies":"Snecko","floor":24,"turns":6},{"damage":28,"enemies":"Sentry and Sphere","floor":27,"turns":6},{"damage":9,"enemies":"Centurion and Healer","floor":28,"turns":8},{"damage":9,"enemies":"Snake Plant","floor":29,"turns":2}],"seed_played":"-5328027431726538353","potions_obtained":[{"floor":5.0,"key":"Weak Potion"},{"floor":13,"key":"Strength Potion"},{"floor":16,"key":"Weak Potion"},{"floor":27,"key":"AttackPotion"},{"floor":28,"key":"LiquidMemories"}],"is_trial":false,"path_per_floor":["M","?","?","M","M","R","M","R","T","R","M","$","M","?","R","B",null,"M","M","?","$","M","R","M","R","T","M","M","M"],"character_chosen":"DEFECT","items_purchased":["Runic Capacitor","White Noise","Dexterity Potion"],"campfire_rested":4,"item_purchase_floors":[12,12,21],"current_hp_per_floor":[64,59,38,38,34,34,21,42,42,42,11,11,2,2,23,15,57,57,53,53,53,20,41,23,44,44,16,7,0,0],"gold":101,"neow_bonus":"UPGRADE_CARD","is_daily":false,"chose_seed":false,"campfire_upgraded":2,"win_rate":0.0,"timestamp":1611875220,"path_taken":["M","?","?","M","M","R","M","R","T","R","M","$","M","?","R","BOSS","M","M","?","$","M","R","M","R","T","M","M","M"],"items_purchased_type":["Relic","Card","Potion"],"build_version":"2020-12-22","purchased_purges":1,"victory":false,"max_hp_per_floor":[71,71,71,71,71,71,71,71,71,71,71,71,71,71,71,71,71,71,71,71,71,71,71,71,71,71,71,71,71,71],"relic_stats":{"counters":[14,69],"Pandora\u0027s Box":["Steam","Lockon","Auto Shields","Streamline","White Noise","Aggregate","Multi-Cast"],"Tiny Chest":0,"Art of War":[27],"obtain_stats":[{"Pandora\u0027s Box":17,"Tiny Chest":26,"Art of War":2,"Runic Capacitor":12,"Frozen Egg 2":9,"Cracked Core":0},{"Pandora\u0027s Box":7,"Tiny Chest":11,"Art of War":1,"Runic Capacitor":5,"Frozen Egg 2":4,"Cracked Core":0},{"Pandora\u0027s Box":33,"Tiny Chest":53,"Art of War":3,"Runic Capacitor":19,"Frozen Egg 2":13,"Cracked Core":0}]},"card_choices":[{"not_picked":["Leap","Hologram"],"picked":"Sweeping Beam","floor":1.0},{"not_picked":["Chaos","Aggregate"],"picked":"Creative AI","floor":4.0},{"not_picked":["Barrage","Auto Shields"],"picked":"Aggregate","floor":5.0},{"not_picked":["Go for the Eyes","Compile Driver"],"picked":"Force Field","floor":7},{"not_picked":["Scrape","Capacitor+1"],"picked":"Echo Form+1","floor":11},{"not_picked":["Darkness","Turbo"],"picked":"Conserve Battery","floor":13},{"not_picked":["All For One","Buffer+1"],"picked":"Seek","floor":16},{"not_picked":["Beam Cell","Compile Driver","Hologram"],"picked":"SKIP","floor":18},{"not_picked":["Conserve Battery","Barrage","Turbo"],"picked":"SKIP","floor":19},{"not_picked":["Barrage","Turbo"],"picked":"Conserve Battery","floor":19},{"not_picked":["Go for the Eyes+1","Turbo"],"picked":"Chaos","floor":22},{"not_picked":["Turbo","Gash"],"picked":"Coolheaded","floor":24},{"not_picked":["Beam Cell","Sweeping Beam","Conserve Battery"],"picked":"SKIP","floor":27},{"not_picked":["Compile Driver","Turbo"],"picked":"Static Discharge+1","floor":28}],"player_experience":1627469,"relics_obtained":[{"floor":9,"key":"Frozen Egg 2"},{"floor":26,"key":"Tiny Chest"}],"event_choices":[{"damage_healed":0.0,"max_hp_gain":0.0,"max_hp_loss":0.0,"gold_gain":0.0,"event_name":"Scrap Ooze","player_choice":"Success","floor":2.0,"gold_loss":0.0,"damage_taken":5.0,"relics_obtained":["Art of War"]},{"damage_healed":0.0,"max_hp_gain":0.0,"max_hp_loss":0.0,"gold_gain":0.0,"event_name":"Shining Light","player_choice":"Entered Light","floor":3.0,"gold_loss":0.0,"damage_taken":21.0,"cards_upgraded":["Defend_B","Defend_B"]},{"damage_healed":0,"gold_gain":0,"cards_transformed":["Strike_B"],"player_choice":"Change","damage_taken":0,"max_hp_gain":0,"max_hp_loss":0,"event_name":"Living Wall","floor":14,"gold_loss":0,"cards_obtained":["Force Field"]},{"cards_removed":["Auto Shields"],"damage_healed":0,"gold_gain":0,"player_choice":"Elegance","damage_taken":0,"max_hp_gain":0,"max_hp_loss":0,"event_name":"Back to Basics","floor":20,"gold_loss":0}],"is_beta":false,"boss_relics":[{"not_picked":["Runic Pyramid","SacredBark"],"picked":"Pandora\u0027s Box"}],"items_purged_floors":[21],"is_endless":false,"potions_floor_spawned":[5,13,16,27,28],"killed_by":"Snake Plant","ascension_level":20}}