{"host":"cyei475933pvpemq","time":1611826719,"event":{"mods":["Act Like it!","Aspiration","BaseMod","Better Third Choice","BetterRewards","Colored Map","Colored Powertips","Downfall","Energized Spire","Friendly Minions","Highlight Path","Hubris","Hyrulean Relics","Infinite Spire","Mimic Mod","Minty Spire (QoL Compilation)","Replay The Spire","Spicy Shops","Spikes Relics","StSLib","Uncapped"],"gold_per_floor":[113,113,113,127,145,177,177,188,225,235,262,282,30,30,30,129,129,194,194,194,194,194,222,140,156,156,170,197,215,144,164,164,268,318,333,383,383,383,383,416,428,444,444,460,485,504,535,545,545,643,643,649,666,82,24,42,55,55],"floor_reached":57,"language":"ENG","playtime":3244,"items_purged":[],"score":1322,"play_id":"a32ea9de-619c-4f11-85ef-6714a2eaf8cd","local_time":"20210128103839","is_ascension_mode":false,"campfire_choices":[{"floor":7,"key":"REST"},{"data":"Perfected Strike","floor":15,"key":"SMITH"},{"data":"Perfected Strike","floor":32,"key":"SMITH"},{"data":"Perfected Strike","floor":49,"key":"SMITH"}],"circlet_count":0,"master_deck":["Strike_R","Strike_R","Strike_R","Strike_R","Strike_R","Defend_R","Defend_R","Defend_R","Bash","Cleave","Flex","Shrug It Off","Wild Strike","hubris:StunningStrike","Perfected Strike+1","Pommel Strike","hubris:StunningStrike","ReplayTheSpireMod:Strike From Hell","Pommel Strike+1","Wild Strike+1","hubris:Fate","Perfected Strike+1","Perfected Strike+1","Infernal Blade","Demon Form","Perfected Strike+1","Pommel Strike+1","Twin Strike+1","Perfected Strike","ReplayTheSpireMod:IOU","ReplayTheSpireMod:IOU","ReplayTheSpireMod:IOU","ReplayTheSpireMod:IOU","ReplayTheSpireMod:IOU","ReplayTheSpireMod:IOU","Twin Strike+1"],"relics":["Black Blood","Charon\u0027s Ashes","infinitespire:Lucky Rock","infinitespire:BottledMercury","Replay:Wax Seal","HandDrill","ClockworkSouvenir","hubris:MobiusCoin","Mercury Hourglass","hubris:Zylophone","hubris:BottledHeart","Bronze Scales","hubris:ChampionShield","BlackRope","hubris:SlimyHat","Ooze Armor","CherryCoatedStake","SpikesRelics:DaevaFist","Mark of Pain","Red Skull","aspiration:HummingbirdHeart","Pen Nib","Gremlin Food","Sozu","Molten Egg 2","aspiration:DSix","Prayer Wheel","Replay:Bandana","Replay:Lucky Slots","hubris:MysteriousPyramids"],"acts_visited":["Exordium","TheCity","TheBeyond","Exordium"],"potions_floor_usage":[28,50,50,50],"damage_taken":[{"damage":4,"enemies":"Jaw Worm","floor":1,"turns":5},{"damage":8,"enemies":"Cultist","floor":4,"turns":5},{"damage":0,"enemies":"Small Slimes","floor":5,"turns":2},{"damage":39,"enemies":"3 Sentries","floor":6,"turns":10},{"damage":4,"enemies":"Exordium Thugs","floor":8,"turns":5},{"damage":5,"enemies":"Large Slime","floor":9,"turns":9},{"damage":0,"enemies":"Large Slime","floor":10,"turns":5},{"damage":10,"enemies":"Gremlin Nob","floor":11,"turns":5},{"damage":0,"enemies":"2 Fungi Beasts","floor":12,"turns":2},{"damage":35,"enemies":"Slime Boss","floor":16,"turns":8},{"damage":16,"enemies":"Spheric Guardian","floor":18,"turns":4},{"damage":0,"enemies":"Book of Stabbing","floor":23,"turns":6},{"damage":0,"enemies":"Chosen","floor":24,"turns":4},{"damage":0,"enemies":"Snecko","floor":25,"turns":3},{"damage":0,"enemies":"Sentry and Sphere","floor":27,"turns":4},{"damage":0,"enemies":"Nightmare","floor":28,"turns":7},{"damage":0,"enemies":"Snake Plant","floor":29,"turns":2},{"damage":0,"enemies":"Gremlin Leader","floor":30,"turns":4},{"damage":0,"enemies":"Centurion and Healer","floor":31,"turns":4},{"damage":0,"enemies":"Automaton","floor":33,"turns":5},{"damage":0,"enemies":"Orb Walker","floor":35,"turns":3},{"damage":0,"enemies":"Mind Bloom Boss Battle","floor":36,"turns":2},{"damage":0,"enemies":"Nemesis","floor":40,"turns":3},{"damage":0,"enemies":"3 Darklings","floor":41,"turns":3},{"damage":0,"enemies":"4 Shapes","floor":42,"turns":2},{"damage":0,"enemies":"Sphere and 2 Shapes","floor":44,"turns":3},{"damage":0,"enemies":"R_Hoarder","floor":45,"turns":3},{"damage":0,"enemies":"3 Darklings","floor":46,"turns":3},{"damage":0,"enemies":"Giant Head","floor":47,"turns":5},{"damage":0,"enemies":"Transient","floor":48,"turns":5},{"damage":0,"enemies":"infinitespire:MassOfShapes","floor":50,"turns":5},{"damage":0,"enemies":"Jaw Worm","floor":52,"turns":1},{"damage":0,"enemies":"Cultist","floor":53,"turns":1},{"damage":0,"enemies":"2 Louse","floor":56,"turns":1},{"damage":5,"enemies":"Nightmare","floor":57,"turns":3}],"seed_played":"5634041341745082590","potions_obtained":[{"floor":4,"key":"Dexterity Potion"},{"floor":5,"key":"LifebloodPotion"},{"floor":10,"key":"LiquidBronze"},{"floor":11,"key":"champ:CounterPotion"},{"floor":24,"key":"Fire Potion"},{"floor":29,"key":"SkillPotion"},{"floor":42,"key":"DuplicationPotion"}],"is_trial":false,"path_per_floor":["M","?","?","M","M","E","R","M","MIM","M","E","M","$","?","R","B",null,"M","?","AVR","?","?","E","M","M","T","M","NM","M","E","M","R","B",null,"M","?","?","AVR","?","E","M","M","T","M","E","M","E","M","R_BF","B",null,"M","M","$","?","M","NM"],"character_chosen":"IRONCLAD","items_purchased":["Replay:Wax Seal","HandDrill","ClockworkSouvenir","hubris:MobiusCoin","Molten Egg 2","aspiration:DSix","Prayer Wheel","Replay:Bandana","Replay:Lucky Slots"],"campfire_rested":1,"item_purchase_floors":[13,13,13,13,54,54,54,54,54],"current_hp_per_floor":[88,88,88,86,88,55,81,83,84,88,84,88,88,88,88,59,88,84,84,84,1,1,1,1,1,1,1,1,1,1,1,1,1,1,1,1,1,1,1,1,1,1,1,1,1,1,1,1,1,1,1,1,1,1,1,1,0,0],"gold":55,"neow_bonus":"TEN_PERCENT_HP_BONUS","is_daily":false,"chose_seed":false,"campfire_upgraded":3,"win_rate":0.0,"timestamp":1611826719,"path_taken":["M","?","?","M","?","E","R","M","MIM","M","E","M","$","?","R","BOSS","M","?","AVR","?","?","E","?","M","T","M","NM","M","E","M","R","BOSS","M","?","?","AVR","?","E","?","M","T","M","E","M","E","M","R_BF","BOSS","M","?","$","?","M","NM"],"items_purchased_type":["Relic","Relic","Relic","Relic","Relic","Relic","Relic","Relic","Relic"],"build_version":"2020-12-22","purchased_purges":0,"victory":false,"max_hp_per_floor":[88,88,88,88,88,88,88,88,88,88,88,88,88,88,88,88,88,88,88,88,1,1,1,1,1,1,1,1,1,1,1,1,1,1,1,1,1,1,1,1,1,1,1,1,1,1,1,1,1,1,1,1,1,1,1,1,1,1],"card_choices":[{"not_picked":["Headbutt","Whirlwind"],"picked":"Cleave","floor":1},{"not_picked":["Armaments","Body Slam"],"picked":"Flex","floor":4},{"not_picked":["Seeing Red","Replay:Undeath\u0027s Touch"],"picked":"Shrug It Off","floor":5},{"not_picked":["Replay:Undeath\u0027s Touch","Run Through"],"picked":"Impervious","floor":6},{"not_picked":["True Grit","Body Slam","Warcry"],"picked":"SKIP","floor":8},{"not_picked":["Entrench","Armaments"],"picked":"Wild Strike","floor":9},{"not_picked":["Sentinel","Shockwave"],"picked":"hubris:StunningStrike","floor":10},{"not_picked":["Massacre","Thunderclap"],"picked":"Perfected Strike","floor":11},{"not_picked":["Havoc","Shrug It Off"],"picked":"Pommel Strike","floor":12},{"not_picked":["Exhume","Reaper"],"picked":"hubris:StunningStrike","floor":16},{"not_picked":["Spot Weakness","Headbutt+1"],"picked":"ReplayTheSpireMod:Strike From Hell","floor":18},{"not_picked":["Replay:Undeath\u0027s Touch","Wild Strike"],"picked":"Pommel Strike+1","floor":23},{"not_picked":["Heavy Blade","Warcry"],"picked":"Wild Strike+1","floor":24},{"not_picked":["Replay:Undeath\u0027s Touch","Uppercut","Dropkick"],"picked":"SKIP","floor":25},{"not_picked":["Power Through","Sentinel","Havoc"],"picked":"SKIP","floor":27},{"not_picked":["hubris:InfiniteBlow","Replay:Fractal Strike"],"picked":"hubris:Fate","floor":28},{"not_picked":["Bloodletting","Invigoration","Feel No Pain+1"],"picked":"SKIP","floor":28},{"not_picked":["Cleave+1","Corruption"],"picked":"Perfected Strike","floor":29},{"not_picked":["Massacre","Corruption"],"picked":"Perfected Strike","floor":30},{"not_picked":["Shrug It Off","Dual Wield"],"picked":"Infernal Blade","floor":31},{"not_picked":["Juggernaut","Offering"],"picked":"Demon Form","floor":33},{"not_picked":["Sever Soul+1","ReplayTheSpireMod:LeadingStrike+1"],"picked":"Perfected Strike","floor":35},{"not_picked":["hubris:ReadiedAction","Cleave","ReplayTheSpireMod:Stacked+1"],"picked":"SKIP","floor":40},{"not_picked":["Sword Boomerang","Havoc+1","Replay:Undeath\u0027s Touch"],"picked":"SKIP","floor":41},{"not_picked":["Rupture","Fire Breathing","Dual Wield"],"picked":"SKIP","floor":42},{"not_picked":["Run Through","Headbutt+1","Ghostly Armor+1"],"picked":"SKIP","floor":44},{"not_picked":["Berserk","Sever Soul+1","Carnage"],"picked":"SKIP","floor":45},{"not_picked":["Body Slam","Power Through"],"picked":"Pommel Strike+1","floor":46},{"not_picked":["Heavy Blade","Flame Barrier+1"],"picked":"Twin Strike+1","floor":47},{"not_picked":["Heavy Blade+1","Feel No Pain","Sword Boomerang+1"],"picked":"SKIP","floor":48},{"not_picked":["Seeing Red","True Grit","Sword Boomerang"],"picked":"SKIP","floor":52},{"not_picked":["Flex","Run Through"],"picked":"Perfected Strike","floor":53},{"not_picked":["Heavy Blade+1","Dropkick+1"],"picked":"Twin Strike+1","floor":56},{"not_picked":["hubris:ReadiedAction","Warcry","Dark Embrace"],"picked":"SKIP","floor":56}],"player_experience":334384,"relics_obtained":[{"floor":6,"key":"Charon\u0027s Ashes"},{"floor":9,"key":"infinitespire:Lucky Rock"},{"floor":11,"key":"infinitespire:BottledMercury"},{"floor":23,"key":"hubris:ChampionShield"},{"floor":28,"key":"BlackRope"},{"floor":30,"key":"hubris:SlimyHat"},{"floor":36,"key":"CherryCoatedStake"},{"floor":40,"key":"Red Skull"},{"floor":43,"key":"aspiration:HummingbirdHeart"},{"floor":45,"key":"Pen Nib"},{"floor":47,"key":"Gremlin Food"}],"event_choices":[{"damage_healed":0,"gold_gain":0,"player_choice":"Ignored","damage_taken":0,"max_hp_gain":0,"max_hp_loss":0,"event_name":"Golden Wing","floor":2,"gold_loss":0},{"cards_removed":["Impervious"],"damage_healed":0,"gold_gain":0,"player_choice":"Card Removal","damage_taken":0,"max_hp_gain":0,"max_hp_loss":0,"event_name":"Wheel of Change","floor":14,"gold_loss":0},{"damage_healed":0,"gold_gain":0,"player_choice":"Gave Potion","damage_taken":0,"relics_obtained":["Bronze Scales"],"max_hp_gain":0,"max_hp_loss":0,"event_name":"WeMeetAgain","floor":22,"gold_loss":0},{"damage_healed":0,"gold_gain":0,"player_choice":"Fight","damage_taken":0,"max_hp_gain":0,"max_hp_loss":0,"event_name":"MindBloom","floor":36,"gold_loss":0},{"cards_removed":["Defend_R"],"damage_healed":0,"gold_gain":0,"player_choice":"Removed Skill","damage_taken":0,"max_hp_gain":0,"max_hp_loss":0,"event_name":"Falling","floor":37,"gold_loss":0},{"damage_healed":0,"gold_gain":0,"player_choice":"Paid Gold","damage_taken":0,"relics_obtained":["hubris:MysteriousPyramids"],"max_hp_gain":0,"max_hp_loss":0,"event_name":"WeMeetAgain","floor":55,"gold_loss":58}],"is_beta":false,"boss_relics":[{"not_picked":["hubris:GrandSneckoEye","Cursed Key"],"picked":"Black Blood"},{"not_picked":["energizedSpire:RedRose","Abe\u0027s Treasure"],"picked":"Ooze Armor"},{"not_picked":["ReplayTheSpireMod:SealedPack","energizedSpire:TabascoSauce"],"picked":"Sozu"}],"items_purged_floors":[],"is_endless":true,"potions_floor_spawned":[4,5,10,11,12,24,25,29,30,41,42,44,45,47,48,53],"killed_by":"Nightmare","ascension_level":0}}