{"host":"rwmcmr2m88k7tuzm","time":1611844293,"event":{"mods":["BaseMod","BetterRewards","Conspire","Downfall","Hubris","Infinite Spire","Minty Spire (QoL Compilation)","Quick Restart","Replay The Spire","Shop Mod","StSLib","SuperFastMode"],"gold_per_floor":[119,194,194,207,307,336,336,361,386,401,401,99,27,43,43,141,141,157,157,177,177,191,222,240,240,240,240,265,284,300,311,411,411,411,411,411],"floor_reached":35,"language":"ENG","playtime":1231,"items_purged":["hubris:Gluttony"],"score":287,"play_id":"4ad4146b-72a2-43b4-9531-73d313cdb2fd","local_time":"20210128143133","is_ascension_mode":false,"campfire_choices":[{"floor":7,"key":"REST"},{"data":"Uppercut","floor":11,"key":"SMITH"},{"data":"Metallicize","floor":15,"key":"SMITH"},{"data":"Sword Boomerang","floor":27,"key":"SMITH"},{"floor":34,"key":"REST"}],"circlet_count":0,"master_deck":["Strike_R","Strike_R","Strike_R","Strike_R","Strike_R+1","Defend_R","Defend_R","Defend_R","Defend_R","Bash","Uppercut+1","Shrug It Off","Metallicize+1","hubris:StunningStrike+1","Sword Boomerang+1","Burning Pact+1","downfall:Bewildered","Feed+1","Sword Boomerang+1","Offering","Flame Barrier"],"relics":["Burning Blood","Orichalcum","hubris:BottledRain","Gremlin Horn","ReplayTheSpireMod:CursedCoin","PreservedInsect","hubris:MysteriousPyramids","Nunchaku","Replay:Wax Seal","Membership Card","Bag of Preparation","Replay:Rubber Ducky","Potion Belt","sneckomod:BabySnecko","infinitespire:Beetle Shell","Whetstone","Champion Belt","HornCleat"],"acts_visited":["Exordium","TheCity"],"potions_floor_usage":[4,6,23,23,23,30,32,35,35,35,35,35,35,35,35],"damage_taken":[{"damage":6,"enemies":"2 Louse","floor":1,"turns":3},{"damage":0,"enemies":"Cultist","floor":4,"turns":4},{"damage":14,"enemies":"Lagavulin","floor":6,"turns":4},{"damage":18,"enemies":"Gremlin Nob","floor":8,"turns":4},{"damage":0,"enemies":"Small Slimes","floor":10,"turns":3},{"damage":1,"enemies":"Looter","floor":14,"turns":3},{"damage":31,"enemies":"Hexaghost","floor":16,"turns":13},{"damage":0,"enemies":"Chosen","floor":18,"turns":5},{"damage":12,"enemies":"3 Byrds","floor":20,"turns":7},{"damage":11,"enemies":"Shelled Parasite and Fungi","floor":22,"turns":6},{"damage":6,"enemies":"Nightmare","floor":23,"turns":7},{"damage":4,"enemies":"Chosen and Byrds","floor":24,"turns":4},{"damage":12,"enemies":"Cultist and Chosen","floor":29,"turns":7},{"damage":9,"enemies":"Centurion and Healer","floor":30,"turns":7},{"damage":21,"enemies":"Shelled Parasite and Fungi","floor":31,"turns":6},{"damage":8,"enemies":"Colosseum Slavers","floor":32,"turns":3},{"damage":6,"enemies":"Colosseum Nobs","floor":32,"turns":5},{"damage":101,"enemies":"Champ","floor":35,"turns":13}],"seed_played":"-5241880610839609882","potions_obtained":[{"floor":8,"key":"Adrenaline Potion"},{"floor":10,"key":"Fire Potion"},{"floor":16,"key":"Toxic Potion"},{"floor":23,"key":"Adrenaline Potion"},{"floor":24,"key":"Dexterity Potion"},{"floor":29,"key":"EntropicBrew"},{"floor":31,"key":"Block Potion"},{"floor":32,"key":"GamblersBrew"},{"floor":33,"key":"Dexterity Potion"},{"floor":33,"key":"Fire Potion"},{"floor":33,"key":"ColorlessPotion"}],"is_trial":false,"path_per_floor":["M","?","?","M","?","E","R","E","T","M","R","$","$","M","R","B",null,"M","?","M","?","M","NM","M","PTL","PTL","R","T","M","M","M","?","?","R","B"],"character_chosen":"IRONCLAD","items_purchased":["Orichalcum","hubris:BottledRain","Gremlin Horn","ReplayTheSpireMod:CursedCoin","PreservedInsect","Regen Potion","Toxic Potion","Membership Card","Bag of Preparation","Replay:Rubber Ducky","Potion Belt"],"campfire_rested":2,"item_purchase_floors":[0,0,0,0,0,0,0,12,12,12,13],"current_hp_per_floor":[44,33,38,56,56,48,73,61,61,67,67,67,67,72,72,47,85,85,85,79,79,74,74,79,79,79,79,79,73,74,59,57,57,84,0,0],"gold":411,"neow_bonus":"","is_daily":false,"chose_seed":false,"campfire_upgraded":3,"win_rate":0.0,"timestamp":1611844293,"path_taken":["M","?","?","M","?","E","R","E","T","?","R","?","$","M","R","BOSS","M","?","?","?","M","NM","M","PTL","PTL","R","T","M","M","M","?","?","R","BOSS"],"items_purchased_type":["Relic","Relic","Relic","Relic","Relic","Potion","Potion","Relic","Relic","Relic","Relic"],"build_version":"2020-12-22","purchased_purges":1,"victory":false,"max_hp_per_floor":[80,80,85,85,85,85,85,85,85,85,85,85,85,85,85,85,85,85,85,85,85,85,85,88,88,88,88,88,88,92,92,92,92,92,92,92],"card_choices":[{"not_picked":["Heavy Blade","Combust","Warcry"],"picked":"SKIP","floor":1},{"not_picked":["Power Through","Battle Trance"],"picked":"Uppercut","floor":4},{"not_picked":["ReplayTheSpireMod:Strike From Hell","hubris:ReadiedAction"],"picked":"Shrug It Off","floor":6},{"not_picked":["Flex","Berserk"],"picked":"Metallicize","floor":8},{"not_picked":["Clothesline","Defy Death","Body Slam"],"picked":"SKIP","floor":10},{"not_picked":["hubris:ReadiedAction","Anger","Clothesline"],"picked":"SKIP","floor":14},{"not_picked":["Demonic Infusion","Limit Break"],"picked":"hubris:StunningStrike","floor":16},{"not_picked":["Defy Death","Reckless Charge"],"picked":"Sword Boomerang+1","floor":18},{"not_picked":["Body Slam+1","Perfected Strike"],"picked":"Burning Pact+1","floor":20},{"not_picked":["Clothesline","Wild Strike","Dual Wield+1"],"picked":"SKIP","floor":22},{"not_picked":["Warcry","Life Link+1"],"picked":"Feed","floor":23},{"not_picked":["Heavy Blade","Perfected Strike"],"picked":"Sword Boomerang","floor":24},{"not_picked":["Sword Boomerang","True Grit+1","Bloodletting"],"picked":"SKIP","floor":29},{"not_picked":["True Grit","hubris:ReadiedAction","Thunderclap"],"picked":"SKIP","floor":30},{"not_picked":["True Grit","Thunderclap"],"picked":"Offering","floor":31},{"not_picked":["Burning Pact+1","Fire Breathing"],"picked":"Flame Barrier","floor":32}],"player_experience":165277,"relics_obtained":[{"floor":6,"key":"hubris:MysteriousPyramids"},{"floor":8,"key":"Nunchaku"},{"floor":9,"key":"Replay:Wax Seal"},{"floor":23,"key":"infinitespire:Beetle Shell"},{"floor":28,"key":"Whetstone"},{"floor":32,"key":"Champion Belt"},{"floor":32,"key":"HornCleat"}],"event_choices":[{"damage_healed":0,"gold_gain":75,"player_choice":"Gather Gold","damage_taken":11,"max_hp_gain":0,"max_hp_loss":0,"event_name":"World of Goop","floor":2,"gold_loss":0},{"damage_healed":0,"gold_gain":0,"player_choice":"Donut","damage_taken":0,"max_hp_gain":5,"max_hp_loss":0,"event_name":"Big Fish","floor":3,"gold_loss":0},{"damage_healed":0,"gold_gain":100,"player_choice":"Gold","damage_taken":0,"max_hp_gain":0,"max_hp_loss":0,"event_name":"Wheel of Change","floor":5,"gold_loss":0},{"damage_healed":0,"gold_gain":0,"player_choice":"Forge","damage_taken":0,"max_hp_gain":0,"max_hp_loss":0,"event_name":"Accursed Blacksmith","floor":19,"gold_loss":0,"cards_upgraded":["hubris:StunningStrike"]},{"damage_healed":0,"gold_gain":0,"player_choice":"Fight","damage_taken":0,"max_hp_gain":0,"max_hp_loss":0,"event_name":"Colosseum","floor":32,"gold_loss":0},{"damage_healed":0,"gold_gain":0,"player_choice":"Fought Nobs","damage_taken":0,"max_hp_gain":0,"max_hp_loss":0,"event_name":"Colosseum","floor":32,"gold_loss":0},{"damage_healed":0,"gold_gain":0,"player_choice":"Got Potions","damage_taken":0,"max_hp_gain":0,"max_hp_loss":0,"event_name":"Lab","floor":33,"gold_loss":0}],"is_beta":false,"boss_relics":[{"not_picked":["conspire:SeveredTorchhead","infinitespire:Cupcake","Abe\u0027s Treasure"]}],"items_purged_floors":[0],"is_endless":false,"potions_floor_spawned":[8,10,16,23,24,29,31,32,32],"killed_by":"Champ","ascension_level":0}}