{"host":"qustdn0y8cxl4low","time":1611805407,"event":{"mods":["Act Like it!","Ascension Reborn","BaseMod","BetterRewards","Colored Powertips","Gensokyo","Hermit","Lobotomy","Minty Spire (QoL Compilation)","Replay The Spire","RumiaBox-露米娅的神秘盒子","Ryuuou龙王","Shop Mod","Spicy Shops","StSLib","TestMod","The Gatherer","UnlockEverythingMod","Youmu（魂魄妖梦）","Yuyuko","noobMod","篝火指南"],"gold_per_floor":[134,134,169,198,167,6,69,189,189,220,273,321,349,385,651,785,785,832,832,832,590,652,652,686,713,777,825,329,358,399,436,436,592,592,592,592],"floor_reached":35,"language":"ZHS","playtime":2658,"items_purged":["SpecialBullet","SpecialBullet","SpecialBullet","Adoration"],"score":675,"play_id":"601cd5dd-e38b-4540-8498-8d6ea4a9d9a3","local_time":"20210128114327","is_ascension_mode":true,"campfire_choices":[],"circlet_count":1,"master_deck":["SpecialBullet","SpecialBullet","SpecialBullet","SpecialBullet","SpecialBullet","RecordCode","InformationCode","ExtractionCode","GrinderMk4","testmod-Reflect","ReplayTheSpireMod:Brewmster","testmod-CardIndex","DaCapo","Regret_ego","ControlCode","DisciplinaryCode","SomewhereSpear+1","Regret_ego+1","testmod-EternalityOfKhronos","TT2Protocol","DaCapo","DaCapo"],"relics":["CogitoBucket","RabbitCall","testmod-TestBox","ice","testmod-GiftOfSatan","MerchantsRug","Circlet","testmod-Register","Replay:Bandana","GodSword6","Boot","Potion Belt","Torii","Tiny Chest","Membership Card","SSSystem","Replay:Wax Seal","Unceasing Top","LastBattle","testmod-Maize","Philosopher\u0027s Stone","Anchor","ZombieArmy","Garlic","Dream Catcher","testmod-Acrobat","Turnip","Art of War","StrikeDummy","testmod-LifeArmor","ReplayTheSpireMod:ShopPack","StoneCalendar","Painkiller Herb"],"acts_visited":["Gensokyo:Gensokyo","TheCity","TheBeyond"],"potions_floor_usage":[],"damage_taken":[{"damage":6.0,"enemies":"Gensokyo:Gryphon","floor":1.0,"turns":2.0},{"damage":3.0,"enemies":"Gensokyo:2_Kodama","floor":3.0,"turns":2.0},{"damage":0.0,"enemies":"Gensokyo:Python","floor":4.0,"turns":2.0},{"damage":18.0,"enemies":"Gensokyo:Mamizou","floor":7.0,"turns":19.0},{"damage":0.0,"enemies":"Gensokyo:VengefulSpirit","floor":10.0,"turns":2.0},{"damage":0.0,"enemies":"Gensokyo:Cirno","floor":11.0,"turns":8.0},{"damage":0.0,"enemies":"Gensokyo:Gryphon_and_Rabbit","floor":12.0,"turns":5.0},{"damage":0.0,"enemies":"Gensokyo:2_Rabbits","floor":13.0,"turns":1.0},{"damage":0.0,"enemies":"Gensokyo:Python_and_Kodama","floor":14.0,"turns":1.0},{"damage":44.0,"enemies":"Gensokyo:Yukari","floor":16.0,"turns":5.0},{"damage":9.0,"enemies":"2 Thieves","floor":18.0,"turns":2.0},{"damage":12.0,"enemies":"Shell Parasite","floor":22.0,"turns":4.0},{"damage":0.0,"enemies":"Shelled Parasite and Fungi","floor":24.0,"turns":1.0},{"damage":0.0,"enemies":"Cultist and Chosen","floor":25.0,"turns":3.0},{"damage":3.0,"enemies":"3 Cultists","floor":27.0,"turns":4.0},{"damage":0.0,"enemies":"Centurion and Healer","floor":29.0,"turns":5.0},{"damage":20.0,"enemies":"Snake Plant","floor":30.0,"turns":4.0},{"damage":8.0,"enemies":"3 Cultists","floor":31.0,"turns":4.0},{"damage":10.0,"enemies":"Champ","floor":33.0,"turns":8.0},{"damage":0,"enemies":"Orb Walker","floor":35,"turns":1}],"seed_played":"-8812297805734787267","potions_obtained":[{"floor":1.0,"key":"EntropicBrew"},{"floor":3.0,"key":"EntropicBrew"},{"floor":4.0,"key":"EntropicBrew"},{"floor":7.0,"key":"EntropicBrew"},{"floor":10.0,"key":"EntropicBrew"},{"floor":10.0,"key":"EntropicBrew"},{"floor":11.0,"key":"EntropicBrew"},{"floor":16.0,"key":"EntropicBrew"},{"floor":16.0,"key":"EntropicBrew"},{"floor":18.0,"key":"EntropicBrew"},{"floor":22.0,"key":"EntropicBrew"}],"is_trial":false,"path_per_floor":["M","?","M","M","$","R","E","?","T","M","E","M","M","M","R","B",null,"M","?","?","$","M","R","M","M","T","M","$","M","M","M","R","B",null,"?"],"character_chosen":"Angela","items_purchased":["MerchantsRug","vexMod:Cooldron","testmod-Register","Replay:Bandana","EntropicBrew","EntropicBrew","EntropicBrew","EntropicBrew","testmod-Reflect","EntropicBrew","EntropicBrew","EntropicBrew","ReplayTheSpireMod:Brewmster","Membership Card","SSSystem","Replay:Wax Seal","Unceasing Top","testmod-CardIndex","LastBattle","ZombieArmy","Garlic","Dream Catcher","Art of War","StrikeDummy","testmod-LifeArmor","ReplayTheSpireMod:ShopPack","testmod-EternalityOfKhronos"],"campfire_rested":0,"item_purchase_floors":[0,0,0,0,5,5,5,5,5,6,6,6,6,15,15,15,15,15,15,21,21,21,28,28,28,28,28],"current_hp_per_floor":[64,64,74,74,74,74,59,59,59,60,74,75,75,75,75,31,75,71,71,71,71,79,79,79,79,79,88,88,88,82,95,95,95,95,95,95],"gold":592,"neow_bonus":"","is_daily":false,"chose_seed":false,"campfire_upgraded":0,"win_rate":0.0,"timestamp":1611805407,"path_taken":["M","?","M","M","$","R","E","?","T","?","E","M","M","M","R","BOSS","M","?","?","$","M","R","M","M","T","M","$","M","M","M","R","BOSS","?"],"items_purchased_type":["Relic","Undefined","Relic","Relic","Potion","Potion","Potion","Potion","Card","Potion","Potion","Potion","Card","Relic","Relic","Relic","Relic","Card","Relic","Relic","Relic","Relic","Relic","Relic","Relic","Relic","Card"],"build_version":"2020-12-22","purchased_purges":4,"victory":false,"max_hp_per_floor":[70,70,75,75,75,75,75,75,75,75,75,75,75,75,75,75,75,80,80,80,80,80,80,80,80,80,90,90,90,90,95,95,95,95,95,95],"card_choices":[{"not_picked":["RapturousDream","Amita"],"picked":"SKIP","floor":1.0},{"not_picked":["Discord","CUTE"],"picked":"SKIP","floor":3.0},{"not_picked":["FrostShard"],"picked":"GrinderMk4","floor":4.0},{"not_picked":["BlueScar","Laetitia_ego"],"picked":"SKIP","floor":4.0},{"not_picked":["Christmas","Amita"],"picked":"SKIP","floor":7.0},{"not_picked":["GoldRush","TodaysExpression"],"picked":"SKIP","floor":7.0},{"not_picked":["Loneliness","Soda"],"picked":"SKIP","floor":10.0},{"not_picked":["FeatherOfHonor","BlackSwan_ego"],"picked":"SKIP","floor":11.0},{"not_picked":["Loneliness","Hypocrisy"],"picked":"SKIP","floor":11.0},{"not_picked":["RapturousDream","SoundOfStar"],"picked":"SKIP","floor":12.0},{"not_picked":["Beak","Wingbeat"],"picked":"SKIP","floor":13.0},{"not_picked":["CherryBlossom","TodaysExpression"],"picked":"SKIP","floor":14.0},{"not_picked":["Mimicry"],"picked":"DaCapo","floor":16.0},{"not_picked":["Justitia"],"picked":"Adoration","floor":16.0},{"not_picked":["TodaysExpression","BearPaw"],"picked":"SKIP","floor":18.0},{"not_picked":["CherryBlossom+1","Beak"],"picked":"SKIP","floor":18.0},{"not_picked":["Noise","BloodyDesire+1"],"picked":"SKIP","floor":22.0},{"not_picked":["ShedSkin+1","Tough+1"],"picked":"SKIP","floor":22.0},{"not_picked":["Lamp+1","CherryBlossom+1"],"picked":"SKIP","floor":22.0},{"not_picked":["Penitence+1","Soda"],"picked":"SKIP","floor":24.0},{"not_picked":["ScreamingWedge"],"picked":"SomewhereSpear+1","floor":25.0},{"not_picked":["Soda+1","Heaven"],"picked":"SKIP","floor":25.0},{"not_picked":["Ecstasy"],"picked":"Regret_ego+1","floor":27.0},{"not_picked":["ShedSkin+1","Lantern"],"picked":"SKIP","floor":27.0},{"not_picked":["Christmas+1","RapturousDream+1"],"picked":"SKIP","floor":27.0},{"not_picked":["Noise+1","CherryBlossom+1"],"picked":"SKIP","floor":29.0},{"not_picked":["TodaysExpression+1","Soda"],"picked":"SKIP","floor":29.0},{"not_picked":["Beak","SolemnVow+1"],"picked":"SKIP","floor":30.0},{"not_picked":["Soda","Tough+1"],"picked":"SKIP","floor":30.0},{"not_picked":["Harvest","Horn"],"picked":"SKIP","floor":31.0},{"not_picked":["Galaxy+1","Wingbeat"],"picked":"SKIP","floor":31.0},{"not_picked":["GoldRush"],"picked":"DaCapo","floor":33.0},{"not_picked":["Justitia"],"picked":"DaCapo","floor":33.0}],"player_experience":220641,"relics_obtained":[{"floor":7.0,"key":"GodSword6"},{"floor":9.0,"key":"Boot"},{"floor":9.0,"key":"Potion Belt"},{"floor":11.0,"key":"Torii"},{"floor":14.0,"key":"Tiny Chest"},{"floor":16.0,"key":"testmod-Maize"},{"floor":18.0,"key":"Anchor"},{"floor":26.0,"key":"testmod-Acrobat"},{"floor":26.0,"key":"vexMod:FocusSash"},{"floor":27.0,"key":"Turnip"},{"floor":33.0,"key":"StoneCalendar"}],"event_choices":[{"damage_healed":0.0,"max_hp_gain":0.0,"max_hp_loss":0.0,"gold_gain":0.0,"event_name":"给自己的盒子","player_choice":"Swap Relic","floor":19.0,"relics_lost":["Simple Rune"],"gold_loss":0.0,"damage_taken":0.0,"relics_obtained":["Simple Rune"]},{"damage_healed":0.0,"max_hp_gain":0.0,"max_hp_loss":0.0,"gold_gain":0.0,"event_name":"The Library","player_choice":"Read","floor":20.0,"gold_loss":0.0,"damage_taken":0.0,"cards_obtained":["Regret_ego"]}],"is_beta":false,"boss_relics":[{"not_picked":["AddBug","testmod-TimeTraveler"],"picked":"Philosopher\u0027s Stone"},{"not_picked":["Honey Jar","Circlet"],"picked":"Painkiller Herb"}],"items_purged_floors":[15,21,28,28],"is_endless":false,"potions_floor_spawned":[4,10,14,16,22,29,30,31],"killed_by":"Orb Walker","ascension_level":0}}