{"host":"1c52r9kaxdyo25eq","time":1611841399,"event":{"mods":["AchievementEnabler","BaseMod","DeckTracker","Minty Spire (QoL Compilation)","Rare Cards Sparkle","SuperFastMode","everything is the same but u backflip on backflip"],"gold_per_floor":[110,110,110,127,142,142,160,2,2,2,19,30,45,58,58,132,132,145,164,175,175,225,225,225],"floor_reached":23,"language":"KOR","playtime":559,"items_purged":["Defend_G"],"score":374,"play_id":"abc15396-47d9-4d37-b99e-bcf498469cdf","local_time":"20210128224319","is_ascension_mode":true,"campfire_choices":[{"data":"Neutralize","floor":6.0,"key":"SMITH"},{"data":"Malaise","floor":10.0,"key":"SMITH"},{"data":"Leg Sweep","floor":15.0,"key":"SMITH"}],"circlet_count":0,"master_deck":["AscendersBane","Strike_G","Strike_G","Strike_G","Strike_G","Defend_G","Defend_G","Defend_G","Survivor","Neutralize+1","Flying Knee","Poisoned Stab+1","Malaise+1","Leg Sweep+1","Underhanded Strike+1","Bullet Time","Poisoned Stab+1","Well Laid Plans","Footwork"],"relics":["Ring of the Snake","Molten Egg 2","Centennial Puzzle","Pantograph"],"acts_visited":["Exordium","TheCity"],"potions_floor_usage":[16,19,19,20],"damage_taken":[{"damage":1.0,"enemies":"2 Louse","floor":1.0,"turns":4.0},{"damage":2.0,"enemies":"Jaw Worm","floor":4.0,"turns":5.0},{"damage":0.0,"enemies":"Cultist","floor":5.0,"turns":3.0},{"damage":3.0,"enemies":"Looter","floor":7.0,"turns":3.0},{"damage":4.0,"enemies":"2 Fungi Beasts","floor":11.0,"turns":4.0},{"damage":8.0,"enemies":"Gremlin Gang","floor":12.0,"turns":6.0},{"damage":1.0,"enemies":"Lots of Slimes","floor":13.0,"turns":6.0},{"damage":0.0,"enemies":"3 Louse","floor":14.0,"turns":2.0},{"damage":9,"enemies":"The Guardian","floor":16,"turns":13},{"damage":24,"enemies":"Shell Parasite","floor":18,"turns":6},{"damage":24,"enemies":"2 Thieves","floor":19,"turns":4},{"damage":8,"enemies":"Snake Plant","floor":20,"turns":5},{"damage":0,"enemies":"Centurion and Healer","floor":23,"turns":1}],"seed_played":"-7435543295772244317","potions_obtained":[{"floor":1.0,"key":"SteroidPotion"},{"floor":5.0,"key":"EssenceOfSteel"},{"floor":14.0,"key":"LiquidMemories"},{"floor":16,"key":"Explosive Potion"},{"floor":19,"key":"PowerPotion"},{"floor":20,"key":"Energy Potion"}],"is_trial":false,"path_per_floor":["M","?","?","M","M","R","M","$","T","R","M","M","M","M","R","B",null,"M","M","M","?","?","M"],"character_chosen":"THE_SILENT","items_purchased":["Malaise"],"campfire_rested":0,"item_purchase_floors":[8],"current_hp_per_floor":[43,32,32,30,30,30,27,27,27,27,23,15,14,14,14,30,57,33,9,1,1,1,1,1],"gold":225,"neow_bonus":"REMOVE_TWO","is_daily":false,"chose_seed":false,"campfire_upgraded":3,"win_rate":0.0,"timestamp":1611841399,"path_taken":["M","?","?","M","M","R","M","$","T","R","?","M","M","M","R","BOSS","M","M","M","?","?","M"],"items_purchased_type":["Card"],"build_version":"2020-12-22","purchased_purges":1,"victory":false,"max_hp_per_floor":[66,66,66,66,66,66,66,66,66,66,66,66,66,66,66,66,66,66,66,66,66,66,66,66],"card_choices":[{"not_picked":["Footwork","Caltrops"],"picked":"Flying Knee","floor":1.0},{"not_picked":["Underhanded Strike+1","Setup"],"picked":"Poisoned Stab+1","floor":4.0},{"not_picked":["Underhanded Strike+1","PiercingWail","Distraction"],"picked":"SKIP","floor":5.0},{"not_picked":["Sucker Punch+1","Flying Knee+1","Bane+1"],"picked":"SKIP","floor":7.0},{"not_picked":["Deflect","Bullet Time"],"picked":"Leg Sweep","floor":11.0},{"not_picked":["Bane+1","Quick Slash+1","Dagger Spray+1"],"picked":"SKIP","floor":12.0},{"not_picked":["Slice+1","Prepared"],"picked":"Underhanded Strike+1","floor":13.0},{"not_picked":["Catalyst","Endless Agony+1","Burst"],"picked":"SKIP","floor":14.0},{"not_picked":["Night Terror","Malaise"],"picked":"Bullet Time","floor":16},{"not_picked":["Choke+1","Caltrops"],"picked":"Poisoned Stab+1","floor":18},{"not_picked":["Quick Slash+1","PiercingWail"],"picked":"Well Laid Plans","floor":19},{"not_picked":["Slice+1","Blade Dance"],"picked":"Footwork","floor":20}],"player_experience":623052,"relics_obtained":[{"floor":3.0,"key":"Centennial Puzzle"},{"floor":9.0,"key":"Pantograph"}],"event_choices":[{"damage_healed":0.0,"max_hp_gain":0.0,"max_hp_loss":0.0,"gold_gain":0.0,"event_name":"Scrap Ooze","player_choice":"Success","floor":2.0,"gold_loss":0.0,"damage_taken":11.0,"relics_obtained":["Molten Egg 2"]},{"damage_healed":0.0,"max_hp_gain":0.0,"max_hp_loss":0.0,"gold_gain":0.0,"event_name":"Wheel of Change","player_choice":"Relic","floor":3.0,"gold_loss":0.0,"damage_taken":0.0},{"damage_healed":0,"gold_gain":0,"player_choice":"Ignored","damage_taken":0,"max_hp_gain":0,"max_hp_loss":0,"event_name":"Cursed Tome","floor":21,"gold_loss":0},{"damage_healed":0,"gold_gain":50,"player_choice":"Stole From Cult","damage_taken":0,"max_hp_gain":0,"max_hp_loss":0,"event_name":"Nest","floor":22,"gold_loss":0}],"is_beta":false,"boss_relics":[{"not_picked":["Velvet Choker","Busted Crown","Snecko Eye"]}],"items_purged_floors":[8],"is_endless":false,"potions_floor_spawned":[1,5,12,14,16,19,20],"killed_by":"Centurion and Healer","ascension_level":20}}