{"host":"rn4c402gwd40h2z6","time":1611842925,"event":{"mods":["100% Spire Juice","AchievementEnabler","Act Like it!","Arknights The Spire","Astrologer","BaseMod","CapriCore","Card Forge","Challenge The Spire","Chen","Data Control","Decade(王小明)","DeckTracker","Downfall","Gensokyo","Good Game Mod","Gremlin Mod","Hallownest","Hermit","HololiveMod","HornydragonMod","Infinite Spire","KinomotoSakuraMod(木之本樱)","Koishi","LagranYue(拉格朗・月)","Lobotomy","LobotomyExtend","Mad Scientist","Marisa（F雨　魔理沙）","Minty Spire (QoL Compilation)","Pale of the Ancients","Quick Restart","Random Character Button","Reimu（博丽灵梦）","Remilia（蕾米莉亚）","Replay The Spire","Robot Space Explorer","RumiaBox-露米娅的神秘盒子","StSLib","Td1madao Mod","The Administrix","The Alterego","The Bug Knight","The Construct","The Cursed","The Dragon Tamer","The Forsaken","The Gatherer","The Hierophant","The Immortal","The Mystic","The Poker Player","The Runesmith","The Saiyan","The Senshi","WarShipGirlsR/战舰少女R mod","Yakumo Yukari mod","Youmu（魂魄妖梦）","Yuri Mod","Yuyuko","[GremlinLeader]The Maniac","noobMod","【功能Mod】混沌之环修复补丁"],"gold_per_floor":[131,150,150,168,168,168,168,268,268,282,292,292,292,307,307,410,410,424,384,397,397,397,407,407,258,258,287,302,329,379,397,397,474,474,486,500,500,511,279,304,366,391,391,417,437,448,480,494,494,494,494,494,494,70,98,98],"floor_reached":57,"language":"ZHS","playtime":8543,"items_purged":["Alriune","ReplayTheSpireMod:Doomed"],"score":1689,"play_id":"5579ad3b-3ed0-4e16-bbcd-3f0fb0d1e912","local_time":"20210128220845","is_ascension_mode":false,"campfire_choices":[{"floor":7.0,"key":"RECALL"},{"data":"Shallow_ocean_purpleEX","floor":12.0,"key":"SMITH"},{"floor":15.0,"key":"REST"},{"data":"infinitespire:DeathsTouch","floor":24.0,"key":"SMITH"},{"floor":49,"key":"REST"},{"data":"ExternalForce_HighSpeedFlying_purple","floor":53,"key":"SMITH"}],"circlet_count":1,"master_deck":["AT_purpleEX","AT_purpleEX","AT_purpleEX","AT_purpleEX","Defend_purpleEX","Defend_purpleEX","Defend_purpleEX","Defend_purpleEX","Moonworks:OutOfAmmo+1","Murderer","AdvanceAttack_purple+1","QueenOfHatred","GluttonyofRealm_purpleEX+1","QueenBee","Shallow_ocean_purpleEX+1","Photoelasticity_Doppler_Effect_purple+1","AdvanceAttack_purple+1","CurseOfTheBell","ExistenceContinue_purple+1","ZunPunch:ReiMu+1","infinitespire:DeathsTouch+1","ExistenceContinue_purple+1","Porccubus","ExistenceContinue_purple+1","BlackArmy","Laetitia","infinitespire:DeathsTouch+1","Mercenary","FieryBird","RedShoes","Mirror_TwoAndThreeElementRealm_purple","BigBadWolf","DreamingCurrent","infinitespire:FinalStrike+1","GreedKing","ExternalForce_HighSpeedFlying_purple+1","Bloodbath","Rudolta","LongBird","Boundary_of_Extermination_purpleEX","OSAHOGD","Scarecrow","DarkRealmRedLine_purple","CENSORED","BodiesMountain","Yakumo_Ran_purple","CherryBlossoms","ReplayTheSpireMod:Restless Dread","MagicEyes_LaplaceDemon_purple+1","NakedNest","ExternalForce_HighSpeedFlying_purple"],"relics":["Boundary_crack","Memoryfragments_purpleEX","Circlet","ice","LagranYue:RandomDrawCardRelic","CogitoBucket","LetterFromLob","Baka2","MagicDraw2","Darkstone Periapt","StoneCalendar","infinitespire:CursedDice","LuminousBracelet","Calling Bell","Gremlin Food","infinitespire:CheckeredPen","MoreBug","Nloth\u0027s Gift","Simple Rune","WingedGreaves","Bird Faced Urn","SkinProphecy","bronze:BronzeIdol","Replay:Wax Seal","Happy Flower","SacredBark","champ:Barbells","MagicDraw4","Lizard Tail","PureWhite:ReiMu","theForsaken:Gavel","Toy Ornithopter","AdjustmentMirror","Pear","Shuriken","Sling","Akabeko","FossilizedHelix"],"acts_visited":["TheBeyond","TheEnding"],"potions_floor_usage":[],"damage_taken":[{"damage":0.0,"enemies":"infinitespire:Voidling","floor":1.0,"turns":1.0},{"damage":0.0,"enemies":"Small Slimes","floor":2.0,"turns":1.0},{"damage":0.0,"enemies":"Jaw Worm","floor":4.0,"turns":1.0},{"damage":0.0,"enemies":"3 Louse","floor":10.0,"turns":2.0},{"damage":1.0,"enemies":"Looter","floor":11.0,"turns":2.0},{"damage":26.0,"enemies":"Replay:BlueRogue","floor":13.0,"turns":3.0},{"damage":44.0,"enemies":"Gremlin Gang","floor":14.0,"turns":4.0},{"damage":0.0,"enemies":"Slime Boss","floor":16.0,"turns":1.0},{"damage":0.0,"enemies":"Spheric Guardian","floor":18.0,"turns":1.0},{"damage":10.0,"enemies":"3 Byrds","floor":20.0,"turns":3.0},{"damage":6.0,"enemies":"Centurion and Healer","floor":23.0,"turns":1.0},{"damage":0.0,"enemies":"Gremlin Leader","floor":27.0,"turns":1.0},{"damage":0.0,"enemies":"Sentry and Sphere","floor":28.0,"turns":1.0},{"damage":24.0,"enemies":"Nightmare","floor":29.0,"turns":1.0},{"damage":18.0,"enemies":"Slavers","floor":30.0,"turns":1.0},{"damage":0.0,"enemies":"Cultist and Chosen","floor":31.0,"turns":1.0},{"damage":10.0,"enemies":"Automaton","floor":33.0,"turns":2.0},{"damage":28,"enemies":"3 Shapes","floor":35,"turns":3},{"damage":0,"enemies":"Orb Walker","floor":36,"turns":1},{"damage":0,"enemies":"Maw","floor":38,"turns":1},{"damage":14,"enemies":"Giant Head","floor":40,"turns":4},{"damage":36,"enemies":"Reptomancer","floor":41,"turns":2},{"damage":0,"enemies":"R_Hoarder","floor":42,"turns":1},{"damage":0,"enemies":"Reptomancer","floor":44,"turns":2},{"damage":0,"enemies":"Sphere and 2 Shapes","floor":45,"turns":1},{"damage":52,"enemies":"4 Shapes","floor":46,"turns":2},{"damage":0,"enemies":"Nightmare","floor":47,"turns":2},{"damage":0,"enemies":"Writhing Mass","floor":48,"turns":1},{"damage":0,"enemies":"Replay:Hell Engine","floor":50,"turns":1},{"damage":76,"enemies":"Time Eater","floor":51,"turns":3},{"damage":9,"enemies":"Shield and Spear","floor":55,"turns":2},{"damage":244,"enemies":"The Heart","floor":56,"turns":6}],"seed_played":"3168943629959953293","potions_obtained":[{"floor":10.0,"key":"Weak Potion"},{"floor":14.0,"key":"SpeedPotion"},{"floor":16.0,"key":"Strength Potion"}],"is_trial":false,"path_per_floor":["M","M","?","M","T","$","R","?","T","M","M","R","E","M","R","B",null,"M","?","M","AVR","?","M","R","$","T","E","M","NM","E","M","R","B",null,"M","M","AVR","M","$","E","E","E","T","E","M","M","NM","M","R","B","B",null,"R","$","E","B",null],"character_chosen":"Youkari","items_purchased":["Simple Rune","champ:Barbells","Sling","Akabeko"],"campfire_rested":2,"item_purchase_floors":[25,39,54,54],"current_hp_per_floor":[70,70,67,70,70,70,70,105,105,105,108,108,60,41,81,88,140,140,140,144,144,144,138,138,138,138,144,92,64,42,49,49,42,151,135,104,104,101,101,214,174,170,170,176,188,133,150,150,221,251,231,248,248,248,250,252],"gold":98,"neow_bonus":"","is_daily":false,"chose_seed":false,"campfire_upgraded":3,"win_rate":0.0,"timestamp":1611842925,"path_taken":["M","?","?","M","?","$","R","?","T","M","M","R","E","M","R","BOSS","M","?","M","AVR","?","M","R","$","T","E","M","NM","E","?","R","BOSS","M","?","AVR","M","$","E","E","E","T","E","M","M","NM","M","R","BOSS","BOSS","R","$","E","BOSS"],"items_purchased_type":["Relic","Relic","Relic","Relic"],"build_version":"2020-12-22","purchased_purges":2,"victory":true,"max_hp_per_floor":[70,70,70,70,70,70,70,105,105,105,108,108,119,134,134,134,140,140,140,144,144,144,144,144,144,144,144,175,177,179,185,185,187,187,189,210,210,212,212,214,213,215,215,217,231,233,235,237,237,251,253,253,253,253,255,260],"card_choices":[{"not_picked":["UniverseFragment","PunishingBird"],"picked":"Murderer","floor":1.0},{"not_picked":["WingOfChimera_purple","PurpleNeedle_purple"],"picked":"AdvanceAttack_purple","floor":1.0},{"not_picked":["Scorched","BigBadWolf"],"picked":"MeatLantern","floor":2.0},{"not_picked":["Yakumo_Ran_purple","AdvanceAttack_purple"],"picked":"ExistenceContinue_purple","floor":2.0},{"not_picked":["OSAHOGD","MHz"],"picked":"QueenOfHatred","floor":4.0},{"not_picked":["Mirror_FormAndEmptin_purple","SfantasyHide_purple","DimensionStaggered_purple"],"picked":"SKIP","floor":4.0},{"not_picked":["VoidDream","MeatLantern"],"picked":"QueenBee","floor":10.0},{"not_picked":["RealityDreamConfluencek_purple","Boundary_LightAndDark_purple","StateDuplicate_purple"],"picked":"SKIP","floor":10.0},{"not_picked":["Mirror_FormAndEmptin_purple","SfantasyHide_purple"],"picked":"Shallow_ocean_purpleEX","floor":11.0},{"not_picked":["Scorched","RedShoes"],"picked":"Bloodbath","floor":11.0},{"not_picked":["PunishingBird","BlackSwan"],"picked":"LongBird","floor":13.0},{"not_picked":["Charmbait_purple","D_absorption_purple"],"picked":"Photoelasticity_Doppler_Effect_purple","floor":13.0},{"not_picked":["VoidDream","MeatLantern"],"picked":"BigBadWolf","floor":14.0},{"not_picked":["Realm_recovery_purpleEX","Line_surface_state_purple"],"picked":"AdvanceAttack_purple","floor":14.0},{"not_picked":["DespairKnight","OldLady"],"picked":"SingingMachine","floor":16.0},{"not_picked":["ShyLook","LittleHelper"],"picked":"LittlePrince","floor":18.0},{"not_picked":["SharpContractionReality_purple","StateErode_purple+1"],"picked":"ExistenceContinue_purple+1","floor":18.0},{"not_picked":["SpiderBud","OSAHOGD"],"picked":"Variant","floor":20.0},{"not_picked":["RealityDreamConfluencek_purple","OmniscientAndOmnipotent_Monster_purple","SharpContractionReality_purple"],"picked":"SKIP","floor":20.0},{"not_picked":["RealityDreamConfluencek_purple","OmniscientAndOmnipotent_Monster_purple","SharpContractionReality_purple"],"picked":"SKIP","floor":20.0},{"not_picked":["Scorched","WallGazer"],"picked":"Alriune","floor":23.0},{"not_picked":["RuleDissolution_purple+1","StretchesForeverDream_purple"],"picked":"ExistenceContinue_purple","floor":23.0},{"not_picked":["CrumblingArmor","DreamingCurrent"],"picked":"Porccubus","floor":27.0},{"not_picked":["Realm_recovery_purpleEX","Monsters_DoubleDeathButterfly_purple"],"picked":"ExistenceContinue_purple","floor":27.0},{"not_picked":["Rudolta","BlackSwan"],"picked":"BlackArmy","floor":28.0},{"not_picked":["RuleDissolution_purple","StateDuplicate_purple+1","MeetDecomposer_purple"],"picked":"SKIP","floor":28.0},{"not_picked":["RuleDissolution_purple","StateDuplicate_purple+1","MeetDecomposer_purple"],"picked":"SKIP","floor":28.0},{"not_picked":["SnowQueen","Wellcheers"],"picked":"Laetitia","floor":29.0},{"not_picked":["infinitespire:Fortify","infinitespire:Execution"],"picked":"infinitespire:DeathsTouch","floor":29.0},{"not_picked":["ContainerChange_purple","StateDuplicate_purple","LoveAcrossDimensions_purple"],"picked":"SKIP","floor":29.0},{"not_picked":["HappyTeddy","Rudolta"],"picked":"Mercenary","floor":30.0},{"not_picked":["RuleDissolution_purple","Bait_HighSpeedFlying_purple","MeetDecomposer_purple"],"picked":"SKIP","floor":30.0},{"not_picked":["RuleDissolution_purple","Bait_HighSpeedFlying_purple","MeetDecomposer_purple"],"picked":"SKIP","floor":30.0},{"not_picked":["RuleDissolution_purple","Bait_HighSpeedFlying_purple","MeetDecomposer_purple"],"picked":"SKIP","floor":30.0},{"not_picked":["BigBird","PunishingBird"],"picked":"FieryBird","floor":31.0},{"not_picked":["MonsterNeedle_purple","StateDuplicate_purple+1","Extrememeaning_purpleEX"],"picked":"SKIP","floor":31.0},{"not_picked":["Yin","Woodsman"],"picked":"RedShoes","floor":33.0},{"not_picked":["Monsters_DoubleDeathButterfly_purple","Fancifulhole_purple"],"picked":"Mirror_TwoAndThreeElementRealm_purple","floor":33.0},{"not_picked":["WhitesApple","SnowQueen"],"picked":"BigBadWolf","floor":35},{"not_picked":["WasteWire_Metro_purple","SfantasyHide_purple","StateErode_purple"],"picked":"SKIP","floor":35},{"not_picked":["WasteWire_Metro_purple","SfantasyHide_purple","StateErode_purple"],"picked":"SKIP","floor":35},{"not_picked":["LittlePrince","GreedKing"],"picked":"DreamingCurrent","floor":36},{"not_picked":["Umbrella_purple+1","Realm_recovery_purpleEX+1","Monsters_DoubleDeathButterfly_purple"],"picked":"SKIP","floor":36},{"not_picked":["CrumblingArmor","Freischutz"],"picked":"GreedKing","floor":38},{"not_picked":["OmniscientAndOmnipotent_Monster_purple","MNeedle_purple"],"picked":"ExternalForce_HighSpeedFlying_purple","floor":38},{"not_picked":["HappyTeddy","WhitesApple"],"picked":"Bloodbath","floor":40},{"not_picked":["WasteWire_Metro_purple","AdvanceAttack_purple+1","Umbrella_purple"],"picked":"SKIP","floor":40},{"not_picked":["WasteWire_Metro_purple","AdvanceAttack_purple+1","Umbrella_purple"],"picked":"SKIP","floor":40},{"not_picked":["WasteWire_Metro_purple","AdvanceAttack_purple+1","Umbrella_purple"],"picked":"SKIP","floor":40},{"not_picked":["LittlePrince","BlackSwan"],"picked":"Rudolta","floor":41},{"not_picked":["SharpContractionReality_purple","MetroBOOM_purple+1","Umbrella_purple"],"picked":"SKIP","floor":41},{"not_picked":["BlackSwan","WallGazer"],"picked":"LongBird","floor":42},{"not_picked":["Mirror_FormAndEmptin_purple","Realm_recovery_purpleEX","ExistenceContinue_purple"],"picked":"SKIP","floor":42},{"not_picked":["Woodsman","WhitesApple"],"picked":"OSAHOGD","floor":44},{"not_picked":["SfantasyHide_purple+1","Mirror_FormAndEmptin_purple","WatchEChange_purple+1"],"picked":"SKIP","floor":44},{"not_picked":["SfantasyHide_purple+1","Mirror_FormAndEmptin_purple","WatchEChange_purple+1"],"picked":"SKIP","floor":44},{"not_picked":["SpiderBud","SilentOrchestra"],"picked":"Scarecrow","floor":45},{"not_picked":["RuleDissolution_purple","Charmbait_purple"],"picked":"DarkRealmRedLine_purple","floor":45},{"not_picked":["Yin","BodiesMountain"],"picked":"CENSORED","floor":46},{"not_picked":["ButterflyHabitatTemple_purple","Nest_LightFlightworm_purple","EighthInstrument_OneDividesIntoTwo_purple"],"picked":"SKIP","floor":46},{"not_picked":["HappyTeddy","SingingMachine"],"picked":"BodiesMountain","floor":47},{"not_picked":["DarkRealmRedLine_purple","Boundary_of_Extermination_purpleEX+1"],"picked":"Yakumo_Ran_purple","floor":47},{"not_picked":["Woodsman","SilentOrchestra"],"picked":"CherryBlossoms","floor":48},{"not_picked":["MetroBOOM_purple+1","Charmbait_purple","Umbrella_purple"],"picked":"SKIP","floor":48},{"not_picked":["MetroBOOM_purple+1","Charmbait_purple","Umbrella_purple"],"picked":"SKIP","floor":48},{"not_picked":["Woodsman","SnowQueen"],"picked":"NakedNest","floor":55},{"not_picked":["ExistenceContinue_purple+1","WingOfChimera_purple"],"picked":"ExternalForce_HighSpeedFlying_purple","floor":55}],"player_experience":103920,"relics_obtained":[{"floor":1.0,"key":"Baka"},{"floor":1.0,"key":"LetterFromLob"},{"floor":2.0,"key":"Baka2"},{"floor":9.0,"key":"StoneCalendar"},{"floor":13.0,"key":"infinitespire:CursedDice"},{"floor":17.0,"key":"Gremlin Food"},{"floor":17.0,"key":"infinitespire:CheckeredPen"},{"floor":17.0,"key":"MoreBug"},{"floor":26.0,"key":"WingedGreaves"},{"floor":27.0,"key":"Bird Faced Urn"},{"floor":28.0,"key":"bronze:BronzeIdol"},{"floor":29.0,"key":"Replay:Wax Seal"},{"floor":30.0,"key":"Happy Flower"},{"floor":40,"key":"MagicDraw4"},{"floor":41,"key":"Lizard Tail"},{"floor":42,"key":"PureWhite:ReiMu"},{"floor":43,"key":"theForsaken:Gavel"},{"floor":44,"key":"Toy Ornithopter"},{"floor":45,"key":"Pear"},{"floor":47,"key":"Shuriken"},{"floor":55,"key":"FossilizedHelix"}],"event_choices":[{"damage_healed":0.0,"max_hp_gain":0.0,"max_hp_loss":0.0,"gold_gain":0.0,"event_name":"Scrap Ooze","player_choice":"Success","floor":3.0,"gold_loss":0.0,"damage_taken":3.0,"relics_obtained":["MagicDraw2"]},{"damage_healed":0.0,"max_hp_gain":0.0,"max_hp_loss":0.0,"gold_gain":0.0,"event_name":"ZunEvent","player_choice":"交出神酒","floor":19.0,"relics_lost":["ZunR:ReiMu"],"gold_loss":0.0,"damage_taken":0.0,"cards_obtained":["ZunPunch:ReiMu"]},{"damage_healed":0.0,"max_hp_gain":0.0,"max_hp_loss":0.0,"gold_gain":0.0,"event_name":"N\u0027loth","player_choice":"Traded Relic","floor":22.0,"relics_lost":["REME:ComplimentaryCards"],"gold_loss":0.0,"damage_taken":0.0,"relics_obtained":["Nloth\u0027s Gift"]}],"is_beta":false,"boss_relics":[{"not_picked":["LagranYue:ContractPerformanceRelic","bronze:MakeshiftBattery"],"picked":"Calling Bell"},{"not_picked":["AddBug","ReplayTheSpireMod:DimensionalGlitch"],"picked":"SacredBark"}],"items_purged_floors":[39,54],"is_endless":false,"potions_floor_spawned":[10,14,16,23,28,30,33,35,38,44,46,47],"ascension_level":723677239}}