{"host":"lq2h7q9ca6uwu60x","time":1611840816,"event":{"mods":["Act Like it!","BaseMod","Gensokyo","Koishi","Marisa£®ÏF”Í°°ƒß¿Ì…≥£©","Minty Spire (QoL Compilation)","StSLib"],"gold_per_floor":[212,212,212,142,157,157,82,12,12,32,60,60,78,112,112,212,212,227,227,227,227,233,233,267,267,293,293,125,125,141,173,173,272,272,290,290,305,305,24,50,50,50,50,70,70,86,96,36,36,36,36,36,36,69,69,69],"floor_reached":55,"language":"ZHS","playtime":3288,"items_purged":["Koishi:BasicStrike","Writhe","Koishi:BasicDefend"],"score":1051,"play_id":"1d062238-517f-41ef-b6a8-5bca89ffee58","local_time":"20210128213336","is_ascension_mode":true,"campfire_choices":[{"data":"Koishi:JumpScare","floor":6.0,"key":"SMITH"},{"data":"Koishi:TerrifyingSpectre","floor":15.0,"key":"SMITH"},{"data":"Koishi:ImGoingToCallYouNow","floor":23.0,"key":"SMITH"},{"data":"Night Terror","floor":25.0,"key":"SMITH"},{"data":"Koishi:Catatonia","floor":27.0,"key":"SMITH"},{"data":"Koishi:DanmakuParanoia","floor":32.0,"key":"SMITH"},{"floor":41.0,"key":"RECALL"},{"floor":49,"key":"DIG"},{"floor":52,"key":"DIG"}],"circlet_count":0,"master_deck":["Koishi:BasicDefend+1","Koishi:BasicDefend","Koishi:HauntingSlash","Koishi:JumpScare+1","Koishi:TerrifyingSpectre+1","Koishi:DanmakuParanoia+1","Koishi:ImGoingToCallYouNow+1","Koishi:MindNumbingTerror","Night Terror+1","Koishi:Catatonia+1","Koishi:Untouchable+1","Koishi:Heartbroken+1","Gensokyo:HouraiInAPot+1","Koishi:UnseenTerror+1","Gensokyo:CustomPotion","Koishi:EmbersOfLove+1"],"relics":["Koishi:ImaginaryFriend","Gensokyo:Justice","Koishi:AHoleWhereASisterShouldBe","InkBottle","White Beast Statue","Ancient Tea Set","Runic Pyramid","Gensokyo:MosesMiracle","Frozen Egg 2","PreservedInsect","Centennial Puzzle","Coffee Dripper","Molten Egg 2","Koishi:BloodstainedWhiteRose","Bottled Flame","Oddly Smooth Stone","Shovel","Nunchaku","Akabeko","Bottled Tornado","Boot"],"acts_visited":["Exordium","Gensokyo:Gensokyo","Gensokyo:Gensokyoer","TheEnding"],"potions_floor_usage":[47,50,55,55,55],"damage_taken":[{"damage":3.0,"enemies":"Gensokyo:Gryphon","floor":1.0,"turns":4.0},{"damage":0.0,"enemies":"Gensokyo:3_Fairies","floor":5.0,"turns":3.0},{"damage":0.0,"enemies":"Gensokyo:2_Kodama","floor":10.0,"turns":2.0},{"damage":0.0,"enemies":"Gensokyo:Mamizou","floor":11.0,"turns":10.0},{"damage":12.0,"enemies":"Gensokyo:2_Rabbits","floor":13.0,"turns":4.0},{"damage":22.0,"enemies":"Gensokyo:Aya","floor":14.0,"turns":6.0},{"damage":31.0,"enemies":"Gensokyo:Yukari","floor":16.0,"turns":17.0},{"damage":30.0,"enemies":"Gensokyo:CosmicMonolith","floor":18.0,"turns":15.0},{"damage":36.0,"enemies":"Gensokyo:3_Dogs","floor":22.0,"turns":7.0},{"damage":3.0,"enemies":"Gensokyo:Koishi","floor":24.0,"turns":5.0},{"damage":17.0,"enemies":"Gensokyo:Wraith","floor":30.0,"turns":4.0},{"damage":0.0,"enemies":"Gensokyo:Reisen","floor":31.0,"turns":3.0},{"damage":85.0,"enemies":"Gensokyo:Kaguya","floor":33.0,"turns":11.0},{"damage":13.0,"enemies":"Gensokyo:3_Boulders","floor":35.0,"turns":7.0},{"damage":1.0,"enemies":"Gensokyo:AncientGuardian","floor":37.0,"turns":4.0},{"damage":11.0,"enemies":"Gensokyo:AncientGuardian","floor":38.0,"turns":5.0},{"damage":0.0,"enemies":"Gensokyo:Doremy","floor":40.0,"turns":3.0},{"damage":0,"enemies":"Gensokyo:3_Boulders","floor":44,"turns":4},{"damage":0,"enemies":"Gensokyo:SeedOfUnknown","floor":46,"turns":3},{"damage":13,"enemies":"Gensokyo:Rafflesia","floor":47,"turns":3},{"damage":0,"enemies":"Gensokyo:Yuyuko","floor":50,"turns":4},{"damage":27,"enemies":"Shield and Spear","floor":54,"turns":3},{"damage":84,"enemies":"The Heart","floor":55,"turns":3}],"seed_played":"-2701046157062718029","potions_obtained":[{"floor":1.0,"key":"Strength Potion"},{"floor":10.0,"key":"AttackPotion"},{"floor":13.0,"key":"CultistPotion"},{"floor":14.0,"key":"DuplicationPotion"},{"floor":16.0,"key":"SkillPotion"},{"floor":18.0,"key":"BlessingOfTheForge"},{"floor":22.0,"key":"BlessingOfTheForge"},{"floor":24.0,"key":"AttackPotion"},{"floor":30.0,"key":"FearPotion"},{"floor":31.0,"key":"SteroidPotion"},{"floor":33.0,"key":"Strength Potion"},{"floor":37.0,"key":"Fire Potion"},{"floor":40.0,"key":"SkillPotion"},{"floor":44,"key":"ColorlessPotion"},{"floor":47,"key":"CultistPotion"},{"floor":54,"key":"CultistPotion"}],"is_trial":false,"path_per_floor":["M","?","?","?","M","R","$","?","T","M","E","T","M","E","R","B",null,"M","?","?","?","M","R","E","R","T","R","$","?","M","E","R","B",null,"M","T","M","?","$","E","R","?","T","M","T","M","M","?","R","B",null,"R","$","E","B"],"character_chosen":"KOISHI","items_purchased":["Koishi:Untouchable+1","Koishi:BloodstainedWhiteRose"],"campfire_rested":0,"item_purchase_floors":[28,39],"current_hp_per_floor":[59,59,56,56,59,59,59,59,59,65,67,67,62,48,48,30,58,50,50,44,44,38,38,67,67,67,67,67,67,67,67,67,41,61,67,67,67,67,67,67,67,67,67,67,67,67,67,67,67,67,67,67,67,67,0,0],"gold":69,"neow_bonus":"HUNDRED_GOLD","is_daily":false,"chose_seed":false,"campfire_upgraded":6,"win_rate":0.0,"timestamp":1611840816,"path_taken":["M","?","?","?","?","R","$","?","T","M","E","?","M","E","R","BOSS","M","?","?","?","M","R","E","R","T","R","$","?","?","E","R","BOSS","M","?","M","?","?","E","R","?","T","M","?","?","M","?","R","BOSS","R","$","E","BOSS"],"items_purchased_type":["Card","Relic"],"build_version":"2020-12-22","purchased_purges":3,"victory":false,"max_hp_per_floor":[60,60,67,67,67,67,67,67,67,67,67,67,67,67,67,67,67,67,67,67,67,67,67,67,67,67,67,67,67,67,67,67,67,67,67,67,67,67,67,67,67,67,67,67,67,67,67,67,67,67,67,67,67,67,67,67],"card_choices":[{"not_picked":["Koishi:FidgetySnatcher","Koishi:DreadfulBlow"],"picked":"Koishi:JumpScare","floor":1.0},{"not_picked":["Koishi:CatchAndRose","Koishi:YoukaiPolygraph","Koishi:RorschachInDanmaku"],"picked":"SKIP","floor":5.0},{"not_picked":["Koishi:CatchAndRose","Koishi:YoukaiPolygraph","Koishi:RorschachInDanmaku"],"picked":"SKIP","floor":5.0},{"not_picked":["Koishi:CatchAndRose","Koishi:YoukaiPolygraph","Koishi:RorschachInDanmaku"],"picked":"SKIP","floor":5.0},{"not_picked":["Koishi:UnansweredLove","Koishi:VengefulSpirit","Koishi:GhostParty"],"picked":"SKIP","floor":10.0},{"not_picked":["Koishi:VengefulSpirit","Koishi:DreadfulBlow"],"picked":"Koishi:TerrifyingSpectre","floor":11.0},{"not_picked":["Koishi:PhantomBarrier","Koishi:EmbryosDream","Koishi:ApparitionsStalkTheNight"],"picked":"SKIP","floor":13.0},{"not_picked":["Koishi:RacingHeart","Koishi:JumpScare"],"picked":"Koishi:DanmakuParanoia","floor":14.0},{"not_picked":["Koishi:HeartStoppingHorror","Koishi:Heartbroken"],"picked":"Koishi:ImGoingToCallYouNow","floor":16.0},{"not_picked":["Koishi:Jaunt","Koishi:FleetingPhantom"],"picked":"Koishi:MindNumbingTerror","floor":18.0},{"not_picked":["Koishi:CatchAndRose","Koishi:Jaunt"],"picked":"Koishi:Catatonia","floor":22.0},{"not_picked":["Koishi:VengefulSpirit+1","Koishi:FourthEye","Koishi:IdleWhim"],"picked":"SKIP","floor":24.0},{"not_picked":["Koishi:FreudianInstinct+1","Koishi:FourthEye","Koishi:Jaunt"],"picked":"SKIP","floor":30.0},{"not_picked":["Koishi:BloodcurdlingScream","Koishi:StrangeCloudFist"],"picked":"Koishi:Ego+1","floor":31.0},{"not_picked":["Koishi:MindStellarRelief","Koishi:ImGoingToCallYouNow"],"picked":"Koishi:Heartbroken+1","floor":33.0},{"not_picked":["Koishi:DreadfulBlow","Koishi:UnconsciousUprising+1","Koishi:StingingMind"],"picked":"SKIP","floor":35.0},{"not_picked":["Koishi:ReleaseOfTheId","Koishi:ParalyzingFear+1","Koishi:UnconsciousUprising+1"],"picked":"SKIP","floor":37.0},{"not_picked":["Gensokyo:LifeSpringInfinity+1","Gensokyo:Dawn+1"],"picked":"Gensokyo:HouraiInAPot+1","floor":38.0},{"not_picked":["Koishi:PhantomStrike+1","Koishi:JumpScare+1","Koishi:Jaunt+1"],"picked":"SKIP","floor":40.0},{"not_picked":["Koishi:GeneticsOfTheUnconscious","Koishi:ParalyzingFear+1","Koishi:Jaunt+1"],"picked":"SKIP","floor":44},{"not_picked":["Koishi:EmbryosDream","Koishi:FidgetySnatcher+1"],"picked":"Koishi:UnseenTerror+1","floor":46},{"not_picked":["Koishi:RacingHeart+1","Koishi:FreudianInstinct+1","Koishi:DreadfulBlow+1"],"picked":"SKIP","floor":47},{"not_picked":["Koishi:UnansweredLove+1","Koishi:PhantomBarrier+1"],"picked":"Koishi:EmbersOfLove+1","floor":54}],"player_experience":829941,"relics_obtained":[{"floor":11.0,"key":"InkBottle"},{"floor":12.0,"key":"White Beast Statue"},{"floor":14.0,"key":"Ancient Tea Set"},{"floor":24.0,"key":"Frozen Egg 2"},{"floor":26.0,"key":"PreservedInsect"},{"floor":30.0,"key":"Gensokyo:MosesMiracle"},{"floor":31.0,"key":"Centennial Puzzle"},{"floor":36.0,"key":"Molten Egg 2"},{"floor":40.0,"key":"Bottled Flame"},{"floor":43,"key":"Shovel"},{"floor":45,"key":"Nunchaku"},{"floor":49,"key":"Akabeko"},{"floor":52,"key":"Bottled Tornado"},{"floor":54,"key":"Boot"}],"event_choices":[],"is_beta":false,"boss_relics":[{"not_picked":["Busted Crown","Empty Cage"],"picked":"Runic Pyramid"},{"not_picked":["Koishi:ColorfulDays","SacredBark"],"picked":"Coffee Dripper"}],"items_purged_floors":[7,28,39],"is_endless":false,"potions_floor_spawned":[1,10,13,14,16,18,22,24,30,31,33,35,37,40,44,46,47,54],"killed_by":"The Heart","ascension_level":5}}