{"host":"lehz9p79pih88cc3","time":1611867431,"event":{"mods":["AchievementEnabler","Act Like it!","Ascension Reborn","BaseMod","Downfall","Halation","Minty Spire (QoL Compilation)","Permanent Neow","Quick Restart","Replay The Spire","SacredBarkPlus","StSLib","Uncapped","Yakumo Yukari mod"],"gold_per_floor":[120,140,153,163,163,263,287,306,323,342,356,356,356,43,61,159,159,159,159,179,179,89,122,202,202,202],"floor_reached":25,"language":"ENG","playtime":992,"items_purged":["Injury"],"score":313,"play_id":"58f590d7-840a-4910-b713-7b4ea32b3e55","local_time":"20210128155711","is_ascension_mode":true,"campfire_choices":[{"floor":13,"key":"REST"}],"circlet_count":0,"master_deck":["AT_purpleEX","Defend_purpleEX","Defend_purpleEX+1","Observe_purple_1","Observe_purple_2+1","downfall:Malfunctioning","Umbrella_purple","EighthInstrument_OneDividesIntoTwo_purple","Anti_communist_purple","Yakumo_Ran_purple","Photoelasticity_Doppler_Effect_purple","Boundary_ObjectiveBoundary_purple+1","ProofOfUnderstanding_purple","Anti_communist_purple+1","Fantasy_PerpetualMotionMachine_purple","Human_Monster_Realm_purple","Bait_HighSpeedFlying_purple","MeetDecomposer_purple+1","EighthInstrument_OneDividesIntoTwo_purple"],"relics":["Memoryfragments_purpleEX","Kintsugi","halation:PinkSoulGem","Chameleon Ring","War Paint","SacredBark","Toy Ornithopter","Sundial"],"acts_visited":["Exordium","TheCity"],"potions_floor_usage":[16,16,23],"damage_taken":[{"damage":7,"enemies":"2 Louse","floor":2,"turns":3},{"damage":0,"enemies":"Small Slimes","floor":3,"turns":6},{"damage":0,"enemies":"Cultist","floor":4,"turns":2},{"damage":5,"enemies":"Exordium Thugs","floor":8,"turns":5},{"damage":6,"enemies":"2 Fungi Beasts","floor":9,"turns":3},{"damage":19,"enemies":"Gremlin Gang","floor":10,"turns":5},{"damage":15,"enemies":"Exordium Wildlife","floor":11,"turns":5},{"damage":5,"enemies":"downfall:FleeingMerchant","floor":14,"turns":4},{"damage":5,"enemies":"2 Fungi Beasts","floor":15,"turns":4},{"damage":17,"enemies":"WA_ARCHETYPE_RETAIN","floor":16,"turns":5},{"damage":0,"enemies":"Chosen","floor":19,"turns":1},{"damage":19,"enemies":"Spheric Guardian","floor":20,"turns":4},{"damage":0,"enemies":"downfall:FleeingMerchant","floor":22,"turns":4},{"damage":50,"enemies":"Book of Stabbing","floor":23,"turns":6},{"damage":9,"enemies":"Centurion and Healer","floor":25,"turns":1}],"seed_played":"1636401525073160349","potions_obtained":[{"floor":2,"key":"Regen Potion"},{"floor":8,"key":"PowerPotion"},{"floor":18,"key":"Dexterity Potion"},{"floor":18,"key":"Elixir"}],"is_trial":false,"path_per_floor":["R","M","M","M","T","?","T","M","M","M","M","?","R","$","M","B",null,"R","M","M","?","$","E","T","M"],"character_chosen":"Youkari","items_purchased":["ProofOfUnderstanding_purple","Anti_communist_purple+1","EighthInstrument_OneDividesIntoTwo_purple"],"campfire_rested":1,"item_purchase_floors":[14,14,22],"current_hp_per_floor":[70,64,68,69,69,69,69,69,65,51,38,38,59,58,55,64,70,70,70,53,53,53,5,5,0,0],"gold":202,"neow_bonus":"BOSS_RELIC","is_daily":false,"chose_seed":false,"campfire_upgraded":0,"win_rate":0.0,"timestamp":1611867431,"path_taken":["R","M","M","?","?","?","T","M","?","M","M","?","R","?","M","BOSS","R","M","M","?","?","E","T","?"],"items_purchased_type":["Card","Card","Card"],"build_version":"2020-12-22","purchased_purges":1,"victory":false,"max_hp_per_floor":[70,70,70,70,70,70,70,70,70,70,70,70,70,70,70,70,70,70,70,70,70,70,70,70,70,70],"card_choices":[{"not_picked":["ButterflyHabitatTemple_purple","ExistenceContinue_purple","Mirror_WaveAndshot_purple"],"picked":"SKIP","floor":2},{"not_picked":["MetroBOOM_purple","SharpContractionReality_purple"],"picked":"Umbrella_purple","floor":3},{"not_picked":["WingOfChimera_purple","Fantasy_PerpetualMotionMachine_purple","RuleDissolution_purple"],"picked":"SKIP","floor":4},{"not_picked":["Mirror_Drifter_purple","Realm_recovery_purpleEX"],"picked":"EighthInstrument_OneDividesIntoTwo_purple","floor":8},{"not_picked":["DimensionStaggered_purple","Realm_recovery_purpleEX"],"picked":"Anti_communist_purple","floor":9},{"not_picked":["MetroBOOM_purple","MNeedle_purple"],"picked":"Yakumo_Ran_purple","floor":10},{"not_picked":["RuleDissolution_purple","Line_surface_state_purple"],"picked":"Photoelasticity_Doppler_Effect_purple","floor":11},{"not_picked":["Umbrella_purple","ExternalForce_HighSpeedFlying_purple"],"picked":"Boundary_ObjectiveBoundary_purple","floor":14},{"not_picked":["Nest_LightFlightworm_purple","StretchesForeverDream_purple"],"picked":"Fantasy_PerpetualMotionMachine_purple","floor":15},{"not_picked":["D_absorption_purple","Fancifulhole_purple"],"picked":"Human_Monster_Realm_purple","floor":16},{"not_picked":["Mirror_FormAndEmptin_purple","WatchEChange_purple"],"picked":"Bait_HighSpeedFlying_purple","floor":19},{"not_picked":["Line_surface_state_purple+1","Boundary_LightAndDark_purple+1","DimensionStaggered_purple"],"picked":"SKIP","floor":20},{"not_picked":["WatchEChange_purple","MagicEyes_LaplaceDemon_purple"],"picked":"MeetDecomposer_purple+1","floor":22},{"not_picked":["ExistenceContinue_purple","EighthInstrument_OneDividesIntoTwo_purple","OmniscientAndOmnipotent_Monster_purple"],"picked":"SKIP","floor":23}],"player_experience":153033,"relics_obtained":[{"floor":5,"key":"Chameleon Ring"},{"floor":7,"key":"War Paint"},{"floor":23,"key":"Toy Ornithopter"},{"floor":24,"key":"Sundial"}],"event_choices":[],"is_beta":false,"boss_relics":[{"not_picked":["Replay:Wanted Poster","halation:PinkAlligatorPlush"],"picked":"SacredBark"}],"items_purged_floors":[14],"is_endless":false,"potions_floor_spawned":[2,8,9,11],"killed_by":"Centurion and Healer","ascension_level":0}}