{"host":"9j472d1lqxyi8fmj","time":1611876903,"event":{"mods":["AchievementEnabler","Aspiration","BaseMod","Better Note","BetterRewards","Block Reminder","Colored Powertips","Downfall","Hermit","Hubris","Infinite Spire","Minty Spire (QoL Compilation)","Potion Indicator Mod","Rare Cards Sparkle","Relic Filter","Reliquary","Spicy Shops","StSLib","The Runesmith","Virulent Crown"],"gold_per_floor":[117,127,141,33,50,76,91,91,164,133,133,149,149,164,164,269,269,286,296,296,296,296,296,296,296,296,296,313,338,338,348,348,443,443,453,470,485,496,496,496,0,0,25,25,43,58,78,90,90,90],"floor_reached":51,"language":"ENG","playtime":1996,"items_purged":["Pride","Injury"],"score":898,"play_id":"9a9f9bb7-1d8a-489c-a619-31f4a3b8f363","local_time":"20210128183503","is_ascension_mode":false,"campfire_choices":[{"floor":8,"key":"REST"},{"floor":11,"key":"REST"},{"data":"Noxious Fumes","floor":15,"key":"SMITH"},{"data":"infinitespire:NeuralNetwork","floor":23,"key":"SMITH"},{"data":"Bane","floor":25,"key":"SMITH"},{"data":"PiercingWail","floor":30,"key":"SMITH"},{"data":"Poisoned Stab","floor":32,"key":"SMITH"},{"floor":40,"key":"REST"},{"data":"Tools of the Trade","floor":42,"key":"SMITH"},{"floor":49,"key":"REST"}],"circlet_count":0,"master_deck":["Strike_G","Strike_G","Strike_G","Strike_G","Strike_G","Defend_G","Defend_G","Defend_G","Defend_G","Defend_G","Survivor","Neutralize","Noxious Fumes+1","Bane+1","Deadly Poison","Catalyst","PiercingWail+1","Crippling Poison","Dagger Spray","Quick Slash","Deadly Poison","Deflect","Poisoned Stab+1","Deflect+1","Storm of Steel+1","Quick Slash","Bane+1","infinitespire:TheBestDefense+1","infinitespire:NeuralNetwork+1","Writhe","Backstab+1","Leg Sweep+1","Deadly Poison+1","Tools of the Trade+1","Poisoned Stab","Poisoned Stab+1","Slice","Neutralize","hubris:Envy","Backflip+1","PiercingWail+1","Catalyst+1","Bullet Time+1"],"relics":["Ring of the Snake","hubris:GlazedTorus","aspiration:HummingbirdHeart","aspiration:StickyExplosives","Toxic Egg 2","Cursed Key","Lizard Tail","HoveringKite","Mummified Hand","Centennial Puzzle","hubris:TerracottaHorce","Red Mask","aspiration:TomeofQuesting"],"acts_visited":["Exordium","TheCity","TheBeyond"],"potions_floor_usage":[14,27,29,50,50],"damage_taken":[{"damage":3,"enemies":"Jaw Worm","floor":1,"turns":3},{"damage":1,"enemies":"2 Louse","floor":2,"turns":3},{"damage":2,"enemies":"Small Slimes","floor":3,"turns":4},{"damage":0,"enemies":"Exordium Thugs","floor":5,"turns":4},{"damage":24,"enemies":"Lagavulin","floor":6,"turns":6},{"damage":13,"enemies":"2 Fungi Beasts","floor":7,"turns":4},{"damage":0,"enemies":"3 Louse","floor":12,"turns":1},{"damage":0,"enemies":"Exordium Thugs","floor":14,"turns":2},{"damage":22,"enemies":"The Guardian","floor":16,"turns":7},{"damage":0,"enemies":"Chosen","floor":18,"turns":3},{"damage":0,"enemies":"Shell Parasite","floor":19,"turns":3},{"damage":3,"enemies":"Snake Plant","floor":28,"turns":3},{"damage":4,"enemies":"Gremlin Leader","floor":29,"turns":5},{"damage":0,"enemies":"Centurion and Healer","floor":31,"turns":4},{"damage":34,"enemies":"Automaton","floor":33,"turns":7},{"damage":13,"enemies":"3 Darklings","floor":35,"turns":3},{"damage":5,"enemies":"Orb Walker","floor":36,"turns":2},{"damage":12,"enemies":"3 Darklings","floor":37,"turns":3},{"damage":0,"enemies":"Jaw Worm Horde","floor":38,"turns":3},{"damage":0,"enemies":"Transient","floor":45,"turns":5},{"damage":13,"enemies":"4 Shapes","floor":46,"turns":4},{"damage":19,"enemies":"Sphere and 2 Shapes","floor":47,"turns":7},{"damage":0,"enemies":"3 Darklings","floor":48,"turns":4},{"damage":54,"enemies":"hubris:GrandSnecko","floor":50,"turns":9}],"seed_played":"6015769938208273233","potions_obtained":[{"floor":1,"key":"SpeedPotion"},{"floor":2,"key":"Explosive Potion"},{"floor":5,"key":"hexamod:SoulburnPotion"},{"floor":16,"key":"GamblersBrew"},{"floor":19,"key":"Regen Potion"},{"floor":27,"key":"Fruit Juice"},{"floor":27,"key":"BlessingOfTheForge"},{"floor":29,"key":"Regen Potion"},{"floor":45,"key":"Strength Potion"}],"is_trial":false,"path_per_floor":["M","M","M","$","M","E","M","R","T","?","R","M","?","M","R","B",null,"M","M","?","AVR","?","R","?","R","T","?","M","E","R","M","R","B",null,"M","M","M","M","?","R","?","R","T","$","M","M","M","M","R","B",null],"character_chosen":"THE_SILENT","items_purchased":["hubris:GlazedTorus","Noxious Fumes","Bane","Crippling Poison","Dagger Spray"],"campfire_rested":4,"item_purchase_floors":[0,0,0,4,4],"current_hp_per_floor":[56,55,53,53,53,29,16,37,37,37,58,58,58,58,58,36,70,70,70,70,70,57,57,57,57,57,62,59,64,64,64,64,30,68,55,50,38,38,38,62,62,62,62,62,62,49,30,30,54,12],"gold":90,"neow_bonus":"","is_daily":false,"chose_seed":false,"campfire_upgraded":6,"win_rate":0.0,"timestamp":1611876903,"path_taken":["M","M","M","$","M","E","M","R","T","?","R","M","?","M","R","BOSS","M","M","?","AVR","?","R","?","R","T","?","?","E","R","M","R","BOSS","M","M","M","M","?","R","?","R","T","?","M","M","?","M","R","BOSS"],"items_purchased_type":["Relic","Card","Card","Card","Card"],"build_version":"2020-12-22","purchased_purges":2,"victory":true,"max_hp_per_floor":[70,70,70,70,70,70,70,70,70,70,70,70,70,70,70,70,70,70,70,70,70,75,75,75,75,75,80,80,80,80,80,80,80,80,80,80,80,80,80,80,80,80,80,80,80,80,80,80,80,80],"card_choices":[{"not_picked":["Deflect","Backstab"],"picked":"Deadly Poison","floor":1},{"not_picked":["Caltrops","hubris:SlightOfHand"],"picked":"Catalyst","floor":2},{"not_picked":["hubris:SlightOfHand","Dagger Throw"],"picked":"PiercingWail","floor":3},{"not_picked":["hubris:Counter","Outmaneuver"],"picked":"Quick Slash","floor":5},{"not_picked":["Tools of the Trade","Setup"],"picked":"Deadly Poison","floor":6},{"not_picked":["Acrobatics","Accuracy"],"picked":"Deflect","floor":7},{"not_picked":["Prepared","Distraction"],"picked":"Poisoned Stab","floor":12},{"not_picked":["Night Terror+1","Caltrops"],"picked":"Deflect+1","floor":14},{"not_picked":["Unload","Doppelganger+1"],"picked":"Storm of Steel+1","floor":16},{"not_picked":["Dagger Throw","Outmaneuver+1"],"picked":"Quick Slash","floor":18},{"not_picked":["Deflect+1","Flying Knee+1"],"picked":"Bane+1","floor":19},{"not_picked":["Eviscerate+1","Flechettes"],"picked":"Backstab+1","floor":28},{"not_picked":["Quick Slash","Masterful Stab+1"],"picked":"Leg Sweep+1","floor":29},{"not_picked":["Deflect+1","Sucker Punch"],"picked":"Deadly Poison+1","floor":31},{"not_picked":["Doppelganger+1","Venomology+1"],"picked":"Tools of the Trade","floor":33},{"not_picked":["Deadly Poison+1","Choke","Quick Slash+1"],"picked":"SKIP","floor":35},{"not_picked":["Deadly Poison+1","Dagger Throw+1"],"picked":"Poisoned Stab","floor":36},{"not_picked":["Acrobatics+1","Burst+1"],"picked":"Poisoned Stab+1","floor":37},{"not_picked":["Outmaneuver+1","Escape Plan+1"],"picked":"Slice","floor":38},{"not_picked":["Acrobatics+1","Dagger Spray+1"],"picked":"Backflip+1","floor":45},{"not_picked":["Dagger Throw","Outmaneuver+1"],"picked":"PiercingWail+1","floor":46},{"not_picked":["Backflip+1","Dagger Throw+1"],"picked":"Catalyst+1","floor":47},{"not_picked":["hubris:TrickCloak+1","Dagger Spray"],"picked":"Bullet Time+1","floor":48}],"player_experience":358015,"relics_obtained":[{"floor":6,"key":"aspiration:HummingbirdHeart"},{"floor":9,"key":"aspiration:StickyExplosives"},{"floor":26,"key":"Mummified Hand"},{"floor":29,"key":"Centennial Puzzle"},{"floor":43,"key":"aspiration:TomeofQuesting"}],"event_choices":[{"damage_healed":0,"gold_gain":0,"player_choice":"Left Gold","damage_taken":0,"max_hp_gain":0,"max_hp_loss":0,"event_name":"World of Goop","floor":10,"gold_loss":31},{"cards_removed":["Strike_G"],"damage_healed":0,"gold_gain":0,"player_choice":"Give","damage_taken":0,"max_hp_gain":0,"max_hp_loss":0,"event_name":"betterNote:BetterNote","floor":20,"gold_loss":0,"cards_obtained":["bronze:Strike"]},{"damage_healed":0,"gold_gain":0,"player_choice":"Shed Blood","damage_taken":18,"max_hp_gain":5,"max_hp_loss":0,"event_name":"Forgotten Altar","floor":22,"gold_loss":0},{"damage_healed":0,"gold_gain":0,"player_choice":"Got Potions","damage_taken":0,"max_hp_gain":0,"max_hp_loss":0,"event_name":"Lab","floor":27,"gold_loss":0},{"damage_healed":0,"gold_gain":0,"player_choice":"1 cards matched","damage_taken":0,"max_hp_gain":0,"max_hp_loss":0,"event_name":"Match and Keep!","floor":39,"gold_loss":0,"cards_obtained":["Neutralize"]},{"damage_healed":0,"gold_gain":0,"player_choice":"Paid","damage_taken":0,"relics_obtained":["Red Mask"],"max_hp_gain":0,"max_hp_loss":0,"event_name":"Tomb of Lord Red Mask","floor":41,"gold_loss":496}],"is_beta":false,"boss_relics":[{"not_picked":["infinitespire:Cupcake","reliquary:Ember"],"picked":"Cursed Key"},{"not_picked":["Astrolabe","aspiration:RunesmithSkillbook"],"picked":"hubris:TerracottaHorce"}],"items_purged_floors":[0,21],"is_endless":false,"potions_floor_spawned":[1,2,5,16,19,29,35,38,45,47],"ascension_level":0}}