{"host":"o1scrl1hgy598kuq","time":1611811798,"event":{"mods":["BaseMod","Colored Map","Colored Powertips","Minty Spire (QoL Compilation)","Remilia??????","Replay The Spire","Shop Mod","StSLib","The Jungle","The Marked","The Servant 0.9.4"],"gold_per_floor":[116,116,116,135,148,148,160,187,210,210,225,255,4,30,30,30,30],"floor_reached":16,"language":"ENG","playtime":836,"items_purged":["Strike_S"],"score":144,"play_id":"351f6978-ff32-4bcf-a31a-d3e350ace98f","local_time":"20210127232958","is_ascension_mode":true,"campfire_choices":[{"data":"SurpressingFire","floor":6,"key":"SMITH"},{"data":"MurderousAura","floor":10,"key":"SMITH"},{"data":"BestPractice","floor":15,"key":"SMITH"}],"circlet_count":0,"master_deck":["Strike_S","Strike_S","Strike_S","Defend_S","Defend_S","Defend_S","Defend_S","KidneyShot","Exchange","BottledTime","SurpressingFire+1","Ricochet","MurderousAura+1","BottledTime","BestPractice+1","Pot Of Greed","Pot Of Greed"],"relics":["Uniform","Simple Rune","MerchantsRug","Grinning Jar"],"acts_visited":["Exordium"],"potions_floor_usage":[12,12,12,14],"damage_taken":[{"damage":2,"enemies":"2 Louse","floor":1,"turns":3},{"damage":0,"enemies":"Jaw Worm","floor":4,"turns":4},{"damage":0,"enemies":"Cultist","floor":5,"turns":4},{"damage":1,"enemies":"2 Fungi Beasts","floor":7,"turns":3},{"damage":10,"enemies":"Lagavulin","floor":8,"turns":8},{"damage":16,"enemies":"Exordium Wildlife","floor":11,"turns":5},{"damage":16,"enemies":"Gremlin Nob","floor":12,"turns":3},{"damage":9,"enemies":"3 Sentries","floor":14,"turns":7},{"damage":25,"enemies":"Slime Boss","floor":16,"turns":9}],"seed_played":"-6554225649734727416","potions_obtained":[{"floor":1,"key":"DuplicationPotion"},{"floor":3,"key":"DuplicationPotion"},{"floor":3,"key":"AttackPotion"},{"floor":11,"key":"Energy Potion"},{"floor":12,"key":"Block Potion"}],"is_trial":false,"path_per_floor":["M","?","?","M","M","R","M","E","T","R","M","E","$","E","R","B"],"character_chosen":"THE_SERVANT","items_purchased":["MerchantsRug","BestPractice"],"campfire_rested":0,"item_purchase_floors":[13,13],"current_hp_per_floor":[69,74,74,74,74,74,73,63,63,63,47,31,31,22,22,0,0],"gold":30,"neow_bonus":"TEN_PERCENT_HP_BONUS","is_daily":false,"chose_seed":false,"campfire_upgraded":3,"win_rate":0.0,"timestamp":1611811798,"path_taken":["M","?","?","M","?","R","M","E","T","R","M","E","$","E","R","BOSS"],"items_purchased_type":["Relic","Card"],"build_version":"2020-12-22","purchased_purges":1,"victory":false,"max_hp_per_floor":[71,76,76,76,76,76,76,76,76,76,76,76,76,76,76,76,76],"card_choices":[{"not_picked":["Moonlight","Rewind"],"picked":"BottledTime","floor":1},{"not_picked":["Ricochet","Spin"],"picked":"SurpressingFire","floor":4},{"not_picked":["DoubleEdge","Alleviate"],"picked":"Ricochet","floor":5},{"not_picked":["Starlight","GearUp"],"picked":"MurderousAura","floor":7},{"not_picked":["Reset","Unruled","Advance"],"picked":"SKIP","floor":8},{"not_picked":["InstantArmor","Rearm"],"picked":"BottledTime","floor":11},{"not_picked":["Rewind","TimeWarp","Spin"],"picked":"SKIP","floor":12},{"not_picked":["Potential","Spin","Collapse"],"picked":"SKIP","floor":14}],"player_experience":231331,"relics_obtained":[{"floor":8,"key":"ReplayFunnel"},{"floor":12,"key":"Simple Rune"},{"floor":14,"key":"Grinning Jar"}],"event_choices":[{"damage_healed":0,"gold_gain":0,"player_choice":"Donut","damage_taken":0,"max_hp_gain":5,"max_hp_loss":0,"event_name":"Big Fish","floor":2,"gold_loss":0},{"damage_healed":0,"gold_gain":0,"player_choice":"Got Potions","damage_taken":0,"max_hp_gain":0,"max_hp_loss":0,"event_name":"Lab","floor":3,"gold_loss":0}],"is_beta":false,"boss_relics":[],"items_purged_floors":[13],"is_endless":false,"potions_floor_spawned":[1,11,12],"killed_by":"Slime Boss","ascension_level":4}}