{"host":"p9t7qd83igtcp2bh","time":1611812552,"event":{"mods":["2.2 Compatiblity","AchievementEnabler","BaseMod","Colored Map","Colored Powertips","Custom Start","DeckTracker","Keyboard Shortcuts","Minty Spire (QoL Compilation)","Permanent Neow","Spicy Shops","StSLib","SuperFastMode","everything is the same but u backflip on backflip"],"gold_per_floor":[711,711,711,730,143,143,170,170,170,197,197,212,212,242,242,325,325,349,358,33,60,77,117,142,142,142],"floor_reached":25,"language":"KOR","playtime":722,"items_purged":["Strike_G","Writhe"],"score":529,"play_id":"89cceadc-df03-4195-863c-fe9c04e41286","local_time":"20210128144232","is_ascension_mode":true,"campfire_choices":[{"data":"Neutralize","floor":6,"key":"SMITH"},{"floor":8,"key":"REST"},{"floor":11,"key":"REST"},{"data":"Noxious Fumes","floor":13,"key":"SMITH"},{"data":"Acrobatics","floor":15,"key":"SMITH"}],"circlet_count":0,"master_deck":["AscendersBane","Strike_G","Strike_G","Strike_G","Strike_G+1","Defend_G","Defend_G","Defend_G","Defend_G","Defend_G","Survivor+1","Neutralize+1","Heel Hook","Heel Hook","Acrobatics+1","Noxious Fumes+1","Glass Knife","Blade Dance","Finisher","Prepared+1","Accuracy"],"relics":["Ring of the Snake","Ginger","TwistedFunnel","Dead Branch","InkBottle","Snake Skull","CeramicFish","Philosopher\u0027s Stone","Toy Ornithopter","Sling","Red Mask","Potion Belt"],"acts_visited":["Exordium","TheCity"],"potions_floor_usage":[16,21],"damage_taken":[{"damage":4,"enemies":"Jaw Worm","floor":1,"turns":7},{"damage":0,"enemies":"2 Louse","floor":4,"turns":2},{"damage":37,"enemies":"3 Sentries","floor":7,"turns":18},{"damage":27,"enemies":"Gremlin Nob","floor":10,"turns":4},{"damage":0,"enemies":"Small Slimes","floor":12,"turns":2},{"damage":19,"enemies":"The Guardian","floor":16,"turns":10},{"damage":9,"enemies":"3 Byrds","floor":18,"turns":3},{"damage":17,"enemies":"Masked Bandits","floor":21,"turns":3},{"damage":9,"enemies":"2 Thieves","floor":22,"turns":3},{"damage":9,"enemies":"Book of Stabbing","floor":23,"turns":3},{"damage":2,"enemies":"Cultist and Chosen","floor":24,"turns":3},{"damage":28,"enemies":"Sentry and Sphere","floor":25,"turns":3}],"seed_played":"-7824433643715533173","potions_obtained":[{"floor":4,"key":"SpeedPotion"},{"floor":7,"key":"ColorlessPotion"},{"floor":18,"key":"DistilledChaos"},{"floor":21,"key":"GhostInAJar"},{"floor":24,"key":"BlessingOfTheForge"}],"is_trial":false,"path_per_floor":["M","?","?","M","$","R","E","R","T","E","R","M","R","?","R","B",null,"M","?","$","?","M","E","M","M"],"character_chosen":"THE_SILENT","items_purchased":["Ginger","TwistedFunnel","Sling","Finisher"],"campfire_rested":2,"item_purchase_floors":[5,5,20,20],"current_hp_per_floor":[61,66,43,43,43,43,6,29,29,2,25,25,25,25,25,6,59,50,50,50,38,29,20,18,0,0],"gold":142,"neow_bonus":"TEN_PERCENT_HP_BONUS","is_daily":false,"chose_seed":false,"campfire_upgraded":3,"win_rate":0.0,"timestamp":1611812552,"path_taken":["M","?","?","M","$","R","E","R","T","E","R","M","R","?","R","BOSS","M","?","$","?","M","E","M","?"],"items_purchased_type":["Relic","Relic","Relic","Card"],"build_version":"2020-12-22","purchased_purges":2,"victory":false,"max_hp_per_floor":[72,77,77,77,77,77,77,77,77,77,77,77,77,77,77,77,77,77,77,77,77,77,77,77,77,77],"card_choices":[{"not_picked":["Flying Knee","Prepared"],"picked":"Heel Hook","floor":1},{"not_picked":["Reflex","Poisoned Stab"],"picked":"Heel Hook","floor":4},{"not_picked":["Sucker Punch","Concentrate"],"picked":"Acrobatics","floor":7},{"not_picked":["PiercingWail","Dodge and Roll","Phantasmal Killer"],"picked":"SKIP","floor":10},{"not_picked":["Sucker Punch","Tactician"],"picked":"Noxious Fumes","floor":12},{"not_picked":["Wraith Form v2","Tools of the Trade"],"picked":"Glass Knife","floor":16},{"not_picked":["Dagger Spray","Tactician"],"picked":"Blade Dance","floor":18},{"not_picked":["Sucker Punch","Dagger Spray","Expertise"],"picked":"SKIP","floor":22},{"not_picked":["Tactician","Outmaneuver"],"picked":"Prepared+1","floor":23},{"not_picked":["Deadly Poison+1","Escape Plan"],"picked":"Accuracy","floor":24}],"player_experience":696995,"relics_obtained":[{"floor":7,"key":"Dead Branch"},{"floor":9,"key":"InkBottle"},{"floor":10,"key":"Snake Skull"},{"floor":21,"key":"Red Mask"},{"floor":23,"key":"Potion Belt"}],"event_choices":[{"damage_healed":0,"gold_gain":0,"player_choice":"Donut","damage_taken":0,"max_hp_gain":5,"max_hp_loss":0,"event_name":"Big Fish","floor":2,"gold_loss":0},{"damage_healed":0,"gold_gain":0,"player_choice":"Entered Light","damage_taken":23,"max_hp_gain":0,"max_hp_loss":0,"event_name":"Shining Light","floor":3,"gold_loss":0,"cards_upgraded":["Survivor","Strike_G"]},{"damage_healed":0,"gold_gain":30,"player_choice":"Searched \u00272\u0027 times","damage_taken":0,"relics_obtained":["CeramicFish"],"max_hp_gain":0,"max_hp_loss":0,"event_name":"Dead Adventurer","floor":14,"gold_loss":0},{"damage_healed":0,"gold_gain":0,"player_choice":"Opened","damage_taken":0,"relics_obtained":["Toy Ornithopter"],"max_hp_gain":0,"max_hp_loss":0,"event_name":"The Mausoleum","floor":19,"gold_loss":0,"cards_obtained":["Writhe"]},{"damage_healed":0,"gold_gain":0,"player_choice":"Fought Bandits","damage_taken":0,"max_hp_gain":0,"max_hp_loss":0,"event_name":"Masked Bandits","floor":21,"gold_loss":0}],"is_beta":false,"boss_relics":[{"not_picked":["Sozu","Busted Crown"],"picked":"Philosopher\u0027s Stone"}],"items_purged_floors":[5,20],"is_endless":false,"potions_floor_spawned":[4,7,18,21,24],"killed_by":"Sentry and Sphere","ascension_level":20}}