{"host":"f5gffvlv6a66yqkd","time":1611874386,"event":{"mods":["2.2 Compatiblity","BaseMod","Colored Map","Custom Start","DeckTracker","Keyboard Shortcuts","Minty Spire (QoL Compilation)","Permanent Neow","Quick Restart","Relic Stats","StSLib","SuperFastMode"],"gold_per_floor":[109,123,94,94,94,94,119,119,142,159,159,169,169,182,182,258,258,268,468,485,42,42,42],"floor_reached":22,"language":"KOR","playtime":375,"items_purged":["Strike_B"],"score":418,"play_id":"f1e5f693-db0f-4e0a-a171-d737b3b31c51","local_time":"20210129075306","is_ascension_mode":true,"campfire_choices":[{"data":"Zap","floor":6.0,"key":"SMITH"},{"data":"Dualcast","floor":8.0,"key":"SMITH"},{"data":"Barrage","floor":11.0,"key":"SMITH"},{"data":"Go for the Eyes","floor":13.0,"key":"SMITH"},{"data":"Redo","floor":15.0,"key":"SMITH"}],"circlet_count":0,"master_deck":["AscendersBane","Strike_B","Strike_B","Defend_B","Defend_B","Defend_B","Defend_B","Zap+1","Dualcast+1","Conserve Battery","Barrage+1","Go for the Eyes+1","Cold Snap","Glacier","Rebound","Redo+1","Biased Cognition","Loop","BootSequence"],"relics":["Cracked Core","NeowsBlessing","PreservedInsect","Bag of Preparation","Ancient Tea Set","Philosopher\u0027s Stone","Strawberry","Potion Belt"],"acts_visited":["Exordium","TheCity"],"potions_floor_usage":[],"damage_taken":[{"damage":0.0,"enemies":"Cultist","floor":1.0,"turns":1.0},{"damage":0.0,"enemies":"Small Slimes","floor":2.0,"turns":1.0},{"damage":0.0,"enemies":"Lagavulin","floor":7.0,"turns":1.0},{"damage":0.0,"enemies":"Jaw Worm","floor":10.0,"turns":3.0},{"damage":0.0,"enemies":"Looter","floor":12.0,"turns":2.0},{"damage":0.0,"enemies":"Lots of Slimes","floor":14.0,"turns":3.0},{"damage":34.0,"enemies":"The Guardian","floor":16.0,"turns":14.0},{"damage":30.0,"enemies":"3 Byrds","floor":18.0,"turns":5.0},{"damage":24.0,"enemies":"2 Thieves","floor":20.0,"turns":5.0},{"damage":29,"enemies":"3 Cultists","floor":22,"turns":5}],"seed_played":"8193082119691494591","potions_obtained":[{"floor":1.0,"key":"Energy Potion"},{"floor":7.0,"key":"Ancient Potion"},{"floor":20.0,"key":"Fruit Juice"}],"is_trial":false,"path_per_floor":["M","M","$","?","T","R","E","R","T","M","R","M","R","M","R","B",null,"M","?","M","$","M"],"character_chosen":"DEFECT","items_purchased":["Go for the Eyes","Strawberry","Potion Belt","Energy Potion"],"campfire_rested":0,"item_purchase_floors":[3,21,21,21],"current_hp_per_floor":[64,64,64,57,57,57,57,57,57,57,57,57,57,57,57,23,59,29,29,10,17,0,0],"gold":42,"neow_bonus":"THREE_ENEMY_KILL","is_daily":false,"chose_seed":false,"campfire_upgraded":5,"win_rate":0.0,"timestamp":1611874386,"path_taken":["M","?","$","?","?","R","E","R","T","M","R","M","R","M","R","BOSS","M","?","M","$","M"],"items_purchased_type":["Card","Relic","Relic","Potion"],"build_version":"2020-12-22","purchased_purges":1,"victory":false,"max_hp_per_floor":[71,71,71,71,71,71,71,71,71,71,71,71,71,71,71,71,71,71,71,76,83,83,83],"relic_stats":{"counters":[10,40],"PreservedInsect":0,"Bag of Preparation":[14],"obtain_stats":[{"Potion Belt":21,"NeowsBlessing":0,"Strawberry":21,"Philosopher\u0027s Stone":17,"PreservedInsect":5,"Bag of Preparation":7,"Cracked Core":0,"Ancient Tea Set":9},{"Potion Belt":9,"NeowsBlessing":0,"Strawberry":9,"Philosopher\u0027s Stone":7,"PreservedInsect":2,"Bag of Preparation":3,"Cracked Core":0,"Ancient Tea Set":3},{"Potion Belt":35,"NeowsBlessing":0,"Strawberry":35,"Philosopher\u0027s Stone":25,"PreservedInsect":2,"Bag of Preparation":3,"Cracked Core":0,"Ancient Tea Set":3}]},"card_choices":[{"not_picked":["Blizzard","Stack"],"picked":"Conserve Battery","floor":1.0},{"not_picked":["Conserve Battery","Sweeping Beam"],"picked":"Barrage","floor":2.0},{"not_picked":["Sunder","BootSequence"],"picked":"Cold Snap","floor":7.0},{"not_picked":["Skim","Ball Lightning"],"picked":"Glacier","floor":10.0},{"not_picked":["Heatsinks","Hologram"],"picked":"Rebound","floor":12.0},{"not_picked":["Hello World","Steam"],"picked":"Redo","floor":14.0},{"not_picked":["Hyperbeam","Buffer"],"picked":"Biased Cognition","floor":16.0},{"not_picked":["Hello World","Gash"],"picked":"Loop","floor":18.0},{"not_picked":["Scrape","Rebound"],"picked":"BootSequence","floor":20.0}],"player_experience":1627469,"relics_obtained":[{"floor":5.0,"key":"PreservedInsect"},{"floor":7.0,"key":"Bag of Preparation"},{"floor":9.0,"key":"Ancient Tea Set"}],"event_choices":[{"cards_removed":["Strike_B"],"damage_healed":0.0,"max_hp_gain":0.0,"max_hp_loss":0.0,"gold_gain":0.0,"event_name":"Golden Wing","player_choice":"Card Removal","floor":4.0,"gold_loss":0.0,"damage_taken":7.0},{"damage_healed":0.0,"max_hp_gain":0.0,"max_hp_loss":0.0,"gold_gain":200.0,"event_name":"Wheel of Change","player_choice":"Gold","floor":19.0,"gold_loss":0.0,"damage_taken":0.0}],"is_beta":false,"boss_relics":[{"not_picked":["Coffee Dripper","Velvet Choker"],"picked":"Philosopher\u0027s Stone"}],"items_purged_floors":[21],"is_endless":false,"potions_floor_spawned":[1,7,12,20],"killed_by":"3 Cultists","ascension_level":20}}