{"host":"ordk2y2ebcetabk6","time":1611865379,"event":{"mods":["AlwaysNeverKeys","Astrologer","Bard","BaseMod","Better Debug","Colored Map","Colored Powertips","Dark Map","Hermit","Highlight Path","Minty Spire (QoL Compilation)","Permanent Neow","Rare Cards Sparkle","Spire Arcade","StSLib","Sumireko Usami"],"gold_per_floor":[109,34,34,46,59,85,85,111,111,130,30,30,30,41,41,137,137,137,137,92,4,4,4,4,4,4,4,4,4,4,4,4,4,4],"floor_reached":33,"language":"ENG","playtime":2539,"items_purged":["sumireko:StrikeSeal","sumireko:StrikeSeal"],"score":277,"play_id":"25a403c1-872f-4822-8d83-16cc5faf354c","local_time":"20210128132259","is_ascension_mode":false,"campfire_choices":[{"data":"sumireko:FireburstSeal","floor":7.0,"key":"SMITH"},{"data":"sumireko:MalleableFire","floor":15,"key":"SMITH"},{"data":"sumireko:OccultSeal","floor":28,"key":"SMITH"},{"data":"Trip","floor":30,"key":"SMITH"},{"data":"sumireko:PsychokineticBurst","floor":32,"key":"SMITH"}],"circlet_count":0,"master_deck":["sumireko:DefenseSeal","sumireko:DefenseSeal","sumireko:DefenseSeal","sumireko:Wall","sumireko:OccultSeal+1","sumireko:PsychokineticBurst+1","sumireko:FireburstSeal+1","sumireko:Fling","sumireko:LuckyCharm","sumireko:MalleableFire+1","sumireko:HonedTalent+1","sumireko:ShockingSeal","Trip+1","sumireko:Cage","sumireko:Dowsing"],"relics":["sumireko:OccultBall","Bag of Preparation","Frozen Egg 2","Vajra","Ectoplasm","Sundial","Regal Pillow"],"acts_visited":["Exordium","TheCity"],"potions_floor_usage":[20,33],"damage_taken":[{"damage":0.0,"enemies":"2 Louse","floor":1.0,"turns":3.0},{"damage":0.0,"enemies":"Small Slimes","floor":4.0,"turns":2.0},{"damage":0.0,"enemies":"Cultist","floor":5.0,"turns":2.0},{"damage":2.0,"enemies":"3 Sentries","floor":6.0,"turns":6.0},{"damage":9.0,"enemies":"Lagavulin","floor":8.0,"turns":4.0},{"damage":2,"enemies":"3 Louse","floor":10,"turns":2},{"damage":0,"enemies":"2 Fungi Beasts","floor":14,"turns":2},{"damage":6,"enemies":"Slime Boss","floor":16,"turns":6},{"damage":0,"enemies":"Spheric Guardian","floor":18,"turns":1},{"damage":4,"enemies":"2 Thieves","floor":20,"turns":3},{"damage":2,"enemies":"Book of Stabbing","floor":23,"turns":2},{"damage":0,"enemies":"Snecko","floor":24,"turns":1},{"damage":15,"enemies":"Shelled Parasite and Fungi","floor":25,"turns":4},{"damage":0,"enemies":"Centurion and Healer","floor":29,"turns":1},{"damage":1,"enemies":"Snake Plant","floor":31,"turns":2},{"damage":0,"enemies":"Champ","floor":33,"turns":2}],"seed_played":"-5780828452644594326","potions_obtained":[{"floor":4.0,"key":"EntropicBrew"},{"floor":6.0,"key":"GamblersBrew"},{"floor":10,"key":"Ancient Potion"},{"floor":20,"key":"Explosive Potion"}],"is_trial":false,"path_per_floor":["M","$","?","M","M","E","R","E","T","M","$","?","?","M","R","B",null,"M","?","M","$","?","E","M","M","T","?","R","M","R","M","R","B"],"character_chosen":"SUMIREKO","items_purchased":["Trip"],"campfire_rested":0,"item_purchase_floors":[21],"current_hp_per_floor":[70,70,63,63,63,61,61,52,52,50,50,50,50,50,50,44,70,70,70,66,66,66,64,64,49,49,49,49,49,49,48,48,48,48],"gold":4,"neow_bonus":"RANDOM_COMMON_RELIC","is_daily":false,"chose_seed":false,"campfire_upgraded":5,"win_rate":0.0,"timestamp":1611865379,"path_taken":["M","$","?","M","M","E","R","E","T","M","$","?","?","?","R","BOSS","M","?","M","$","?","E","M","M","T","?","R","?","R","M","R","BOSS"],"items_purchased_type":["Card"],"build_version":"2020-12-22","purchased_purges":2,"victory":false,"max_hp_per_floor":[70,70,70,70,70,70,70,70,70,70,70,70,70,70,70,70,70,70,70,70,70,70,70,70,70,70,70,70,70,70,70,70,70,70],"card_choices":[{"not_picked":["sumireko:InsightSeal","sumireko:EmptySeal"],"picked":"sumireko:FireburstSeal","floor":1.0},{"not_picked":["sumireko:Sight","sumireko:Repel"],"picked":"sumireko:Fling","floor":4.0},{"not_picked":["sumireko:RestrainingSeal","sumireko:PerfectMemory","sumireko:Fragment"],"picked":"SKIP","floor":5.0},{"not_picked":["sumireko:Lull","sumireko:InsightSeal"],"picked":"sumireko:LuckyCharm","floor":6.0},{"not_picked":["sumireko:Crush","sumireko:Telephotography"],"picked":"sumireko:MalleableFire","floor":8.0},{"not_picked":["sumireko:Liberator","sumireko:Possession"],"picked":"sumireko:HonedTalent+1","floor":10},{"not_picked":["sumireko:PerfectParadox+1","sumireko:MassSeal","sumireko:CardTrick"],"picked":"SKIP","floor":14},{"not_picked":["sumireko:DeepDream","sumireko:MalleableFire"],"picked":"sumireko:ShockingSeal","floor":16},{"not_picked":["sumireko:Lull+1","sumireko:RuleCancel","sumireko:DeflectionSeal"],"picked":"SKIP","floor":18},{"not_picked":["sumireko:Clairvoyance","sumireko:Gravity+1","sumireko:Fling"],"picked":"SKIP","floor":20},{"not_picked":["sumireko:PerfectMemory","sumireko:Liberator","sumireko:Sight"],"picked":"SKIP","floor":23},{"not_picked":["sumireko:TelephonePole","sumireko:Liberator+1","sumireko:Metaphysics+1"],"picked":"SKIP","floor":24},{"not_picked":["sumireko:Sight","sumireko:Rite"],"picked":"sumireko:Cage","floor":25},{"not_picked":["sumireko:PerfectParadox+1","sumireko:FrostSeal"],"picked":"sumireko:Dowsing","floor":29},{"not_picked":["sumireko:DeepDream","sumireko:Forcefield","sumireko:EchoSeal+1"],"picked":"SKIP","floor":31}],"player_experience":1066636,"relics_obtained":[{"floor":6.0,"key":"Frozen Egg 2"},{"floor":8.0,"key":"Vajra"},{"floor":23,"key":"Sundial"},{"floor":26,"key":"Regal Pillow"}],"event_choices":[{"cards_removed":["sumireko:StrikeSeal"],"damage_healed":0.0,"max_hp_gain":0.0,"max_hp_loss":0.0,"gold_gain":0.0,"event_name":"Golden Wing","player_choice":"Card Removal","floor":3.0,"gold_loss":0.0,"damage_taken":7.0},{"cards_removed":["sumireko:StrikeSeal"],"damage_healed":0,"gold_gain":0,"player_choice":"Forget","damage_taken":0,"max_hp_gain":0,"max_hp_loss":0,"event_name":"Living Wall","floor":12,"gold_loss":0},{"cards_removed":["sumireko:Wall"],"damage_healed":0,"gold_gain":0,"player_choice":"Offered Basic","damage_taken":0,"max_hp_gain":0,"max_hp_loss":0,"event_name":"Bonfire Elementals","floor":13,"gold_loss":0},{"damage_healed":23,"gold_gain":0,"player_choice":"Heal","damage_taken":0,"max_hp_gain":0,"max_hp_loss":0,"event_name":"The Library","floor":19,"gold_loss":0},{"damage_healed":0,"gold_gain":0,"player_choice":"Ignored","damage_taken":0,"max_hp_gain":0,"max_hp_loss":0,"event_name":"The Mausoleum","floor":22,"gold_loss":0},{"damage_healed":0,"gold_gain":0,"player_choice":"Ignored","damage_taken":0,"max_hp_gain":0,"max_hp_loss":0,"event_name":"NoteForYourself","floor":27,"gold_loss":0}],"is_beta":false,"boss_relics":[{"not_picked":["Black Star","Calling Bell"],"picked":"Ectoplasm"}],"items_purged_floors":[2,11],"is_endless":false,"potions_floor_spawned":[4,6,10,14,16,18,20,23,25,31],"killed_by":"Champ","ascension_level":0}}