{"host":"qxeepl7ydvsgmfdb","time":1611846951,"event":{"mods":["AchievementEnabler","BaseMod","Colored Powertips","Minty Spire (QoL Compilation)","Quick Restart","slay the spire mod where everything is the same but ironclad has a cowboy hat"],"gold_per_floor":[115,7,182,182,192,220,240,240,240,274,274,285,311,327,327,425,425,408,408,408,190,35,35,47,73,121,121,49,83,98,109,109,109,109],"floor_reached":33,"language":"ENG","playtime":1029,"items_purged":["Strike_G","Strike_G"],"score":378,"play_id":"9208777e-e354-4638-8878-263fcab73bb3","local_time":"20210128101551","is_ascension_mode":false,"campfire_choices":[{"floor":8.0,"key":"RECALL"},{"data":"Noxious Fumes","floor":11.0,"key":"SMITH"},{"data":"Distraction","floor":15.0,"key":"SMITH"},{"data":"After Image","floor":23.0,"key":"SMITH"},{"floor":32.0,"key":"REST"}],"circlet_count":0,"master_deck":["Strike_G","Strike_G","Strike_G","Defend_G","Defend_G","Defend_G","Defend_G","Defend_G","Survivor","Neutralize","PiercingWail","Noxious Fumes+1","All Out Attack","Blade Dance","Slice","Distraction+1","Blade Dance","Poisoned Stab","Die Die Die","After Image+1","Deadly Poison","Blade Dance","Noxious Fumes","Deadly Poison","Blade Dance+1","Accuracy"],"relics":["Ring of the Snake","NeowsBlessing","Paper Crane","Singing Bowl","Smiling Mask","Black Star","MutagenicStrength","Snake Skull","Regal Pillow","Bag of Marbles","Tiny Chest","Blue Candle","Toy Ornithopter","Happy Flower"],"acts_visited":["Exordium","TheCity"],"potions_floor_usage":[33],"damage_taken":[{"damage":0.0,"enemies":"Jaw Worm","floor":1.0,"turns":1.0},{"damage":0.0,"enemies":"Small Slimes","floor":5.0,"turns":1.0},{"damage":0.0,"enemies":"3 Sentries","floor":6.0,"turns":1.0},{"damage":0.0,"enemies":"2 Louse","floor":7.0,"turns":1.0},{"damage":13.0,"enemies":"Lagavulin","floor":10.0,"turns":5.0},{"damage":0.0,"enemies":"2 Fungi Beasts","floor":12.0,"turns":2.0},{"damage":2.0,"enemies":"Gremlin Nob","floor":13.0,"turns":3.0},{"damage":10.0,"enemies":"Exordium Wildlife","floor":14.0,"turns":3.0},{"damage":30.0,"enemies":"Slime Boss","floor":16.0,"turns":7.0},{"damage":8.0,"enemies":"2 Thieves","floor":18.0,"turns":4.0},{"damage":5.0,"enemies":"Shell Parasite","floor":24.0,"turns":4.0},{"damage":22.0,"enemies":"Gremlin Leader","floor":25.0,"turns":5.0},{"damage":11.0,"enemies":"Slavers","floor":29.0,"turns":4.0},{"damage":10.0,"enemies":"Shelled Parasite and Fungi","floor":30.0,"turns":5.0},{"damage":9.0,"enemies":"Snake Plant","floor":31.0,"turns":3.0},{"damage":57,"enemies":"Automaton","floor":33,"turns":6}],"seed_played":"-389419413580832350","potions_obtained":[{"floor":5.0,"key":"Strength Potion"},{"floor":10.0,"key":"BlessingOfTheForge"},{"floor":12.0,"key":"FearPotion"},{"floor":13.0,"key":"Block Potion"},{"floor":14.0,"key":"GamblersBrew"},{"floor":24.0,"key":"FearPotion"},{"floor":25.0,"key":"SkillPotion"},{"floor":29.0,"key":"Poison Potion"},{"floor":31.0,"key":"FearPotion"}],"is_trial":false,"path_per_floor":["M","$","?","?","M","E","M","R","T","E","R","M","E","M","R","B",null,"M","?","?","$","$","R","M","E","T","T","$","E","M","M","R","B"],"character_chosen":"THE_SILENT","items_purchased":["Noxious Fumes","All Out Attack","Snake Skull","Deadly Poison","Blade Dance","Noxious Fumes","Accuracy"],"campfire_rested":1,"item_purchase_floors":[2,2,21,21,22,22,28],"current_hp_per_floor":[70,70,70,63,63,63,63,63,63,50,50,50,48,40,40,10,72,66,52,52,52,52,52,47,25,25,25,25,16,8,6,46,0,0],"gold":109,"neow_bonus":"THREE_ENEMY_KILL","is_daily":false,"chose_seed":false,"campfire_upgraded":3,"win_rate":0.0,"timestamp":1611846951,"path_taken":["M","$","?","?","M","E","M","R","T","E","R","M","E","M","R","BOSS","M","?","?","?","$","R","M","E","T","?","$","E","?","M","R","BOSS"],"items_purchased_type":["Card","Card","Relic","Card","Card","Card","Card"],"build_version":"2020-12-22","purchased_purges":2,"victory":false,"max_hp_per_floor":[70,70,70,70,70,70,70,70,70,70,70,70,70,72,72,72,72,74,79,79,79,79,79,79,79,79,79,79,81,83,85,85,85,85],"card_choices":[{"not_picked":["Prepared","Bane"],"picked":"PiercingWail","floor":1.0},{"not_picked":["Skewer","All Out Attack"],"picked":"Blade Dance","floor":5.0},{"not_picked":["Acrobatics","Tactician"],"picked":"Slice","floor":6.0},{"not_picked":["Flying Knee","Expertise"],"picked":"Distraction","floor":7.0},{"not_picked":["Grand Finale","Dagger Spray"],"picked":"Blade Dance","floor":10.0},{"not_picked":["Distraction","Deflect"],"picked":"Poisoned Stab","floor":12.0},{"not_picked":["Choke","Underhanded Strike"],"picked":"Die Die Die","floor":13.0},{"not_picked":["Prepared","Cloak And Dagger","Skewer"],"picked":"Singing Bowl","floor":14.0},{"not_picked":["Storm of Steel","Envenom"],"picked":"After Image","floor":16.0},{"not_picked":["Skewer","Dagger Throw","Outmaneuver"],"picked":"Singing Bowl","floor":18.0},{"not_picked":["Slice+1","Underhanded Strike+1"],"picked":"Deadly Poison","floor":24.0},{"not_picked":["Flying Knee","Caltrops"],"picked":"Blade Dance+1","floor":25.0},{"not_picked":["Tools of the Trade","Dagger Throw+1","Reflex+1"],"picked":"Singing Bowl","floor":29.0},{"not_picked":["Eviscerate+1","Deadly Poison","Acrobatics"],"picked":"Singing Bowl","floor":30.0},{"not_picked":["Blade Dance","Slice","Dodge and Roll"],"picked":"Singing Bowl","floor":31.0}],"player_experience":247929,"relics_obtained":[{"floor":6.0,"key":"Paper Crane"},{"floor":10.0,"key":"Singing Bowl"},{"floor":13.0,"key":"Smiling Mask"},{"floor":25.0,"key":"Regal Pillow"},{"floor":25.0,"key":"Bag of Marbles"},{"floor":26.0,"key":"Tiny Chest"},{"floor":27.0,"key":"Blue Candle"},{"floor":29.0,"key":"Toy Ornithopter"},{"floor":29.0,"key":"Happy Flower"}],"event_choices":[{"damage_healed":0.0,"max_hp_gain":0.0,"max_hp_loss":0.0,"gold_gain":175.0,"event_name":"Liars Game","player_choice":"AGREE","floor":3.0,"gold_loss":0.0,"damage_taken":0.0,"cards_obtained":["Doubt"]},{"cards_removed":["Doubt"],"damage_healed":0.0,"max_hp_gain":0.0,"max_hp_loss":0.0,"gold_gain":0.0,"event_name":"Golden Wing","player_choice":"Card Removal","floor":4.0,"gold_loss":0.0,"damage_taken":7.0},{"damage_healed":0.0,"max_hp_gain":5.0,"max_hp_loss":0.0,"gold_gain":0.0,"event_name":"Forgotten Altar","player_choice":"Shed Blood","floor":19.0,"gold_loss":0.0,"damage_taken":19.0},{"damage_healed":0.0,"max_hp_gain":0.0,"max_hp_loss":0.0,"gold_gain":0.0,"event_name":"Drug Dealer","player_choice":"Inject Mutagens","floor":20.0,"gold_loss":0.0,"damage_taken":0.0,"relics_obtained":["MutagenicStrength"]}],"is_beta":false,"boss_relics":[{"not_picked":["Ectoplasm","HoveringKite"],"picked":"Black Star"}],"items_purged_floors":[21,22],"is_endless":false,"potions_floor_spawned":[5,10,12,13,14,24,25,29,31],"killed_by":"Automaton","ascension_level":0}}