{"host":"a3oe3gstxz77c7qu","time":1611858522,"event":{"mods":["2.2 Compatiblity","Act Like it!","Astrologer","BaseMod","Bestiary","Better Altar","Better Match","Better Note","Better Skull","Better Third Choice","Block Reminder","Curses Come First","Custom Start","Dark Map","Downfall","Fox Events","Friendly Minions","GifTheSpireLib","Hallownest","Hermit","Jorbs\u0027s Wanderer Trilogy","Lobotomy","LobotomyExtend","Marisa????????","Minty Spire (QoL Compilation)","Permanent Neow","Quick Restart","Relic Stats","Spire Arcade","StSLib","The Bug Knight","The Cursed","The Disciple","The Jungle","Uncapped","Unknown Chances","Wandering Minibosses"],"gold_per_floor":[99,110,110,129,145,173,173,184,197,231,131,166,66,66,83,83,83,83],"floor_reached":16,"language":"ENG","playtime":1376,"items_purged":[],"score":146,"play_id":"0b1d0dd7-07fe-465f-95da-d49a4b646673","local_time":"20210128182842","is_ascension_mode":true,"campfire_choices":[{"floor":1,"key":"RECALL"},{"floor":11,"key":"REST"},{"data":"sneckomod:PureSnecko","floor":13,"key":"SMITH"}],"circlet_count":0,"master_deck":["sneckomod:Strike","sneckomod:Strike","sneckomod:Defend","sneckomod:Defend","sneckomod:Defend","sneckomod:TailWhip","sneckomod:SnekBite","sneckomod:Unknown","sneckomod:Unknown","sneckomod:UnknownCommonAttack","sneckomod:PureSnecko+1","sneckomod:UnknownDexterity","sneckomod:ImprovisedGuard","sneckomod:UnknownWeak","sneckomod:UnknownDexterity"],"relics":["sneckomod:SneckoSoul","Pear","Darkstone Periapt","Unceasing Top","downfall:HeartBlessingRed","Letter Opener","downfall:HeartBlessingGreen","HollowMod:StagPassRelic"],"acts_visited":["Exordium"],"potions_floor_usage":[10,15,16],"damage_taken":[{"damage":10,"enemies":"Small Slimes","floor":2,"turns":4},{"damage":2,"enemies":"Jaw Worm","floor":4,"turns":3},{"damage":1,"enemies":"Cultist","floor":5,"turns":3},{"damage":25,"enemies":"3 Sentries","floor":6,"turns":12},{"damage":10,"enemies":"Blue Slaver","floor":8,"turns":5},{"damage":14,"enemies":"Red Slaver","floor":9,"turns":4},{"damage":28,"enemies":"Gremlin Nob","floor":10,"turns":5},{"damage":6,"enemies":"3 Sentries","floor":12,"turns":5},{"damage":21,"enemies":"Exordium Wildlife","floor":15,"turns":5},{"damage":39,"enemies":"IC_STATUS_ARCHETYPE","floor":16,"turns":8}],"seed_played":"4933525580901021012","potions_obtained":[{"floor":2,"key":"Swift Potion"},{"floor":8,"key":"sneckomod:DiceRollPotion"},{"floor":9,"key":"sneckomod:MuddlingPotion"},{"floor":10,"key":"LiquidBronze"},{"floor":15,"key":"Dexterity Potion"}],"is_trial":false,"path_per_floor":["R","M","?","M","M","E","T","M","M","E","R","E","R","T","M","B"],"character_chosen":"THE_SNECKO","items_purchased":[],"campfire_rested":1,"item_purchase_floors":[],"current_hp_per_floor":[90,80,88,86,85,70,70,60,46,18,48,42,42,42,21,0,0,0],"gold":83,"neow_bonus":"REMOVE_CARD","is_daily":false,"chose_seed":false,"campfire_upgraded":1,"win_rate":0.0,"timestamp":1611858522,"path_taken":["R","M","?","M","M","E","T","M","M","E","R","E","R","?","M","BOSS"],"items_purchased_type":[],"build_version":"2020-12-22","purchased_purges":0,"victory":false,"max_hp_per_floor":[90,90,90,90,90,100,100,100,100,100,100,100,100,100,100,100,100,100],"relic_stats":{"Darkstone Periapt":0,"counters":[10,54],"Letter Opener":[22],"obtain_stats":[{"Darkstone Periapt":7,"Pear":6,"downfall:HeartBlessingRed":11,"downfall:HeartBlessingGreen":13,"Letter Opener":12,"sneckomod:SneckoSoul":0,"HollowMod:StagPassRelic":14,"Unceasing Top":10},{"Darkstone Periapt":4,"Pear":4,"downfall:HeartBlessingRed":7,"downfall:HeartBlessingGreen":8,"Letter Opener":8,"sneckomod:SneckoSoul":0,"HollowMod:StagPassRelic":8,"Unceasing Top":7},{"Darkstone Periapt":22,"Pear":22,"downfall:HeartBlessingRed":36,"downfall:HeartBlessingGreen":41,"Letter Opener":41,"sneckomod:SneckoSoul":0,"HollowMod:StagPassRelic":41,"Unceasing Top":36}],"Unceasing Top":[1]},"card_choices":[{"not_picked":["sneckomod:Unknown1Cost","sneckomod:Nope"],"picked":"sneckomod:UnknownCommonAttack","floor":2},{"not_picked":["sneckomod:UnknownCommonAttack","sneckomod:SlitherStrike"],"picked":"sneckomod:PureSnecko","floor":4},{"not_picked":["sneckomod:QuickMove","sneckomod:DiceBlock","sneckomod:MixItUp"],"picked":"SKIP","floor":5},{"not_picked":["sneckomod:Unknown1Cost","sneckomod:DiceCrush","sneckomod:UnknownCommonAttack"],"picked":"SKIP","floor":6},{"not_picked":["sneckomod:SoulDraw","sneckomod:Unknown3Cost"],"picked":"sneckomod:UnknownDexterity","floor":8},{"not_picked":["sneckomod:WideSting","sneckomod:SoulDraw"],"picked":"sneckomod:ImprovisedGuard","floor":9},{"not_picked":["sneckomod:UnknownDraw","sneckomod:MixItUp"],"picked":"sneckomod:UnknownWeak","floor":10},{"not_picked":["sneckomod:UnknownDraw","sneckomod:DiceCrush","sneckomod:ImprovisedAttack"],"picked":"SKIP","floor":12},{"not_picked":["sneckomod:UnknownDraw","sneckomod:RainOfDice"],"picked":"sneckomod:UnknownDexterity","floor":15}],"player_experience":1106113,"relics_obtained":[{"floor":6,"key":"Pear"},{"floor":7,"key":"Darkstone Periapt"},{"floor":10,"key":"Unceasing Top"},{"floor":12,"key":"Letter Opener"},{"floor":14,"key":"HollowMod:StagPassRelic"}],"event_choices":[],"is_beta":false,"boss_relics":[],"items_purged_floors":[],"is_endless":false,"potions_floor_spawned":[2,8,9,10,15],"killed_by":"IC_STATUS_ARCHETYPE","ascension_level":4}}