{"host":"l5zfpd2l2htson6l","time":1611849268,"event":{"mods":["AchievementEnabler","BaseMod","Colored Map","Colored Powertips","Minty Spire (QoL Compilation)","Permanent Neow","Quick Restart","Rare Cards Sparkle","Relic Stats","SuperFastMode"],"gold_per_floor":[116,126,137,154,168,168,198,198,198,236,251,280,299,299,299,299,299],"floor_reached":16,"language":"ENG","playtime":1002,"items_purged":[],"score":192,"play_id":"424628ce-59ab-4544-b55c-5c6ffcc6a381","local_time":"20210128075428","is_ascension_mode":true,"campfire_choices":[{"data":"Perfected Strike","floor":6.0,"key":"SMITH"},{"floor":8.0,"key":"REST"},{"data":"Bash","floor":15.0,"key":"SMITH"}],"circlet_count":0,"master_deck":["AscendersBane","Strike_R","Strike_R","Strike_R","Strike_R","Strike_R","Defend_R","Defend_R","Defend_R","Defend_R","Bash+1","Iron Wave","Dropkick","Spot Weakness","Perfected Strike+1","Limit Break","Immolate+1"],"relics":["Burning Blood","Boot","CeramicFish","Ancient Tea Set"],"acts_visited":["Exordium"],"potions_floor_usage":[],"damage_taken":[{"damage":23.0,"enemies":"Cultist","floor":1.0,"turns":6.0},{"damage":12.0,"enemies":"Jaw Worm","floor":2.0,"turns":4.0},{"damage":5.0,"enemies":"Small Slimes","floor":3.0,"turns":5.0},{"damage":17.0,"enemies":"Exordium Wildlife","floor":4.0,"turns":4.0},{"damage":7.0,"enemies":"Looter","floor":5.0,"turns":3.0},{"damage":15.0,"enemies":"Lagavulin","floor":7.0,"turns":6.0},{"damage":20.0,"enemies":"3 Sentries","floor":10.0,"turns":8.0},{"damage":6.0,"enemies":"2 Fungi Beasts","floor":11.0,"turns":2.0},{"damage":25.0,"enemies":"Lagavulin","floor":12.0,"turns":6.0},{"damage":11.0,"enemies":"Blue Slaver","floor":13.0,"turns":4.0},{"damage":25,"enemies":"Slime Boss","floor":16,"turns":6}],"seed_played":"-6443158281927821393","potions_obtained":[{"floor":0.0,"key":"AttackPotion"},{"floor":0.0,"key":"SneckoOil"},{"floor":5.0,"key":"Swift Potion"},{"floor":7.0,"key":"Fire Potion"},{"floor":12.0,"key":"Dexterity Potion"}],"is_trial":false,"path_per_floor":["M","M","M","M","M","R","E","R","T","E","M","E","M","?","R","B"],"character_chosen":"IRONCLAD","items_purchased":[],"campfire_rested":1,"item_purchase_floors":[],"current_hp_per_floor":[55,49,50,39,38,38,29,53,53,39,39,20,15,15,15,0,0],"gold":299,"neow_bonus":"THREE_SMALL_POTIONS","is_daily":false,"chose_seed":false,"campfire_upgraded":2,"win_rate":0.0,"timestamp":1611849268,"path_taken":["M","M","?","M","M","R","E","R","T","E","M","E","M","?","R","BOSS"],"items_purchased_type":[],"build_version":"2020-12-22","purchased_purges":0,"victory":false,"max_hp_per_floor":[80,80,80,80,80,80,80,80,80,80,80,80,80,80,80,80,80],"relic_stats":{"counters":[11,54],"CeramicFish":9,"Boot":[0],"obtain_stats":[{"CeramicFish":9,"Boot":7,"Ancient Tea Set":10,"Burning Blood":0},{"CeramicFish":6,"Boot":6,"Ancient Tea Set":7,"Burning Blood":0},{"CeramicFish":28,"Boot":28,"Ancient Tea Set":36,"Burning Blood":0}],"Burning Blood":60},"card_choices":[{"not_picked":["Sever Soul","Shrug It Off"],"picked":"Iron Wave","floor":1.0},{"not_picked":["Dark Embrace","Heavy Blade"],"picked":"Dropkick","floor":2.0},{"not_picked":["Thunderclap","Havoc"],"picked":"Spot Weakness","floor":3.0},{"not_picked":["Flex","Rage"],"picked":"Perfected Strike","floor":4.0},{"not_picked":["Entrench","Flex","Perfected Strike"],"picked":"SKIP","floor":5.0},{"not_picked":["Bloodletting","Entrench"],"picked":"Limit Break","floor":7.0},{"not_picked":["Perfected Strike","Twin Strike"],"picked":"Immolate","floor":10.0},{"not_picked":["Sword Boomerang","Body Slam","Second Wind"],"picked":"SKIP","floor":11.0},{"not_picked":["Perfected Strike","Shockwave","True Grit"],"picked":"SKIP","floor":12.0},{"not_picked":["Searing Blow","Warcry","Body Slam"],"picked":"SKIP","floor":13.0}],"player_experience":752112,"relics_obtained":[{"floor":7.0,"key":"Boot"},{"floor":9.0,"key":"CeramicFish"},{"floor":10.0,"key":"Ancient Tea Set"}],"event_choices":[{"damage_healed":0.0,"max_hp_gain":0.0,"max_hp_loss":0.0,"gold_gain":0.0,"event_name":"Living Wall","player_choice":"Grow","floor":14.0,"gold_loss":0.0,"damage_taken":0.0,"cards_upgraded":["Immolate"]}],"is_beta":false,"boss_relics":[],"items_purged_floors":[],"is_endless":false,"potions_floor_spawned":[2,5,7,12],"killed_by":"Slime Boss","ascension_level":11}}