{"host":"h3h5j8lwiwd519yy","time":1611873635,"event":{"mods":["2.2 Compatiblity","AchievementEnabler","BaseMod","Better Third Choice","Block Reminder","Colored Map","Colored Powertips","Curses Come First","Highlight Path","Minty Spire (QoL Compilation)","Quick Restart","Rare Cards Sparkle","Relic Stats","StSLib","Synergy Search"],"gold_per_floor":[219,239,253,63,77,77,97,129,129,129,129,129,15,26,26,123,123,135,145,192,192,192,192,211,211,211,211,225,16,31,47,47,145,145,158,29,48,48,48,48],"floor_reached":39,"language":"ENG","playtime":1945,"items_purged":["Strike_B"],"score":594,"play_id":"4b066597-e318-47ea-9279-caa6b13e46d4","local_time":"20210128204035","is_ascension_mode":true,"campfire_choices":[{"data":"Coolheaded","floor":6.0,"key":"SMITH"},{"floor":12.0,"key":"REST"},{"floor":15.0,"key":"REST"},{"floor":23,"key":"REST"},{"floor":25,"key":"REST"},{"data":"Buffer","floor":27,"key":"SMITH"},{"data":"Seek","floor":32,"key":"SMITH"}],"circlet_count":0,"master_deck":["AscendersBane","Strike_B","Strike_B","Defend_B","Defend_B","Defend_B","Zap","Dualcast","Go for the Eyes","Coolheaded+1","Stack","Capacitor","Steam","Barrage+1","Buffer+1","Chill","Seek+1","Seek","Double Energy","Barrage","Self Repair","Self Repair","Creative AI","Steam","Turbo","Double Energy","Beam Cell+1"],"relics":["Cracked Core","Membership Card","Pen Nib","Pocketwatch","Busted Crown","Anchor","Ornamental Fan","Happy Flower","Tiny Chest","Black Star","Runic Capacitor"],"acts_visited":["TheCity","TheBeyond"],"potions_floor_usage":[24,33,33,35,39],"damage_taken":[{"damage":1.0,"enemies":"Cultist","floor":1.0,"turns":3.0},{"damage":12.0,"enemies":"Small Slimes","floor":2.0,"turns":3.0},{"damage":0.0,"enemies":"2 Louse","floor":3.0,"turns":3.0},{"damage":8.0,"enemies":"Exordium Wildlife","floor":5.0,"turns":5.0},{"damage":13.0,"enemies":"2 Fungi Beasts","floor":7.0,"turns":4.0},{"damage":12.0,"enemies":"Lagavulin","floor":8.0,"turns":10.0},{"damage":27.0,"enemies":"Gremlin Gang","floor":14.0,"turns":5.0},{"damage":24.0,"enemies":"Slime Boss","floor":16.0,"turns":12.0},{"damage":26,"enemies":"Spheric Guardian","floor":18,"turns":8},{"damage":5,"enemies":"Shell Parasite","floor":19,"turns":6},{"damage":0,"enemies":"3 Cultists","floor":24,"turns":5},{"damage":0,"enemies":"Chosen and Byrds","floor":28,"turns":7},{"damage":0,"enemies":"Cultist and Chosen","floor":30,"turns":7},{"damage":19,"enemies":"Snake Plant","floor":31,"turns":5},{"damage":37,"enemies":"Collector","floor":33,"turns":13},{"damage":12,"enemies":"3 Darklings","floor":35,"turns":7},{"damage":35,"enemies":"3 Shapes","floor":37,"turns":7},{"damage":42,"enemies":"Jaw Worm Horde","floor":39,"turns":6}],"seed_played":"7695044220125064255","potions_obtained":[{"floor":3.0,"key":"Weak Potion"},{"floor":7.0,"key":"LiquidMemories"},{"floor":8.0,"key":"BlessingOfTheForge"},{"floor":16.0,"key":"LiquidMemories"},{"floor":19,"key":"FocusPotion"},{"floor":24,"key":"EssenceOfSteel"},{"floor":30,"key":"SteroidPotion"},{"floor":33,"key":"Block Potion"},{"floor":37,"key":"LiquidMemories"}],"is_trial":false,"path_per_floor":["M","M","M","$","M","R","M","E","T","?","?","R","$","M","R","B",null,"M","M","T","?","?","R","M","R","T","R","M","$","M","M","R","B",null,"M","$","M","?","M"],"character_chosen":"DEFECT","items_purchased":["Membership Card","Capacitor","Buffer","Happy Flower","Tiny Chest","Double Energy","Barrage","Turbo","Runic Capacitor","Double Energy"],"campfire_rested":4,"item_purchase_floors":[4,4,13,29,29,29,29,36,36,36],"current_hp_per_floor":[67,55,55,55,47,47,34,22,22,15,15,37,37,10,32,8,58,32,27,27,27,27,49,49,71,71,71,71,71,71,59,59,36,65,60,60,39,39,0,0],"gold":48,"neow_bonus":"HUNDRED_GOLD","is_daily":false,"chose_seed":false,"campfire_upgraded":3,"win_rate":0.0,"timestamp":1611873635,"path_taken":["M","M","?","$","M","R","M","E","T","?","?","R","$","M","R","BOSS","M","M","?","?","?","R","M","R","T","R","?","$","M","M","R","BOSS","M","$","M","?","M"],"items_purchased_type":["Relic","Card","Card","Relic","Relic","Card","Card","Card","Relic","Card"],"build_version":"2020-12-22","purchased_purges":1,"victory":false,"max_hp_per_floor":[75,75,75,75,75,75,75,75,75,75,75,75,75,75,75,75,75,75,75,75,75,75,75,75,75,75,75,75,75,75,75,75,75,75,75,75,75,75,75,75],"relic_stats":{"Busted Crown":18,"Happy Flower":[15],"counters":[18,116],"Ornamental Fan":[28],"Tiny Chest":0,"Pen Nib":[12],"Black Star":0,"obtain_stats":[{"Anchor":20,"Busted Crown":17,"Happy Flower":29,"Ornamental Fan":26,"Tiny Chest":29,"Pen Nib":8,"Black Star":34,"Runic Capacitor":36,"Membership Card":4,"Cracked Core":0,"Pocketwatch":9},{"Anchor":10,"Busted Crown":8,"Happy Flower":12,"Ornamental Fan":11,"Tiny Chest":12,"Pen Nib":6,"Black Star":15,"Runic Capacitor":16,"Membership Card":3,"Cracked Core":0,"Pocketwatch":6},{"Anchor":59,"Busted Crown":45,"Happy Flower":71,"Ornamental Fan":64,"Tiny Chest":71,"Pen Nib":28,"Black Star":96,"Runic Capacitor":103,"Membership Card":9,"Cracked Core":0,"Pocketwatch":28}],"Pocketwatch":[63]},"card_choices":[{"not_picked":["Melter","Chaos"],"picked":"Go for the Eyes","floor":1.0},{"not_picked":["Rebound","Cold Snap"],"picked":"Coolheaded","floor":2.0},{"not_picked":["Rebound","Turbo"],"picked":"Stack","floor":3.0},{"not_picked":["Fusion","Aggregate","Tempest"],"picked":"SKIP","floor":5.0},{"not_picked":["Defragment","Sweeping Beam"],"picked":"Steam","floor":7.0},{"not_picked":["Beam Cell","Tempest"],"picked":"Barrage","floor":8.0},{"not_picked":["Force Field","Hologram"],"picked":"Chill","floor":14.0},{"not_picked":["Creative AI","Reboot"],"picked":"Seek","floor":16.0},{"not_picked":["Compile Driver"],"picked":"SKIP","floor":18},{"not_picked":["Compile Driver+1"],"picked":"SKIP","floor":19},{"not_picked":["Blizzard"],"picked":"SKIP","floor":24},{"not_picked":["Gash"],"picked":"SKIP","floor":28},{"not_picked":[],"picked":"Self Repair","floor":30},{"not_picked":[],"picked":"Self Repair","floor":31},{"not_picked":[],"picked":"Creative AI","floor":33},{"not_picked":[],"picked":"Steam","floor":35},{"not_picked":[],"picked":"Beam Cell+1","floor":37}],"player_experience":974140,"relics_obtained":[{"floor":8.0,"key":"Pen Nib"},{"floor":9.0,"key":"Pocketwatch"},{"floor":20,"key":"Anchor"},{"floor":26,"key":"Ornamental Fan"}],"event_choices":[{"cards_removed":["Strike_B"],"damage_healed":0.0,"max_hp_gain":0.0,"max_hp_loss":0.0,"gold_gain":0.0,"event_name":"Golden Wing","player_choice":"Card Removal","floor":10.0,"gold_loss":0.0,"damage_taken":7.0},{"damage_healed":0.0,"max_hp_gain":0.0,"max_hp_loss":0.0,"gold_gain":0.0,"event_name":"Upgrade Shrine","player_choice":"Upgraded","floor":11.0,"gold_loss":0.0,"damage_taken":0.0,"cards_upgraded":["Barrage"]},{"damage_healed":0,"gold_gain":0,"player_choice":"Ignored","damage_taken":0,"max_hp_gain":0,"max_hp_loss":0,"event_name":"Cursed Tome","floor":21,"gold_loss":0},{"damage_healed":0,"gold_gain":0,"player_choice":"1 cards matched","damage_taken":0,"max_hp_gain":0,"max_hp_loss":0,"event_name":"Match and Keep!","floor":22,"gold_loss":0,"cards_obtained":["Seek"]},{"cards_removed":["Defend_B"],"damage_healed":0,"gold_gain":0,"player_choice":"Removed Skill","damage_taken":0,"max_hp_gain":0,"max_hp_loss":0,"event_name":"Falling","floor":38,"gold_loss":0}],"is_beta":false,"boss_relics":[{"not_picked":["Pandora\u0027s Box","Empty Cage"],"picked":"Busted Crown"},{"not_picked":["Fusion Hammer","Tiny House"],"picked":"Black Star"}],"items_purged_floors":[13],"is_endless":false,"potions_floor_spawned":[3,7,8,16,19,24,30,33,37],"killed_by":"Jaw Worm Horde","ascension_level":11}}