{"host":"9rmokdxh5r7c9fvy","time":1611811946,"event":{"mods":["AchievementEnabler","Act Like it!","BaseMod","Card Forge","DNKmod","Friendly Minions","Grow up Mod","Hallownest","Minty Spire (QoL Compilation)","Permanent Neow","Relic Filter Mod","Remove Card Discount Mod","StSLib","The Bug Knight"],"gold_per_floor":[10011,10011,9261,9261,9272,9305,9305,9332,9332,9357,8904,8916,8944,8961,8961,9062,9062,9074,9074,8512,8524,8543,8543,8577,8577,8600,8626,8187,8206,8206,8206,8206,8303,8303,8319,8019,7475,7475,7492,7492,7520,7520,7543,7562,7046,6434,6447,6466,6466,6466,6466,6466,6000,6031,6031],"floor_reached":56,"language":"ENG","playtime":2966,"items_purged":["HollowMod:QuickDashStart","HollowMod:QuickDashStart","HollowMod:QuickDashStart","HollowMod:QuickDashStart","HollowMod:FocusHealStart","HollowMod:MantisMark","HollowMod:QuirrelsAssistance"],"score":1547,"play_id":"991d4913-53c9-4ff4-9826-5513a7788e86","local_time":"20210128053226","is_ascension_mode":true,"campfire_choices":[{"floor":7,"key":"RECALL"},{"data":"HollowMod:InfectionAssault+1","floor":15,"key":"PURGE"},{"floor":23,"key":"REST"},{"floor":25,"key":"REST"},{"floor":30,"key":"REST"},{"floor":32,"key":"REST"},{"floor":40,"key":"REST"},{"floor":42,"key":"REST"},{"data":"HollowMod:HuntersJournal","floor":49,"key":"SMITH"},{"floor":52,"key":"REST"}],"circlet_count":0,"master_deck":["HollowMod:TaintedHusks+1","HollowMod:RadiancesLament+1","HollowMod:NewInfectedGuardian+1","HollowMod:InfectionAssault+1","HollowMod:InfectedCysts+1","HollowMod:InfectedAttack+1","HollowMod:NewGlowingWomb+1","HollowMod:BrokenVessel+1","HollowMod:TaintedHusks+1","HollowMod:HuntersJournal+1","HollowMod:MothsMistake+1","HollowMod:HuntersJournal+1"],"relics":["Hammer of Thor","Seething Fire","Anvil of the Gods","HollowMod:VoidIdolRelic","Ginger","Tiny Chest","PrismaticShard","Centennial Puzzle","Peace Pipe","Frozen Egg 2","Gremlin Horn","Omamori","HollowMod:KingsBrand","Chemical X","Gambling Chip","Black Star","HollowMod:LumaflyLanternRelic","MealTicket","HollowMod:JonisBlessing","War Paint","Art of War","Blood Vial","Ancient Tea Set","Matryoshka","Strawberry","HollowMod:MillibellesNoteRelic","Sling","Lantern","Bottled Tornado","SacredBark","Oddly Smooth Stone","ClockworkSouvenir","Bottled Lightning","Potion Belt","Dream Catcher","HollowMod:StagPassRelic","Bag of Marbles","Regal Pillow","Vajra","Cauldron","Bird Faced Urn","Whetstone","Orrery","HollowMod:IsmasTear","Bronze Scales","HandDrill","Anchor","Kunai"],"acts_visited":["Exordium","TheCity","TheBeyond","TheEnding"],"potions_floor_usage":[16,29,50,55,55,55,55],"damage_taken":[{"damage":0,"enemies":"Small Slimes","floor":1,"turns":4},{"damage":2,"enemies":"Cultist","floor":5,"turns":2},{"damage":10,"enemies":"Lagavulin","floor":6,"turns":4},{"damage":0,"enemies":"Gremlin Nob","floor":8,"turns":2},{"damage":0,"enemies":"HollowMod:MossKnight","floor":10,"turns":2},{"damage":0,"enemies":"2 Louse","floor":12,"turns":1},{"damage":5,"enemies":"Lagavulin","floor":13,"turns":3},{"damage":26,"enemies":"2 Fungi Beasts","floor":14,"turns":2},{"damage":30,"enemies":"The Guardian","floor":16,"turns":2},{"damage":30,"enemies":"Chosen","floor":18,"turns":2},{"damage":35,"enemies":"2 Thieves","floor":21,"turns":1},{"damage":124,"enemies":"Centurion and Healer","floor":22,"turns":2},{"damage":41,"enemies":"HollowMod:Nosk","floor":24,"turns":2},{"damage":0,"enemies":"Book of Stabbing","floor":27,"turns":1},{"damage":0,"enemies":"Snake Plant","floor":29,"turns":1},{"damage":4,"enemies":"Collector","floor":33,"turns":2},{"damage":0,"enemies":"Orb Walker","floor":35,"turns":1},{"damage":47,"enemies":"3 Shapes","floor":39,"turns":1},{"damage":0,"enemies":"Reptomancer","floor":41,"turns":2},{"damage":0,"enemies":"Writhing Mass","floor":44,"turns":1},{"damage":65,"enemies":"HollowMod:SlobberingHusk","floor":47,"turns":1},{"damage":46,"enemies":"Jaw Worm Horde","floor":48,"turns":1},{"damage":0,"enemies":"Awakened One","floor":50,"turns":2},{"damage":6,"enemies":"Shield and Spear","floor":54,"turns":2},{"damage":371,"enemies":"The Heart","floor":55,"turns":2}],"seed_played":"-7224780487221566167","potions_obtained":[{"floor":1,"key":"LiquidBronze"},{"floor":6,"key":"GamblersBrew"},{"floor":13,"key":"SkillPotion"},{"floor":21,"key":"Regen Potion"},{"floor":29,"key":"Fruit Juice"},{"floor":45,"key":"Strength Potion"},{"floor":45,"key":"AttackPotion"},{"floor":45,"key":"DuplicationPotion"},{"floor":48,"key":"Swift Potion"}],"is_trial":false,"path_per_floor":["M","?","$","T","M","E","R","E","T","E","$","M","E","M","R","B",null,"M","?","$","M","M","R","E","R","T","E","$","M","R","T","R","B",null,"M","?","$","?","M","R","E","R","T","M","$","$","M","M","R","B",null,"R","$","E","B",null],"character_chosen":"THE_BUGKNIGHT","items_purchased":["Ginger","Tiny Chest","PrismaticShard","HollowMod:MothsMistake","HollowMod:QuirrelsAssistance","Omamori","HollowMod:KingsBrand","Chemical X","HollowMod:LumaflyLanternRelic","MealTicket","HollowMod:JonisBlessing","Strawberry","HollowMod:MillibellesNoteRelic","Sling","Oddly Smooth Stone","ClockworkSouvenir","Bottled Lightning","Regal Pillow","Vajra","Cauldron","HollowMod:HuntersJournal","Bird Faced Urn","Whetstone","Orrery","HollowMod:IsmasTear","Bronze Scales","HandDrill"],"campfire_rested":7,"item_purchase_floors":[3,3,3,3,3,11,11,11,20,20,20,28,28,28,37,37,37,45,45,45,45,46,46,46,53,53,53],"current_hp_per_floor":[1020,1030,1040,1050,1060,1070,1080,1090,1100,1110,1120,1130,1140,1150,1160,1170,1180,1190,1200,1210,1220,1230,1240,1250,1260,1270,1280,1297,1312,1322,1332,1342,1352,1362,1372,1382,1392,1402,1412,1422,1432,1442,1452,1462,1472,1482,1492,1502,1512,1522,1532,1542,1552,1562,1582],"gold":6031,"neow_bonus":"BOSS_RELIC","is_daily":false,"chose_seed":false,"campfire_upgraded":1,"win_rate":0.0,"timestamp":1611811946,"path_taken":["M","?","$","?","M","E","R","E","T","E","$","M","E","M","R","BOSS","M","?","$","M","?","R","E","R","T","E","$","M","R","?","R","BOSS","M","?","$","?","M","R","E","R","T","M","?","$","M","M","R","BOSS","R","$","E","BOSS"],"items_purchased_type":["Relic","Relic","Relic","Card","Card","Relic","Relic","Relic","Relic","Relic","Relic","Relic","Relic","Relic","Relic","Relic","Relic","Relic","Relic","Relic","Card","Relic","Relic","Relic","Relic","Relic","Relic"],"build_version":"2020-12-22","purchased_purges":7,"victory":true,"max_hp_per_floor":[1020,1030,1040,1050,1060,1070,1080,1090,1100,1110,1120,1130,1140,1150,1160,1170,1180,1190,1200,1210,1220,1230,1240,1250,1260,1270,1280,1297,1312,1322,1332,1342,1352,1362,1372,1382,1392,1402,1412,1422,1432,1442,1452,1462,1472,1482,1492,1502,1512,1522,1532,1542,1552,1562,1582],"card_choices":[{"not_picked":["HollowMod:LifebloodCocoon","HollowMod:CloakDash"],"picked":"HollowMod:MothsMistake","floor":1},{"not_picked":["Perfected Strike","Wallop"],"picked":"Dash","floor":5},{"not_picked":["HollowMod:HowlingWraiths","Infernal Blade"],"picked":"Uppercut","floor":6},{"not_picked":["Halt","FollowUp","Compile Driver"],"picked":"SKIP","floor":8},{"not_picked":["HollowMod:FastStrike","HollowMod:SoulSplash","Protect"],"picked":"SKIP","floor":10},{"not_picked":["Leap","Brilliance","Deadly Poison"],"picked":"SKIP","floor":12},{"not_picked":["Shrug It Off","Outmaneuver"],"picked":"Gash","floor":13},{"not_picked":["Backstab","Beam Cell","Turbo"],"picked":"SKIP","floor":14},{"not_picked":["Spot Weakness","HollowMod:HowlingWraiths","Turbo"],"picked":"SKIP","floor":18},{"not_picked":["Tempest","Heel Hook","Cloak And Dagger"],"picked":"SKIP","floor":21},{"not_picked":["HollowMod:CornifersMapStart","Hello World+1","ClearTheMind"],"picked":"SKIP","floor":22},{"not_picked":["Trip","Glacier","Genetic Algorithm"],"picked":"SKIP","floor":24},{"not_picked":["Whirlwind","HollowMod:TaintedHusks","Wild Strike"],"picked":"SKIP","floor":27},{"not_picked":["Auto Shields+1","HollowMod:MothsMistake+1","HollowMod:GoodIntentions"],"picked":"SKIP","floor":29},{"not_picked":["HollowMod:HeavyBlow","Lockon+1","Darkness+1"],"picked":"SKIP","floor":35},{"not_picked":["HollowMod:CloakDash+1","Blade Dance","Impatience+1"],"picked":"SKIP","floor":39},{"not_picked":["Rebound+1","HollowMod:CycloneSlash","HollowMod:CornifersMapStart+1"],"picked":"SKIP","floor":41},{"not_picked":["Cleave+1","Indignation","HollowMod:BrokenVessel+1"],"picked":"SKIP","floor":44},{"not_picked":["Conserve Battery","Dodge and Roll","Blade Dance+1"],"picked":"SKIP","floor":47},{"not_picked":["HollowMod:InfectedCysts+1","Beam Cell","Quick Slash"],"picked":"SKIP","floor":48},{"not_picked":["Calculated Gamble+1","Cleave","HollowMod:HuntersJournal"],"picked":"SKIP","floor":54}],"player_experience":108306,"relics_obtained":[{"floor":6,"key":"Centennial Puzzle"},{"floor":8,"key":"Peace Pipe"},{"floor":9,"key":"Frozen Egg 2"},{"floor":10,"key":"Gremlin Horn"},{"floor":13,"key":"Gambling Chip"},{"floor":24,"key":"War Paint"},{"floor":24,"key":"Art of War"},{"floor":26,"key":"Blood Vial"},{"floor":27,"key":"Ancient Tea Set"},{"floor":27,"key":"Matryoshka"},{"floor":31,"key":"Lantern"},{"floor":31,"key":"Bottled Tornado"},{"floor":41,"key":"Potion Belt"},{"floor":41,"key":"Dream Catcher"},{"floor":43,"key":"HollowMod:StagPassRelic"},{"floor":43,"key":"Bag of Marbles"},{"floor":54,"key":"Anchor"},{"floor":54,"key":"Kunai"}],"event_choices":[{"damage_healed":0,"gold_gain":0,"cards_transformed":["HollowMod:NailStrikeStart"],"player_choice":"Transformed","damage_taken":0,"max_hp_gain":0,"max_hp_loss":0,"event_name":"Transmorgrifier","floor":2,"gold_loss":0,"cards_obtained":["HollowMod:MantisMark"]},{"damage_healed":0,"gold_gain":0,"player_choice":"Ignored","damage_taken":0,"max_hp_gain":0,"max_hp_loss":0,"event_name":"Purifier","floor":19,"gold_loss":0},{"cards_removed":["HollowMod:MothsMistake"],"damage_healed":0,"gold_gain":0,"player_choice":"Removed Power","damage_taken":0,"max_hp_gain":0,"max_hp_loss":0,"event_name":"Falling","floor":38,"gold_loss":0}],"is_beta":false,"boss_relics":[{"not_picked":["Astrolabe","Sozu"],"picked":"Black Star"},{"not_picked":["Pandora\u0027s Box","Tiny House"],"picked":"SacredBark"}],"items_purged_floors":[3,3,3,3,3,3,11],"is_endless":false,"potions_floor_spawned":[1,6,13,14,18,21,24,27,29,39,47,48],"ascension_level":1}}