{"host":"9j472d1lqxyi8fmj","time":1611874876,"event":{"mods":["AchievementEnabler","Aspiration","BaseMod","Better Note","BetterRewards","Block Reminder","Colored Powertips","Downfall","Hermit","Hubris","Infinite Spire","Minty Spire (QoL Compilation)","Potion Indicator Mod","Rare Cards Sparkle","Relic Filter","Reliquary","Spicy Shops","StSLib","The Runesmith","Virulent Crown"],"gold_per_floor":[99,111,111,121,141,32,32,32,32,32,32,62,62,77,87,87,87,87],"floor_reached":16,"language":"ENG","playtime":506,"items_purged":[],"score":100,"play_id":"300a5d7e-3c21-4f1e-a485-9a7d9dabc6d3","local_time":"20210128180116","is_ascension_mode":false,"campfire_choices":[{"data":"bronze:Replicate","floor":1,"key":"SMITH"},{"data":"bronze:Boost","floor":8,"key":"SMITH"},{"data":"bronze:Shield","floor":10,"key":"SMITH"},{"data":"bronze:Break","floor":13,"key":"SMITH"}],"circlet_count":0,"master_deck":["bronze:Strike","bronze:Strike","bronze:Strike","bronze:Strike","bronze:Defend","bronze:Defend","bronze:Defend","bronze:Defend","bronze:Replicate+1","bronze:Goto","bronze:Iterate","bronze:Iterate","bronze:WhirlingStrike","bronze:Boost+1","bronze:Shield+1","bronze:DarkDash","bronze:Break+1","bronze:Overheat","bronze:MaxOutput"],"relics":["bronze:BronzeCore","Smiling Mask","hubris:Icosahedron","Runesmith:AutoHammer"],"acts_visited":["Exordium"],"potions_floor_usage":[],"damage_taken":[{"damage":7,"enemies":"Small Slimes","floor":2,"turns":5},{"damage":0,"enemies":"Cultist","floor":4,"turns":4},{"damage":0,"enemies":"2 Louse","floor":5,"turns":3},{"damage":5,"enemies":"downfall:FleeingMerchant","floor":6,"turns":4},{"damage":1,"enemies":"3 Sentries","floor":12,"turns":3},{"damage":0,"enemies":"Exordium Wildlife","floor":14,"turns":2},{"damage":5,"enemies":"Lots of Slimes","floor":15,"turns":3},{"damage":71,"enemies":"DF_ARCHETYPE_STREAMLINE","floor":16,"turns":8}],"seed_played":"6462029107114816634","potions_obtained":[{"floor":2,"key":"DistilledChaos"},{"floor":12,"key":"sneckomod:MuddlingPotion"},{"floor":14,"key":"Strength Potion"}],"is_trial":false,"path_per_floor":["R","M","?","M","M","$","T","R","?","R","?","E","R","M","M","B"],"character_chosen":"THE_AUTOMATON","items_purchased":["bronze:Shield","bronze:DarkDash"],"campfire_rested":0,"item_purchase_floors":[6,6],"current_hp_per_floor":[84,77,77,77,77,72,72,72,72,72,72,71,71,71,66,0,0,0],"gold":87,"neow_bonus":"TWENTY_PERCENT_HP_BONUS","is_daily":false,"chose_seed":false,"campfire_upgraded":4,"win_rate":0.0,"timestamp":1611874876,"path_taken":["R","M","?","?","M","$","T","R","?","R","?","E","R","M","M","BOSS"],"items_purchased_type":["Card","Card"],"build_version":"2020-12-22","purchased_purges":0,"victory":false,"max_hp_per_floor":[84,84,84,84,84,84,84,84,84,84,84,84,84,84,84,84,84,84],"card_choices":[{"not_picked":["bronze:OilSpill","bronze:Turbo"],"picked":"bronze:Iterate","floor":2},{"not_picked":["bronze:Optimize","bronze:Overheat"],"picked":"bronze:Iterate","floor":4},{"not_picked":["bronze:BugBarrage","bronze:OilSpill"],"picked":"bronze:WhirlingStrike","floor":5},{"not_picked":["bronze:Invalidate","bronze:DelayedGuard"],"picked":"bronze:Boost","floor":6},{"not_picked":["bronze:ThunderWave","bronze:FineTuning"],"picked":"bronze:Break","floor":12},{"not_picked":["bronze:Invalidate","bronze:WhirlingStrike"],"picked":"bronze:Overheat","floor":14},{"not_picked":["bronze:Return","bronze:ForceShield"],"picked":"bronze:MaxOutput","floor":15}],"player_experience":357509,"relics_obtained":[{"floor":7,"key":"Smiling Mask"},{"floor":12,"key":"Runesmith:AutoHammer"}],"event_choices":[{"cards_removed":["bronze:Strike"],"damage_healed":0,"gold_gain":0,"player_choice":"Give","damage_taken":0,"max_hp_gain":0,"max_hp_loss":0,"event_name":"betterNote:BetterNote","floor":3,"gold_loss":0,"cards_obtained":["sneckomod:Strike"]},{"cards_removed":["downfall:Icky"],"damage_healed":0,"gold_gain":0,"player_choice":"Forget","damage_taken":0,"max_hp_gain":0,"max_hp_loss":0,"event_name":"Living Wall","floor":9,"gold_loss":0}],"is_beta":false,"boss_relics":[],"items_purged_floors":[],"is_endless":false,"potions_floor_spawned":[2,12,14],"killed_by":"DF_ARCHETYPE_STREAMLINE","ascension_level":0}}