{"host":"y7357sx8ps3jkgoj","time":1611807941,"event":{"mods":["BaseMod","Friendly Minions","Minty Spire (QoL Compilation)","Permanent Neow","Relic Stats","Shop Mod","StSLib","The Alterego","Uncapped","Unceasing Turn Reminder"],"gold_per_floor":[120,120,120,140,153,180,199,225,225,252,252,287,299,325,325,430,430,446,61,61,80,92,92,122,59,71,117,148,160,172,210,222,334,346,378,141,141,161,1,32,32,65,91,41,51,78,78,111,111,111,111,111,27,60,60],"floor_reached":56,"language":"ENG","playtime":4827,"items_purged":["alterego_mod:Strike","alterego_mod:Strike","Shame","Decay"],"score":1516,"play_id":"ad4896c8-fb3b-436f-9051-4c3f98d7161e","local_time":"20210127222541","is_ascension_mode":true,"campfire_choices":[{"data":"alterego_mod:Palingenesis","floor":11.0,"key":"SMITH"},{"data":"alterego_mod:Schoolgirl","floor":15.0,"key":"SMITH"},{"data":"alterego_mod:BrynhildrRomantia","floor":23.0,"key":"SMITH"},{"data":"alterego_mod:Impale","floor":29.0,"key":"SMITH"},{"data":"alterego_mod:Palingenesis+1","floor":32.0,"key":"SMITH"},{"data":"alterego_mod:Belts","floor":41.0,"key":"SMITH"},{"data":"alterego_mod:Punishment","floor":47,"key":"SMITH"},{"floor":49,"key":"RECALL"},{"data":"alterego_mod:Rip","floor":52,"key":"SMITH"}],"circlet_count":0,"master_deck":["alterego_mod:Strike+1","alterego_mod:Strike+1","alterego_mod:Defend","alterego_mod:Defend","alterego_mod:Defend","alterego_mod:Impale+1","alterego_mod:BigMeatyClaws","alterego_mod:BrynhildrsRune","alterego_mod:Palingenesis+2","alterego_mod:MagicResistance","alterego_mod:SakuraFive","alterego_mod:Rip+1","alterego_mod:Birthday","alterego_mod:BusterCard","alterego_mod:Schoolgirl+1","alterego_mod:BrynhildrRomantia+1","alterego_mod:Birthday+1","alterego_mod:Mirror+1","alterego_mod:SakuraLabyrinth+1","alterego_mod:Undulate+1","alterego_mod:Weigh","alterego_mod:Birthday","alterego_mod:HighServant+1","alterego_mod:Belts+1","alterego_mod:Punishment+1","alterego_mod:Rip+1","Clumsy","alterego_mod:Undulate","alterego_mod:SakuraFive+1","alterego_mod:SakuraLabyrinth+1","Flash of Steel","alterego_mod:Punishment+1"],"relics":["alterego_mod:MasochisticConstitution","Orichalcum","Ginger","Pantograph","Toy Ornithopter","Juzu Bracelet","Gambling Chip","Meat on the Bone","Cursed Key","FossilizedHelix","Pear","MawBank","Sundial","Akabeko","MutagenicStrength","Potion Belt","SlaversCollar","Medical Kit","Ornamental Fan","Whetstone","Smiling Mask","Singing Bowl","Eternal Feather","InkBottle"],"acts_visited":["Exordium","TheCity","TheBeyond","TheEnding"],"potions_floor_usage":[54,55,55,55,55],"damage_taken":[{"damage":0.0,"enemies":"Cultist","floor":1.0,"turns":5.0},{"damage":9.0,"enemies":"2 Louse","floor":4.0,"turns":4.0},{"damage":10.0,"enemies":"Jaw Worm","floor":5.0,"turns":5.0},{"damage":11.0,"enemies":"3 Sentries","floor":6.0,"turns":6.0},{"damage":4.0,"enemies":"Exordium Wildlife","floor":7.0,"turns":4.0},{"damage":31.0,"enemies":"Gremlin Nob","floor":8.0,"turns":5.0},{"damage":21.0,"enemies":"3 Sentries","floor":10.0,"turns":8.0},{"damage":32.0,"enemies":"Gremlin Nob","floor":12.0,"turns":5.0},{"damage":0.0,"enemies":"Large Slime","floor":13.0,"turns":5.0},{"damage":16.0,"enemies":"Lagavulin","floor":14.0,"turns":5.0},{"damage":28.0,"enemies":"Slime Boss","floor":16.0,"turns":9.0},{"damage":14.0,"enemies":"2 Thieves","floor":18.0,"turns":4.0},{"damage":41.0,"enemies":"Chosen","floor":21.0,"turns":10.0},{"damage":20.0,"enemies":"Centurion and Healer","floor":22.0,"turns":9.0},{"damage":41.0,"enemies":"Gremlin Leader","floor":24.0,"turns":13.0},{"damage":30.0,"enemies":"Slavers","floor":27.0,"turns":12.0},{"damage":32.0,"enemies":"3 Cultists","floor":28.0,"turns":7.0},{"damage":44.0,"enemies":"Book of Stabbing","floor":31.0,"turns":6.0},{"damage":110.0,"enemies":"Champ","floor":33.0,"turns":14.0},{"damage":44.0,"enemies":"3 Darklings","floor":35.0,"turns":7.0},{"damage":0.0,"enemies":"Orb Walker","floor":38.0,"turns":1.0},{"damage":26.0,"enemies":"Giant Head","floor":40.0,"turns":8.0},{"damage":28.0,"enemies":"Nemesis","floor":42.0,"turns":5.0},{"damage":12.0,"enemies":"Transient","floor":45.0,"turns":5.0},{"damage":5,"enemies":"Giant Head","floor":46,"turns":6},{"damage":0,"enemies":"Nemesis","floor":48,"turns":3},{"damage":79,"enemies":"Donu and Deca","floor":50,"turns":10},{"damage":0,"enemies":"Shield and Spear","floor":54,"turns":5},{"damage":76,"enemies":"The Heart","floor":55,"turns":6}],"seed_played":"-3628590193273538502","potions_obtained":[{"floor":1.0,"key":"PowerPotion"},{"floor":5.0,"key":"Fruit Juice"},{"floor":10.0,"key":"BlessingOfTheForge"},{"floor":14.0,"key":"PowerPotion"},{"floor":18.0,"key":"Block Potion"},{"floor":24.0,"key":"SkillPotion"},{"floor":27.0,"key":"DistilledChaos"},{"floor":40.0,"key":"SneckoOil"},{"floor":42.0,"key":"AttackPotion"},{"floor":48,"key":"Fire Potion"},{"floor":54,"key":"SneckoOil"}],"is_trial":false,"path_per_floor":["M","?","?","M","M","E","M","E","T","E","R","E","M","E","R","B",null,"M","$","?","M","M","R","E","?","T","E","M","R","?","E","R","B",null,"M","$","?","M","$","E","R","E","T","$","M","E","R","E","R","B",null,"R","$","E","B",null],"character_chosen":"The_Alterego","items_purchased":["FossilizedHelix","Medical Kit","alterego_mod:Belts","Flash of Steel"],"campfire_rested":0,"item_purchase_floors":[19,36,39,53],"current_hp_per_floor":[70,58,58,64,62,52,56,35,35,38,38,16,32,34,34,76,84,83,83,93,73,76,76,106,106,106,104,107,107,107,85,85,29,138,120,120,143,143,143,129,129,120,120,120,116,130,130,145,159,94,164,164,164,164,116],"gold":60,"neow_bonus":"ONE_RANDOM_RARE_CARD","is_daily":false,"chose_seed":false,"campfire_upgraded":8,"win_rate":0.0,"timestamp":1611807941,"path_taken":["M","?","?","M","M","E","?","E","T","E","R","E","M","E","R","BOSS","M","$","?","M","M","R","E","?","T","E","M","R","?","E","R","BOSS","M","$","?","M","$","E","R","E","T","?","M","E","R","E","R","BOSS","R","$","E","BOSS"],"items_purchased_type":["Relic","Relic","Card","Card"],"build_version":"2020-12-22","purchased_purges":4,"victory":true,"max_hp_per_floor":[70,70,70,71,72,73,74,75,75,76,76,77,77,83,83,84,84,88,88,98,102,105,105,110,110,110,119,128,128,128,133,133,138,138,143,143,143,143,143,144,144,149,149,149,150,155,155,159,159,164,164,164,164,164,165],"relic_stats":{"Singing Bowl":0,"counters":[29,192],"Eternal Feather":14,"Juzu Bracelet":0,"Ginger":[15],"Whetstone":["alterego_mod:Strike","alterego_mod:Strike"],"Orichalcum":[414],"Cursed Key":2,"MawBank":144,"Medical Kit":[14],"Smiling Mask":100,"Sundial":[12],"Ornamental Fan":[80],"Pantograph":50,"Gambling Chip":[36],"obtain_stats":[{"Potion Belt":31,"alterego_mod:MasochisticConstitution":0,"Pear":20,"Singing Bowl":46,"Eternal Feather":48,"Juzu Bracelet":10,"Ginger":3,"Whetstone":42,"Orichalcum":2,"Cursed Key":17,"MawBank":24,"Medical Kit":36,"Smiling Mask":43,"Akabeko":27,"SlaversCollar":34,"Sundial":26,"Ornamental Fan":40,"Pantograph":6,"Gambling Chip":12,"MutagenicStrength":30,"Toy Ornithopter":8,"FossilizedHelix":19,"InkBottle":54,"Meat on the Bone":14},{"Potion Belt":18,"alterego_mod:MasochisticConstitution":0,"Pear":12,"Singing Bowl":25,"Eternal Feather":26,"Juzu Bracelet":7,"Ginger":1,"Whetstone":23,"Orichalcum":1,"Cursed Key":11,"MawBank":15,"Medical Kit":20,"Smiling Mask":23,"Akabeko":16,"SlaversCollar":19,"Sundial":15,"Ornamental Fan":22,"Pantograph":4,"Gambling Chip":8,"MutagenicStrength":17,"Toy Ornithopter":6,"FossilizedHelix":12,"InkBottle":28,"Meat on the Bone":10},{"Potion Belt":122,"alterego_mod:MasochisticConstitution":0,"Pear":65,"Singing Bowl":168,"Eternal Feather":171,"Juzu Bracelet":37,"Ginger":5,"Whetstone":157,"Orichalcum":5,"Cursed Key":61,"MawBank":97,"Medical Kit":143,"Smiling Mask":157,"Akabeko":109,"SlaversCollar":136,"Sundial":97,"Ornamental Fan":152,"Pantograph":20,"Gambling Chip":42,"MutagenicStrength":116,"Toy Ornithopter":29,"FossilizedHelix":65,"InkBottle":186,"Meat on the Bone":52}],"Toy Ornithopter":45,"InkBottle":[4],"Meat on the Bone":12},"card_choices":[{"not_picked":["alterego_mod:Swimsuit","alterego_mod:Complex"],"picked":"alterego_mod:MagicResistance","floor":1.0},{"not_picked":["alterego_mod:Undulate","alterego_mod:Complex"],"picked":"alterego_mod:SakuraFive","floor":4.0},{"not_picked":["alterego_mod:Jiggle","alterego_mod:Maid","alterego_mod:GoddessCore"],"picked":"SKIP","floor":5.0},{"not_picked":["alterego_mod:Clap","alterego_mod:Nekomimi"],"picked":"alterego_mod:Rip","floor":6.0},{"not_picked":["alterego_mod:1TonWallop","alterego_mod:DiscoLights"],"picked":"alterego_mod:Birthday","floor":7.0},{"not_picked":["alterego_mod:Maid","alterego_mod:Santa","alterego_mod:Swimsuit"],"picked":"SKIP","floor":8.0},{"not_picked":["alterego_mod:Maid","alterego_mod:RocketPunch"],"picked":"alterego_mod:BusterCard","floor":10.0},{"not_picked":["alterego_mod:MagicResistance","alterego_mod:InsideBaseball","alterego_mod:Skirt"],"picked":"SKIP","floor":12.0},{"not_picked":["alterego_mod:Rip","alterego_mod:1TonWallop"],"picked":"alterego_mod:Schoolgirl","floor":13.0},{"not_picked":["alterego_mod:Cycle","alterego_mod:Collar","alterego_mod:Smother"],"picked":"SKIP","floor":14.0},{"not_picked":["alterego_mod:TrickOrTreatment","alterego_mod:VirginLaserPalladion"],"picked":"alterego_mod:BrynhildrRomantia","floor":16.0},{"not_picked":["alterego_mod:Jiggle+1","alterego_mod:Cycle"],"picked":"alterego_mod:Birthday+1","floor":18.0},{"not_picked":["alterego_mod:Cycle","alterego_mod:DeftHands"],"picked":"alterego_mod:Mirror+1","floor":21.0},{"not_picked":["alterego_mod:Bounce","alterego_mod:Skirt","alterego_mod:Complex"],"picked":"SKIP","floor":22.0},{"not_picked":["alterego_mod:BeGentle+1","alterego_mod:Complex","alterego_mod:DeftHands"],"picked":"SKIP","floor":24.0},{"not_picked":["alterego_mod:Cycle","alterego_mod:GoddessCore"],"picked":"alterego_mod:SakuraLabyrinth+1","floor":27.0},{"not_picked":["alterego_mod:Skirt","alterego_mod:Bounce","alterego_mod:BeGentle"],"picked":"SKIP","floor":28.0},{"not_picked":["alterego_mod:GoddessCore","alterego_mod:Mirror"],"picked":"alterego_mod:Undulate+1","floor":31.0},{"not_picked":["alterego_mod:Alter","alterego_mod:Palingenesis"],"picked":"alterego_mod:Weigh","floor":33.0},{"not_picked":["alterego_mod:Lingerie","alterego_mod:Valentines"],"picked":"alterego_mod:Birthday","floor":35.0},{"not_picked":["alterego_mod:RidiculouslyBig+1","alterego_mod:Cycle"],"picked":"alterego_mod:HighServant+1","floor":38.0},{"not_picked":["alterego_mod:Pet+1","alterego_mod:Cooking"],"picked":"alterego_mod:Punishment","floor":40.0},{"not_picked":["alterego_mod:Cushion+1","alterego_mod:Valentines+1"],"picked":"alterego_mod:Rip+1","floor":42.0},{"not_picked":["alterego_mod:HighServant+1","alterego_mod:DiscoLights+1"],"picked":"alterego_mod:Undulate","floor":45.0},{"not_picked":["alterego_mod:BusterCard+1","alterego_mod:Complex+1"],"picked":"alterego_mod:SakuraFive+1","floor":46},{"not_picked":["alterego_mod:Punishment","alterego_mod:RocketPunch+1"],"picked":"alterego_mod:SakuraLabyrinth+1","floor":48},{"not_picked":["alterego_mod:Bunnysuit+1","alterego_mod:RidiculouslyBig+1"],"picked":"alterego_mod:Punishment+1","floor":54}],"player_experience":302350,"relics_obtained":[{"floor":3.0,"key":"Ginger"},{"floor":6.0,"key":"Pantograph"},{"floor":8.0,"key":"Toy Ornithopter"},{"floor":10.0,"key":"Juzu Bracelet"},{"floor":12.0,"key":"Gambling Chip"},{"floor":14.0,"key":"Meat on the Bone"},{"floor":24.0,"key":"MawBank"},{"floor":26.0,"key":"Sundial"},{"floor":27.0,"key":"Akabeko"},{"floor":31.0,"key":"Potion Belt"},{"floor":40.0,"key":"Ornamental Fan"},{"floor":42.0,"key":"Whetstone"},{"floor":43.0,"key":"Smiling Mask"},{"floor":46,"key":"Singing Bowl"},{"floor":48,"key":"Eternal Feather"},{"floor":54,"key":"InkBottle"}],"event_choices":[{"damage_healed":0.0,"max_hp_gain":0.0,"max_hp_loss":0.0,"gold_gain":0.0,"event_name":"Scrap Ooze","player_choice":"Success","floor":2.0,"gold_loss":0.0,"damage_taken":12.0,"relics_obtained":["Orichalcum"]},{"damage_healed":0.0,"max_hp_gain":0.0,"max_hp_loss":0.0,"gold_gain":0.0,"event_name":"Wheel of Change","player_choice":"Relic","floor":3.0,"gold_loss":0.0,"damage_taken":0.0},{"damage_healed":0.0,"max_hp_gain":0.0,"max_hp_loss":0.0,"gold_gain":0.0,"event_name":"Addict","player_choice":"Stole Relic","floor":20.0,"gold_loss":0.0,"damage_taken":0.0,"relics_obtained":["Pear"],"cards_obtained":["Shame"]},{"cards_removed":["alterego_mod:Defend"],"damage_healed":0.0,"max_hp_gain":0.0,"max_hp_loss":0.0,"gold_gain":0.0,"event_name":"Beggar","player_choice":"Gave Gold","floor":25.0,"gold_loss":75.0,"damage_taken":0.0},{"damage_healed":0.0,"max_hp_gain":0.0,"max_hp_loss":0.0,"gold_gain":0.0,"event_name":"Drug Dealer","player_choice":"Inject Mutagens","floor":30.0,"gold_loss":0.0,"damage_taken":0.0,"relics_obtained":["MutagenicStrength"]},{"damage_healed":23.0,"max_hp_gain":0.0,"max_hp_loss":0.0,"gold_gain":0.0,"event_name":"Wheel of Change","player_choice":"Full Heal","floor":37.0,"gold_loss":0.0,"damage_taken":0.0}],"is_beta":false,"boss_relics":[{"not_picked":["Velvet Choker","Sozu"],"picked":"Cursed Key"},{"not_picked":["Empty Cage","Tiny House"],"picked":"SlaversCollar"}],"items_purged_floors":[19,36,39,44],"is_endless":false,"potions_floor_spawned":[1,5,10,13,14,18,24,27,40,42,48,54],"ascension_level":1}}