{"host":"c97twqu0op5dg8i4","time":1611818185,"event":{"mods":["AchievementEnabler","BaseMod","Colored Map","Minty Spire (QoL Compilation)","Permanent Neow"],"gold_per_floor":[111,111,111,128,141,176,176,176,176,176,176,188,33,33,51,51,156,156,170,185,200,211,56,56,90,100,100,124,124,124,124,124],"floor_reached":31,"language":"ENG","playtime":1092,"items_purged":[],"score":406,"play_id":"b4694419-9aa8-4946-9f89-b73ff28035c6","local_time":"20210128021625","is_ascension_mode":true,"campfire_choices":[{"floor":7,"key":"RECALL"},{"floor":9,"key":"REST"},{"data":"Corpse Explosion","floor":14,"key":"SMITH"},{"data":"Dagger Spray","floor":16,"key":"SMITH"},{"floor":24,"key":"REST"},{"floor":30,"key":"REST"}],"circlet_count":0,"master_deck":["Strike_G","Strike_G","Strike_G","Defend_G","Defend_G","Defend_G","Defend_G","Defend_G","Survivor","Neutralize","Die Die Die","Acrobatics","Dagger Spray+1","Corpse Explosion+1","PiercingWail","Dodge and Roll","Adrenaline","Backflip+1","Leg Sweep+1","Blur","Poisoned Stab+1","Crippling Poison+1","Poisoned Stab","Venomology","Deadly Poison"],"relics":["Ring of the Snake","Bottled Flame","Calipers","Vajra","Omamori","Empty Cage","Orrery","Orichalcum","Singing Bowl","Smiling Mask","Molten Egg 2"],"acts_visited":["Exordium","TheCity"],"potions_floor_usage":[6,26,26,31,31,31,31],"damage_taken":[{"damage":0,"enemies":"2 Louse","floor":1,"turns":2},{"damage":2,"enemies":"Jaw Worm","floor":4,"turns":4},{"damage":2,"enemies":"Cultist","floor":5,"turns":4},{"damage":52,"enemies":"Lagavulin","floor":6,"turns":11},{"damage":15,"enemies":"Exordium Thugs","floor":12,"turns":4},{"damage":0,"enemies":"3 Louse","floor":15,"turns":1},{"damage":43,"enemies":"Slime Boss","floor":17,"turns":12},{"damage":6,"enemies":"3 Byrds","floor":19,"turns":2},{"damage":8,"enemies":"Chosen","floor":20,"turns":5},{"damage":2,"enemies":"Centurion and Healer","floor":21,"turns":5},{"damage":20,"enemies":"Snake Plant","floor":22,"turns":6},{"damage":19,"enemies":"Gremlin Leader","floor":25,"turns":5},{"damage":14,"enemies":"Snecko","floor":26,"turns":5},{"damage":28,"enemies":"Book of Stabbing","floor":31,"turns":6}],"seed_played":"6673598815837585146","potions_obtained":[{"floor":4,"key":"DistilledChaos"},{"floor":6,"key":"DuplicationPotion"},{"floor":19,"key":"FearPotion"},{"floor":22,"key":"Poison Potion"},{"floor":26,"key":"AttackPotion"}],"is_trial":false,"path_per_floor":["M","?","T","M","M","E","R","?","R","T","?","M","$","R","M","R","B",null,"M","M","M","M","$","R","E","M","T","T","?","R","E"],"character_chosen":"THE_SILENT","items_purchased":["Omamori","Orrery"],"campfire_rested":3,"item_purchase_floors":[13,23],"current_hp_per_floor":[63,63,63,61,59,7,7,7,28,28,70,55,55,55,55,55,12,56,50,42,40,20,20,41,22,8,8,8,8,29,1,1],"gold":124,"neow_bonus":"ONE_RANDOM_RARE_CARD","is_daily":false,"chose_seed":false,"campfire_upgraded":2,"win_rate":0.0,"timestamp":1611818185,"path_taken":["M","?","?","M","M","E","R","?","R","T","?","?","?","R","M","R","BOSS","M","M","M","M","$","R","E","M","T","T","?","R","E"],"items_purchased_type":["Relic","Relic"],"build_version":"2020-12-22","purchased_purges":0,"victory":false,"max_hp_per_floor":[70,70,70,70,70,70,70,70,70,70,70,70,70,70,70,70,70,70,70,70,70,70,70,70,70,70,70,70,70,70,70,70],"card_choices":[{"not_picked":["Outmaneuver","Prepared"],"picked":"Acrobatics","floor":1},{"not_picked":["Choke","PiercingWail"],"picked":"Dagger Spray","floor":4},{"not_picked":["Acrobatics","Bane"],"picked":"Accuracy","floor":5},{"not_picked":["Poisoned Stab","Caltrops"],"picked":"Corpse Explosion","floor":6},{"not_picked":["Quick Slash","Outmaneuver"],"picked":"PiercingWail","floor":12},{"not_picked":["PiercingWail","All Out Attack"],"picked":"Dodge and Roll","floor":15},{"not_picked":["Die Die Die","Storm of Steel"],"picked":"Adrenaline","floor":17},{"not_picked":["Cloak And Dagger","Bane"],"picked":"Backflip+1","floor":19},{"not_picked":["Prepared","Dagger Throw","Blade Dance"],"picked":"SKIP","floor":20},{"not_picked":["Underhanded Strike","Slice"],"picked":"Leg Sweep+1","floor":21},{"not_picked":["Underhanded Strike","Riddle With Holes+1"],"picked":"Blur","floor":22},{"not_picked":["Sucker Punch","Heel Hook"],"picked":"Poisoned Stab+1","floor":23},{"not_picked":["Poisoned Stab","Sucker Punch"],"picked":"Crippling Poison+1","floor":23},{"not_picked":["Flechettes","Cloak And Dagger"],"picked":"Poisoned Stab","floor":23},{"not_picked":["Eviscerate","Choke"],"picked":"Venomology","floor":25},{"not_picked":["Blade Dance","PiercingWail"],"picked":"Deadly Poison","floor":26}],"player_experience":323761,"relics_obtained":[{"floor":3,"key":"Bottled Flame"},{"floor":6,"key":"Calipers"},{"floor":10,"key":"Vajra"},{"floor":25,"key":"Orichalcum"},{"floor":27,"key":"Singing Bowl"},{"floor":28,"key":"Smiling Mask"}],"event_choices":[{"damage_healed":0,"gold_gain":0,"player_choice":"Leave","damage_taken":0,"max_hp_gain":0,"max_hp_loss":0,"event_name":"The Cleric","floor":2,"gold_loss":0},{"damage_healed":0,"gold_gain":0,"player_choice":"Ignored","damage_taken":0,"max_hp_gain":0,"max_hp_loss":0,"event_name":"Shining Light","floor":8,"gold_loss":0},{"cards_removed":["Accuracy"],"damage_healed":42,"gold_gain":0,"player_choice":"Offered Uncommon","damage_taken":0,"max_hp_gain":0,"max_hp_loss":0,"event_name":"Bonfire Elementals","floor":11,"gold_loss":0},{"damage_healed":0,"gold_gain":0,"player_choice":"Opened","damage_taken":0,"relics_obtained":["Molten Egg 2"],"max_hp_gain":0,"max_hp_loss":0,"event_name":"The Mausoleum","floor":29,"gold_loss":0,"cards_obtained":["Writhe"]}],"is_beta":false,"boss_relics":[{"not_picked":["SacredBark","Coffee Dripper"],"picked":"Empty Cage"}],"items_purged_floors":[],"is_endless":false,"potions_floor_spawned":[4,6,19,22,26],"killed_by":"Book of Stabbing","ascension_level":9}}