{"host":"58njlu7hme3ojrlz","time":1611847686,"event":{"mods":["AchievementEnabler","Act Like it!","BaseMod","Block Reminder","Colored Map","Colored Powertips","DeckTracker","Downfall","Gensokyo","Hallownest","Highlight Path","Infinite Spire","Marisa????????","Minty Spire (QoL Compilation)","Reimu??????","Relic Sorter","Remilia??????","Replay The Spire","StSLib","The Alterego","The Animator","The Bug Knight","The Servant 0.9.4","The Wild Card","TheBandit"],"gold_per_floor":[118,118,118,22,39,39,71,71,97,97,411,422,440,453,453,549,549,565,584,584,602,602,602,618,279,279,279,279],"floor_reached":27,"language":"ENG","playtime":22197,"items_purged":[],"score":240,"play_id":"84880619-f4c2-4605-9e6f-3ae7b51cc977","local_time":"20210128222806","is_ascension_mode":false,"campfire_choices":[{"data":"alterego_mod:Impale","floor":6,"key":"SMITH"},{"data":"alterego_mod:Punishment","floor":8,"key":"SMITH"},{"data":"alterego_mod:TrashNCrash","floor":10,"key":"SMITH"},{"floor":15,"key":"REST"},{"floor":23,"key":"REST"}],"circlet_count":0,"master_deck":["alterego_mod:Strike","alterego_mod:Strike","alterego_mod:Strike","alterego_mod:Strike","alterego_mod:Defend","alterego_mod:Defend","alterego_mod:Defend","alterego_mod:Defend","alterego_mod:Impale+1","alterego_mod:Punishment+1","alterego_mod:TrashNCrash+1","alterego_mod:BusterCard","alterego_mod:RocketPunch","alterego_mod:BusterCard","alterego_mod:Rip","alterego_mod:Vow","alterego_mod:BiFurious","alterego_mod:BeGentle","alterego_mod:TrashNCrash","alterego_mod:Rip","Gensokyo:TarnishedGold","Gensokyo:BlemishedSteel","Gensokyo:LockedMedkit"],"relics":["alterego_mod:MasochisticConstitution","PureWhite:ReiMu","Black Star","MealTicket","Toy Ornithopter","NeowsBlessing","ClockworkSouvenir","Matryoshka"],"acts_visited":["Gensokyo:Gensokyo","Gensokyo:Gensokyoer"],"potions_floor_usage":[16,16,16,27],"damage_taken":[{"damage":2,"enemies":"Gensokyo:Gryphon","floor":1,"turns":2},{"damage":1,"enemies":"Gensokyo:3_Fairies","floor":5,"turns":5},{"damage":1,"enemies":"Gensokyo:Cirno","floor":7,"turns":2},{"damage":18,"enemies":"Gensokyo:2_Kodama","floor":11,"turns":6},{"damage":12,"enemies":"Gensokyo:5_Fairies","floor":12,"turns":4},{"damage":12,"enemies":"Gensokyo:2_Rabbits","floor":13,"turns":4},{"damage":5,"enemies":"Gensokyo:VengefulSpirit","floor":14,"turns":3},{"damage":20,"enemies":"Gensokyo:Kokoro","floor":16,"turns":8},{"damage":30,"enemies":"Gensokyo:Chomper","floor":18,"turns":5},{"damage":23,"enemies":"Gensokyo:AngelMirror","floor":19,"turns":4},{"damage":31,"enemies":"Gensokyo:3_Gloops","floor":21,"turns":5},{"damage":8,"enemies":"Gensokyo:Chomper_and_Gloop","floor":24,"turns":3},{"damage":38,"enemies":"Gensokyo:Reisen","floor":27,"turns":4}],"seed_played":"-5580445066083039003","potions_obtained":[{"floor":5,"key":"Dexterity Potion"},{"floor":7,"key":"SkillPotion"},{"floor":13,"key":"ColorlessPotion"},{"floor":19,"key":"SkillPotion"},{"floor":21,"key":"SteroidPotion"},{"floor":24,"key":"SkillPotion"}],"is_trial":false,"path_per_floor":["M","?","?","COS","M","R","E","R","T","R","M","M","M","M","R_BF","B",null,"M","M","?","M","?","R","M","COS","T","E"],"character_chosen":"The_Alterego","items_purchased":[],"campfire_rested":2,"item_purchase_floors":[],"current_hp_per_floor":[69,55,62,62,62,62,62,62,62,62,45,34,23,19,44,40,85,56,34,34,4,4,30,23,23,23,0,0],"gold":279,"neow_bonus":"THREE_ENEMY_KILL","is_daily":false,"chose_seed":false,"campfire_upgraded":3,"win_rate":0.0,"timestamp":1611847686,"path_taken":["M","?","?","COS","M","R","E","R","T","R","?","M","M","M","R_BF","BOSS","M","M","?","M","?","R","M","COS","T","E"],"items_purchased_type":[],"build_version":"2020-12-22","purchased_purges":0,"victory":false,"max_hp_per_floor":[71,71,78,78,79,79,80,80,80,80,81,82,83,84,84,85,85,86,87,87,88,88,88,89,89,89,89,89],"card_choices":[{"not_picked":["alterego_mod:Complex","alterego_mod:PurpleHair"],"picked":"alterego_mod:Punishment","floor":1},{"not_picked":["alterego_mod:Belle","alterego_mod:Jiggle"],"picked":"alterego_mod:TrashNCrash","floor":5},{"not_picked":["alterego_mod:Tantrum","alterego_mod:PurpleHair","alterego_mod:PerceptionDisorder"],"picked":"SKIP","floor":7},{"not_picked":["alterego_mod:Clones","alterego_mod:PerceptionDisorder"],"picked":"alterego_mod:BusterCard","floor":11},{"not_picked":["alterego_mod:Cooking","alterego_mod:PerceptionDisorder"],"picked":"alterego_mod:RocketPunch","floor":12},{"not_picked":["alterego_mod:Skirt","alterego_mod:Undulate"],"picked":"alterego_mod:BusterCard","floor":13},{"not_picked":["alterego_mod:Pet","alterego_mod:Swimsuit"],"picked":"alterego_mod:Rip","floor":14},{"not_picked":["alterego_mod:STier","alterego_mod:Lift"],"picked":"alterego_mod:Vow","floor":16},{"not_picked":["alterego_mod:Skirt","alterego_mod:GoddessCore","alterego_mod:Clap"],"picked":"SKIP","floor":18},{"not_picked":["alterego_mod:Birthday+1","alterego_mod:DiscoLights+1"],"picked":"alterego_mod:BiFurious","floor":19},{"not_picked":["alterego_mod:RocketPunch","alterego_mod:Skirt"],"picked":"alterego_mod:TrashNCrash","floor":21},{"not_picked":["alterego_mod:DiscoLights","alterego_mod:Table"],"picked":"alterego_mod:Rip","floor":24}],"player_experience":134878,"relics_obtained":[{"floor":7,"key":"MealTicket"},{"floor":9,"key":"Toy Ornithopter"},{"floor":26,"key":"Matryoshka"}],"event_choices":[],"is_beta":false,"boss_relics":[{"not_picked":["Fusion Hammer","Ring of Chaos"],"picked":"Black Star"}],"items_purged_floors":[],"is_endless":false,"potions_floor_spawned":[5,7,13,19,21,24],"killed_by":"Gensokyo:Reisen","ascension_level":0}}