{"host":"g2yp6paluzgljz05","time":1611795829,"event":{"mods":["BaseMod","Bestiary","Colored Powertips","DeckTracker","Highlight Path","Minty Spire (QoL Compilation)","Quick Restart"],"gold_per_floor":[119,52,69,69,69,69,96,112,112,287,287,300,300,300,300,300,300],"floor_reached":16,"language":"ENG","playtime":427,"items_purged":[],"score":137,"play_id":"b1d25f92-5c6d-49c1-8fde-360155a1079b","local_time":"20210128120349","is_ascension_mode":true,"campfire_choices":[{"data":"Bash","floor":6,"key":"SMITH"},{"floor":13,"key":"REST"},{"floor":15,"key":"REST"}],"circlet_count":0,"master_deck":["Strike_R","Strike_R","Strike_R","Strike_R","Defend_R","Defend_R","Defend_R","Defend_R","Bash+1","Cleave","Spot Weakness","Cleave","Doubt"],"relics":["Burning Blood","Pocketwatch","InkBottle","GremlinMask","Anchor","Gambling Chip"],"acts_visited":["Exordium"],"potions_floor_usage":[],"damage_taken":[{"damage":1,"enemies":"Cultist","floor":1,"turns":3},{"damage":12,"enemies":"Jaw Worm","floor":3,"turns":2},{"damage":40,"enemies":"Lagavulin","floor":7,"turns":5},{"damage":0,"enemies":"2 Louse","floor":8,"turns":2},{"damage":16,"enemies":"Lots of Slimes","floor":12,"turns":2},{"damage":59,"enemies":"Hexaghost","floor":16,"turns":7}],"seed_played":"3933729644313206104","potions_obtained":[{"floor":7,"key":"ElixirPotion"}],"is_trial":false,"path_per_floor":["M","$","M","T","?","R","E","M","T","?","?","M","R","?","R","B"],"character_chosen":"IRONCLAD","items_purchased":["Spot Weakness"],"campfire_rested":2,"item_purchase_floors":[2],"current_hp_per_floor":[72,72,66,66,66,66,32,38,38,38,38,28,49,42,63,4,4],"gold":300,"neow_bonus":"ONE_RARE_RELIC","is_daily":false,"chose_seed":false,"campfire_upgraded":1,"win_rate":0.0,"timestamp":1611795829,"path_taken":["M","$","M","?","?","R","E","?","T","?","?","?","R","?","R","BOSS"],"items_purchased_type":["Card"],"build_version":"2020-12-22","purchased_purges":0,"victory":false,"max_hp_per_floor":[72,72,72,72,72,72,72,72,72,72,72,72,72,72,72,72,72],"card_choices":[{"not_picked":["Wild Strike","Power Through"],"picked":"Cleave","floor":1},{"not_picked":["Armaments","Sentinel","Dark Embrace"],"picked":"SKIP","floor":3},{"not_picked":["Sword Boomerang","Blood for Blood"],"picked":"Cleave","floor":7},{"not_picked":["Sever Soul","Headbutt","Havoc"],"picked":"SKIP","floor":8},{"not_picked":["Armaments","Clash","Seeing Red"],"picked":"SKIP","floor":12}],"player_experience":282957,"relics_obtained":[{"floor":4,"key":"InkBottle"},{"floor":7,"key":"Anchor"},{"floor":9,"key":"Gambling Chip"}],"event_choices":[{"damage_healed":0,"gold_gain":0,"player_choice":"Trade","damage_taken":0,"relics_obtained":["GremlinMask"],"max_hp_gain":0,"max_hp_loss":0,"event_name":"FaceTrader","floor":5,"gold_loss":0},{"damage_healed":0,"gold_gain":175,"player_choice":"AGREE","damage_taken":0,"max_hp_gain":0,"max_hp_loss":0,"event_name":"Liars Game","floor":10,"gold_loss":0,"cards_obtained":["Doubt"]},{"damage_healed":0,"gold_gain":0,"player_choice":"0 cards matched","damage_taken":0,"max_hp_gain":0,"max_hp_loss":0,"event_name":"Match and Keep!","floor":11,"gold_loss":0,"cards_obtained":[]},{"cards_removed":["Strike_R"],"damage_healed":0,"gold_gain":0,"player_choice":"Card Removal","damage_taken":7,"max_hp_gain":0,"max_hp_loss":0,"event_name":"Golden Wing","floor":14,"gold_loss":0}],"is_beta":false,"boss_relics":[],"items_purged_floors":[],"is_endless":false,"potions_floor_spawned":[7],"killed_by":"Hexaghost","ascension_level":8}}