{"host":"zxkjcgzis4pm3za5","time":1611807400,"event":{"mods":["AchievementEnabler","Act Like it!","BaseMod","Colored Map","Colored Powertips","Friendly Minions","GifTheSpireLib","Minty Spire (QoL Compilation)","Quick Restart","RNG Fix","Random Character Button","Relic Filter Mod","Relic Sorter","Relic Stats","StSLib"],"gold_per_floor":[117,135,135,135,149,180,180,211,211,58,77,77,77,77,77,154,154,170,223,223,223,123,123,133,168,168,168,168,168],"floor_reached":28,"language":"ENG","playtime":687,"items_purged":["Strike_R","Strike_R"],"score":460,"play_id":"54801d56-a808-4e16-ace4-d35e32386db5","local_time":"20210128094640","is_ascension_mode":true,"campfire_choices":[{"floor":7,"key":"REST"},{"data":"Apotheosis","floor":12,"key":"SMITH"},{"data":"Fire Breathing","floor":15,"key":"SMITH"},{"floor":23,"key":"REST"},{"floor":27,"key":"REST"}],"circlet_count":0,"master_deck":["AscendersBane","Strike_R","Strike_R","Defend_R","Defend_R","Defend_R","Defend_R","Bash","Apotheosis+1","Pommel Strike","Combust","Evolve","Immolate","Fire Breathing+1","Metallicize+1","Barricade+1","RitualDagger","Necronomicurse","Feel No Pain+1","Shrug It Off"],"relics":["Burning Blood","Bronze Scales","Blood Vial","Potion Belt","Frozen Egg 2","Velvet Choker","Ancient Tea Set","Necronomicon","Blue Candle"],"acts_visited":["Exordium","TheCity"],"potions_floor_usage":[18,24,25],"damage_taken":[{"damage":1,"enemies":"2 Louse","floor":1,"turns":3},{"damage":4,"enemies":"Small Slimes","floor":2,"turns":4},{"damage":4,"enemies":"Cultist","floor":5,"turns":4},{"damage":30,"enemies":"Gremlin Nob","floor":6,"turns":4},{"damage":16,"enemies":"3 Sentries","floor":8,"turns":3},{"damage":4,"enemies":"Blue Slaver","floor":11,"turns":5},{"damage":29,"enemies":"Slime Boss","floor":16,"turns":5},{"damage":16,"enemies":"2 Thieves","floor":18,"turns":2},{"damage":7,"enemies":"Shell Parasite","floor":24,"turns":5},{"damage":45,"enemies":"Slavers","floor":25,"turns":3},{"damage":43,"enemies":"Gremlin Leader","floor":28,"turns":4}],"seed_played":"3675489987024912522","potions_obtained":[{"floor":8,"key":"DistilledChaos"},{"floor":11,"key":"SkillPotion"},{"floor":18,"key":"Block Potion"},{"floor":24,"key":"Strength Potion"}],"is_trial":false,"path_per_floor":["M","M","?","?","M","E","R","E","T","$","M","R","?","?","R","B",null,"M","T","?","?","$","R","M","E","T","R","E"],"character_chosen":"IRONCLAD","items_purchased":["Metallicize+1"],"campfire_rested":3,"item_purchase_floors":[10],"current_hp_per_floor":[55,57,50,45,47,23,45,37,37,37,41,41,41,41,41,20,61,53,53,47,26,26,48,49,12,12,34,0,0],"gold":168,"neow_bonus":"RANDOM_COLORLESS_2","is_daily":false,"chose_seed":false,"campfire_upgraded":2,"win_rate":0.0,"timestamp":1611807400,"path_taken":["M","M","?","?","M","E","R","E","T","$","?","R","?","?","R","BOSS","M","?","?","?","$","R","?","E","T","R","E"],"items_purchased_type":["Card"],"build_version":"2020-12-22","purchased_purges":2,"victory":false,"max_hp_per_floor":[75,75,75,75,75,75,75,75,75,75,75,75,75,75,75,75,75,75,75,75,75,75,75,75,75,75,75,75,75],"relic_stats":{"Blood Vial":14,"counters":[11,42],"Bronze Scales":[84],"Blue Candle":[0],"Necronomicon":[6],"obtain_stats":[{"Blood Vial":6,"Potion Belt":8,"Bronze Scales":4,"Blue Candle":25,"Velvet Choker":17,"Necronomicon":21,"Frozen Egg 2":9,"Ancient Tea Set":19,"Burning Blood":0},{"Blood Vial":4,"Potion Belt":5,"Bronze Scales":2,"Blue Candle":10,"Velvet Choker":7,"Necronomicon":8,"Frozen Egg 2":5,"Ancient Tea Set":8,"Burning Blood":0},{"Blood Vial":15,"Potion Belt":18,"Bronze Scales":7,"Blue Candle":38,"Velvet Choker":28,"Necronomicon":30,"Frozen Egg 2":18,"Ancient Tea Set":30,"Burning Blood":0}],"Burning Blood":60},"card_choices":[{"not_picked":["Master of Strategy","Magnetism"],"picked":"Apotheosis","floor":0},{"not_picked":["Heavy Blade","Second Wind"],"picked":"Pommel Strike","floor":1},{"not_picked":["Cleave","Iron Wave"],"picked":"Combust","floor":2},{"not_picked":["Wild Strike","Heavy Blade"],"picked":"Evolve","floor":5},{"not_picked":["Combust","Pommel Strike"],"picked":"Immolate","floor":6},{"not_picked":["Armaments","Shrug It Off"],"picked":"Fire Breathing","floor":8},{"not_picked":["Armaments","Perfected Strike","Sword Boomerang"],"picked":"SKIP","floor":11},{"not_picked":["Corruption+1","Fiend Fire"],"picked":"Barricade+1","floor":16},{"not_picked":["Flex","Perfected Strike","Heavy Blade"],"picked":"SKIP","floor":18},{"not_picked":["Twin Strike","Clash"],"picked":"Feel No Pain+1","floor":24},{"not_picked":["Sword Boomerang","Disarm"],"picked":"Shrug It Off","floor":25}],"player_experience":280759,"relics_obtained":[{"floor":6,"key":"Blood Vial"},{"floor":8,"key":"Potion Belt"},{"floor":9,"key":"Frozen Egg 2"},{"floor":19,"key":"Ancient Tea Set"},{"floor":21,"key":"Necronomicon"},{"floor":25,"key":"Blue Candle"}],"event_choices":[{"cards_removed":["Strike_R"],"damage_healed":0,"gold_gain":0,"player_choice":"Card Removal","damage_taken":7,"max_hp_gain":0,"max_hp_loss":0,"event_name":"Golden Wing","floor":3,"gold_loss":0},{"damage_healed":0,"gold_gain":0,"player_choice":"Success","damage_taken":5,"relics_obtained":["Bronze Scales"],"max_hp_gain":0,"max_hp_loss":0,"event_name":"Scrap Ooze","floor":4,"gold_loss":0},{"damage_healed":0,"gold_gain":0,"player_choice":"Ignored","damage_taken":0,"max_hp_gain":0,"max_hp_loss":0,"event_name":"Shining Light","floor":13,"gold_loss":0},{"damage_healed":0,"gold_gain":0,"player_choice":"Ignored","damage_taken":0,"max_hp_gain":0,"max_hp_loss":0,"event_name":"Liars Game","floor":14,"gold_loss":0},{"damage_healed":0,"gold_gain":0,"player_choice":"Joined the Cult","damage_taken":6,"max_hp_gain":0,"max_hp_loss":0,"event_name":"Nest","floor":20,"gold_loss":0,"cards_obtained":["RitualDagger"]},{"damage_healed":0,"gold_gain":0,"player_choice":"Obtained Book","damage_taken":21,"max_hp_gain":0,"max_hp_loss":0,"event_name":"Cursed Tome","floor":21,"gold_loss":0}],"is_beta":false,"boss_relics":[{"not_picked":["SlaversCollar","Ectoplasm"],"picked":"Velvet Choker"}],"items_purged_floors":[10,22],"is_endless":false,"potions_floor_spawned":[8,11,18,24],"killed_by":"Gremlin Leader","ascension_level":18}}