{"host":"15f3wpiimhe5yrng","time":1611862312,"event":{"mods":["BaseMod","Better Altar","Better Match","Better Note","Better Sensory Stone","Better Skull","Better Third Choice","Colored Map","Downfall","GifTheSpireLib","Good Game Mod","Minty Spire (QoL Compilation)","Permanent Neow","StSLib"],"gold_per_floor":[99,117,134,134,189,204,204,204,221,253,270,285,185,219,234,329,329,329,604,604,616,1,56,56,72,72,106,144,44,62,100,143,248,248,260,292,304,335,389,451,540,580,604,669,581,619,651,674,731,743,755,799,43,43,43,43],"floor_reached":57,"language":"ENG","playtime":4861,"items_purged":["downfall:Malfunctioning","sneckomod:Strike"],"score":1370,"play_id":"561cdb59-e614-452b-a63f-698b9b0c1eec","local_time":"20210128203152","is_ascension_mode":false,"campfire_choices":[{"floor":1,"key":"RECALL"},{"data":"sneckomod:SnakeSap","floor":13,"key":"SMITH"},{"data":"sneckomod:SnekBite","floor":18,"key":"SMITH"},{"data":"HandOfGreed","floor":26,"key":"SMITH"},{"data":"sneckomod:TailWhip","floor":29,"key":"SMITH"},{"data":"sneckomod:IronFang","floor":35,"key":"SMITH"},{"data":"Dramatic Entrance","floor":45,"key":"SMITH"},{"data":"sneckomod:SnakeSap","floor":54,"key":"SMITH"}],"circlet_count":0,"master_deck":["sneckomod:Strike","sneckomod:Strike+1","sneckomod:Defend","sneckomod:Defend","sneckomod:Defend","sneckomod:TailWhip+1","sneckomod:SnekBite+1","sneckomod:Unknown+1","sneckomod:Unknown","Mayhem+1","sneckomod:SnakeSap+1","sneckomod:RainOfDice","sneckomod:IronFang+1","sneckomod:DiceBlock","Dramatic Entrance+1","sneckomod:DefensiveFlair+1","sneckomod:UnknownBlock+1","sneckomod:UnknownBoss+1","sneckomod:UnknownDraw+1","sneckomod:Restock+1","sneckomod:DiceBlock+1","sneckomod:UnknownBoss+1","sneckomod:UnknownBlock+1","sneckomod:UnknownClassGREEN+1","HandOfGreed+1","sneckomod:SerpentIdol+1","sneckomod:UnknownWeak+1","sneckomod:UnknownClassGREEN+1","sneckomod:Unknown2Cost+1","sneckomod:SnekBeam+1","sneckomod:SerpentIdol+1","sneckomod:UnknownRareSkill+1","sneckomod:UnknownDraw+1","sneckomod:Cheat+1","sneckomod:IronFang+1","sneckomod:UnknownDraw+1","sneckomod:SnakeSap+1","sneckomod:CheapStock+1","sneckomod:DiceBlock+1","Parasite","sneckomod:Restock+1","sneckomod:SnekBeam+1","sneckomod:CheapStock+1","Mayhem+1","sneckomod:UnknownDraw+1","sneckomod:UnknownCommonAttack+1","sneckomod:SnakeSap+1"],"relics":["REME:ComplimentaryCards","Runic Dome","Shuriken","Toxic Egg 2","Gremlin Horn","downfall:HeartBlessingRed","Omamori","SacredBark","Gambling Chip","White Beast Statue","sneckomod:UnknownEgg","Smiling Mask","downfall:HeartBlessingGreen","Calling Bell","MawBank","Matryoshka","Ginger","StrikeDummy","Calipers","Frozen Egg 2","Bottled Tornado","Blood Vial","Torii","downfall:HeartBlessingBlue","Meat on the Bone","Lizard Tail","ClockworkSouvenir","Bag of Marbles"],"acts_visited":["Exordium","TheCity","TheBeyond","TheEnding"],"potions_floor_usage":[5,23,46,50,56,56,56,56,56,56],"damage_taken":[{"damage":0,"enemies":"Cultist","floor":2,"turns":2},{"damage":0,"enemies":"2 Louse","floor":3,"turns":2},{"damage":11,"enemies":"Gremlin Nob","floor":5,"turns":3},{"damage":0,"enemies":"Small Slimes","floor":6,"turns":4},{"damage":0,"enemies":"Red Slaver","floor":9,"turns":3},{"damage":11,"enemies":"Lagavulin","floor":10,"turns":4},{"damage":15,"enemies":"Exordium Wildlife","floor":11,"turns":3},{"damage":0,"enemies":"2 Fungi Beasts","floor":12,"turns":2},{"damage":0,"enemies":"Gremlin Nob","floor":14,"turns":2},{"damage":0,"enemies":"Large Slime","floor":15,"turns":4},{"damage":30,"enemies":"IC_STATUS_ARCHETYPE","floor":16,"turns":6},{"damage":7,"enemies":"3 Byrds","floor":21,"turns":4},{"damage":0,"enemies":"downfall:FleeingMerchant","floor":22,"turns":4},{"damage":0,"enemies":"Slavers","floor":23,"turns":4},{"damage":5,"enemies":"Sentry and Sphere","floor":25,"turns":3},{"damage":3,"enemies":"Gremlin Leader","floor":27,"turns":4},{"damage":2,"enemies":"Centurion and Healer","floor":28,"turns":6},{"damage":0,"enemies":"Snake Plant","floor":30,"turns":2},{"damage":9,"enemies":"Shelled Parasite and Fungi","floor":31,"turns":3},{"damage":10,"enemies":"Centurion and Healer","floor":32,"turns":5},{"damage":12,"enemies":"SI_MIRROR_ARCHETYPE","floor":33,"turns":6},{"damage":4,"enemies":"3 Darklings","floor":36,"turns":3},{"damage":0,"enemies":"Orb Walker","floor":38,"turns":3},{"damage":0,"enemies":"3 Darklings","floor":39,"turns":2},{"damage":25,"enemies":"3 Darklings","floor":40,"turns":5},{"damage":10,"enemies":"Nemesis","floor":42,"turns":7},{"damage":15,"enemies":"4 Shapes","floor":43,"turns":4},{"damage":3,"enemies":"2 Orb Walkers","floor":44,"turns":3},{"damage":10,"enemies":"Reptomancer","floor":46,"turns":4},{"damage":1,"enemies":"Writhing Mass","floor":47,"turns":6},{"damage":34,"enemies":"Jaw Worm Horde","floor":48,"turns":4},{"damage":0,"enemies":"4 Shapes","floor":49,"turns":2},{"damage":46,"enemies":"DF_ARCHETYPE_ORBS","floor":50,"turns":9},{"damage":40,"enemies":"downfall:CharBossMerchant","floor":52,"turns":7},{"damage":23,"enemies":"downfall:NeowBoss","floor":55,"turns":18},{"damage":37,"enemies":"downfall:NeowBossFinal","floor":56,"turns":8}],"seed_played":"-1516651923345393473","potions_obtained":[{"floor":3,"key":"SteroidPotion"},{"floor":5,"key":"GamblersBrew"},{"floor":6,"key":"sneckomod:OffclassReductionPotion"},{"floor":10,"key":"CultistPotion"},{"floor":14,"key":"LiquidMemories"},{"floor":25,"key":"BlessingOfTheForge"},{"floor":38,"key":"sneckomod:DiceRollPotion"},{"floor":46,"key":"EntropicBrew"},{"floor":49,"key":"Regen Potion"},{"floor":52,"key":"Fire Potion"}],"is_trial":false,"path_per_floor":["R","M","M","?","?","M","T","?","M","E","M","M","R","E","M","B",null,"R","?","?","M","$","E","T","M","R","E","M","R","M","M","M","B",null,"R","M","?","M","M","?","T","E","M","?","R","E","M","M","M","B",null,"E","$","R","B","B",null],"character_chosen":"THE_SNECKO","items_purchased":["HandOfGreed","sneckomod:SerpentIdol+1","Gambling Chip","ClockworkSouvenir","sneckomod:CheapStock+1","Mayhem+1","Bag of Marbles","sneckomod:UnknownDraw+1","sneckomod:UnknownCommonAttack+1","sneckomod:SnakeSap"],"campfire_rested":0,"item_purchase_floors":[22,22,22,53,53,53,53,53,53,53],"current_hp_per_floor":[90,90,90,90,79,79,79,79,79,68,53,53,53,53,53,23,90,90,90,90,83,83,83,83,78,78,75,73,73,73,64,54,42,90,90,86,86,86,86,61,61,51,38,37,47,39,52,32,46,58,100,70,70,70,61,38],"gold":43,"neow_bonus":"BOSS_RELIC","is_daily":false,"chose_seed":false,"campfire_upgraded":7,"win_rate":0.0,"timestamp":1611862312,"path_taken":["R","M","M","?","?","M","T","?","?","E","M","M","R","E","M","BOSS","R","?","?","M","$","E","T","M","R","E","M","R","M","M","M","BOSS","R","M","?","M","M","?","T","E","M","?","R","E","M","?","M","BOSS","E","$","R","BOSS","BOSS"],"items_purchased_type":["Card","Card","Relic","Relic","Card","Card","Relic","Card","Card","Card"],"build_version":"2020-12-22","purchased_purges":2,"victory":true,"max_hp_per_floor":[90,90,90,90,90,90,90,90,90,90,90,90,90,90,90,90,90,90,90,90,90,90,90,90,90,90,90,90,90,90,90,90,90,90,90,90,90,90,90,90,90,90,90,90,100,100,100,100,100,100,100,100,100,100,100,100],"card_choices":[{"not_picked":["sneckomod:UnknownUncommonPower","sneckomod:QuickMove"],"picked":"sneckomod:SnakeSap","floor":2},{"not_picked":["sneckomod:UnknownExhaust","sneckomod:DiceCrush"],"picked":"sneckomod:RainOfDice","floor":3},{"not_picked":["sneckomod:DiceBoulder","sneckomod:ImprovisedGuard"],"picked":"sneckomod:IronFang","floor":5},{"not_picked":["sneckomod:QuickBite","sneckomod:UnknownExhaust"],"picked":"sneckomod:DiceBlock","floor":6},{"not_picked":["Sadistic Nature","Swift Strike"],"picked":"Dramatic Entrance","floor":8},{"not_picked":["sneckomod:DiceCrush","sneckomod:QuickBite"],"picked":"sneckomod:DefensiveFlair+1","floor":9},{"not_picked":["sneckomod:UnknownCommonAttack","sneckomod:QuickMove+1"],"picked":"sneckomod:UnknownBlock+1","floor":10},{"not_picked":["sneckomod:UnknownStrike","sneckomod:Unknown1Cost+1"],"picked":"sneckomod:UnknownBoss+1","floor":11},{"not_picked":["sneckomod:SnekBeam","sneckomod:SnakeSap"],"picked":"sneckomod:UnknownDraw+1","floor":12},{"not_picked":["sneckomod:RainOfDice","sneckomod:SoulDraw+1"],"picked":"sneckomod:Restock+1","floor":14},{"not_picked":["sneckomod:QuickBite","sneckomod:DiceCrush"],"picked":"sneckomod:DiceBlock+1","floor":15},{"not_picked":["sneckomod:Restock+1","sneckomod:MorePower"],"picked":"sneckomod:UnknownBoss+1","floor":16},{"not_picked":["sneckomod:DefensiveFlair+1","sneckomod:UnknownUncommonPower"],"picked":"sneckomod:UnknownBlock+1","floor":21},{"not_picked":["sneckomod:SoulRoll+1","sneckomod:SnakeSap"],"picked":"sneckomod:UnknownClassGREEN+1","floor":22},{"not_picked":["sneckomod:RainOfDice","sneckomod:UnknownRareAttack"],"picked":"sneckomod:UnknownWeak+1","floor":23},{"not_picked":["sneckomod:Unknown1Cost+1","sneckomod:QuickBite"],"picked":"sneckomod:UnknownClassGREEN+1","floor":25},{"not_picked":["sneckomod:SoulCleanse+1","sneckomod:WideSting"],"picked":"sneckomod:Unknown2Cost+1","floor":27},{"not_picked":["sneckomod:UnknownClassTHE_BRONZE_AUTOMATON+1","sneckomod:UnknownCommonSkill+1"],"picked":"sneckomod:SnekBeam+1","floor":28},{"not_picked":["sneckomod:UnknownClassGREEN+1","sneckomod:SnekBeam"],"picked":"sneckomod:SerpentIdol+1","floor":30},{"not_picked":["sneckomod:WideSting","sneckomod:UnknownCommonSkill+1"],"picked":"sneckomod:UnknownRareSkill+1","floor":31},{"not_picked":["sneckomod:UnknownCommonAttack+1","sneckomod:QuickMove+1"],"picked":"sneckomod:UnknownDraw+1","floor":32},{"not_picked":["sneckomod:UnknownRareAttack+1","sneckomod:SerpentMind"],"picked":"sneckomod:Cheat+1","floor":33},{"not_picked":["sneckomod:RainOfDice+1","sneckomod:SoulCleanse+1","sneckomod:MasterEye+1"],"picked":"SKIP","floor":36},{"not_picked":["sneckomod:MasterEye","sneckomod:ImprovisedAttack+1"],"picked":"sneckomod:IronFang+1","floor":38},{"not_picked":["sneckomod:DangerNoodle","sneckomod:DiceCrush+1","sneckomod:DefensiveFlair+1"],"picked":"SKIP","floor":39},{"not_picked":["sneckomod:QuickBite+1","sneckomod:CheapStock+1"],"picked":"sneckomod:UnknownDraw+1","floor":40},{"not_picked":["sneckomod:UnknownClassTHE_CHAMP_GRAY+1","sneckomod:UnknownExhaust+1","sneckomod:SoulExchange+1"],"picked":"SKIP","floor":42},{"not_picked":["sneckomod:DiceCrush+1","sneckomod:ImprovisedGuard+1"],"picked":"sneckomod:SnakeSap+1","floor":43},{"not_picked":["sneckomod:UnknownDraw+1","sneckomod:UnknownExhaust+1"],"picked":"sneckomod:CheapStock+1","floor":44},{"not_picked":["sneckomod:Unknown1Cost+1","sneckomod:UnknownClassTHE_CHAMP_GRAY+1"],"picked":"sneckomod:DiceBlock+1","floor":46},{"not_picked":["sneckomod:RainOfDice+1","sneckomod:UnknownCommonSkill+1"],"picked":"sneckomod:Restock+1","floor":47},{"not_picked":["sneckomod:UnknownCommonAttack+1","sneckomod:QuickMove+1","sneckomod:UnknownUncommonAttack+1"],"picked":"SKIP","floor":48},{"not_picked":["sneckomod:RainOfDice","sneckomod:SlitherStrike+1"],"picked":"sneckomod:SnekBeam+1","floor":49},{"not_picked":["sneckomod:RainOfDice+1","sneckomod:SerpentMind+1","sneckomod:QuickMove+1"],"picked":"SKIP","floor":52}],"player_experience":88260,"relics_obtained":[{"floor":5,"key":"Shuriken"},{"floor":7,"key":"Toxic Egg 2"},{"floor":10,"key":"Gremlin Horn"},{"floor":14,"key":"Omamori"},{"floor":23,"key":"White Beast Statue"},{"floor":24,"key":"sneckomod:UnknownEgg"},{"floor":27,"key":"Smiling Mask"},{"floor":34,"key":"MawBank"},{"floor":34,"key":"Matryoshka"},{"floor":34,"key":"Ginger"},{"floor":37,"key":"StrikeDummy"},{"floor":40,"key":"Calipers"},{"floor":41,"key":"Frozen Egg 2"},{"floor":41,"key":"Bottled Tornado"},{"floor":42,"key":"Blood Vial"},{"floor":44,"key":"Torii"},{"floor":46,"key":"Meat on the Bone"},{"floor":52,"key":"Lizard Tail"}],"event_choices":[{"damage_healed":0,"gold_gain":1,"player_choice":"1","damage_taken":0,"max_hp_gain":0,"max_hp_loss":0,"event_name":"betterStone:BetterStone","floor":8,"gold_loss":0},{"cards_removed":["Mayhem"],"damage_healed":0,"gold_gain":0,"player_choice":"Give","damage_taken":0,"max_hp_gain":0,"max_hp_loss":0,"event_name":"betterNote:BetterNote","floor":20,"gold_loss":0,"cards_obtained":["None"]},{"damage_healed":0,"gold_gain":0,"player_choice":"Fight","damage_taken":0,"max_hp_gain":0,"max_hp_loss":0,"event_name":"Mysterious Sphere","floor":44,"gold_loss":0}],"is_beta":false,"boss_relics":[{"not_picked":["Sozu","Astrolabe"],"picked":"SacredBark"},{"not_picked":["Tiny House","Black Star"],"picked":"Calling Bell"}],"items_purged_floors":[22,53],"is_endless":false,"potions_floor_spawned":[3,5,6,10,11,14,25,27,28,30,31,32,33,36,38,39,40,42,43,44,46,47,48,49,52],"ascension_level":0}}