{"host":"1vzdexsn8vtq5lt7","time":1611845876,"event":{"mods":["Act Like it!","BaseMod","Colored Map","Colored Powertips","Conspire","Downfall","Easy Mod","Energized Spire","Minty Spire (QoL Compilation)","Quick Restart","Relic Stats","Replay The Spire","StSLib","SuperFastMode","TestMod","【功能Mod】Neow奖励","【功能Mod】混沌之环修复补丁","【功能Mod】精心准备","【遗物卡牌】REMEMod","没有小屋子和绿帽子啦"],"gold_per_floor":[99,110,124,138,150,175,245,245,145,156,156,172,183,183,194,289,289,289,303,303,316,341,341,341,341,373,75,88,88,106,133,152,254,254,254,264,16,16,66,66,66,92,110,142,142,142,142,242,252,252],"floor_reached":51,"language":"ZHS","playtime":1858,"items_purged":["champ:Defend","champ:Strike"],"score":1147,"play_id":"dbe11bd2-5ee5-4d7a-859d-2136957a666d","local_time":"20210128225756","is_ascension_mode":false,"campfire_choices":[{"data":"REME_Flogging","floor":1,"key":"SMITH"},{"data":"champ:Taunt","floor":9,"key":"SMITH"},{"data":"champ:Execute","floor":11,"key":"SMITH"},{"data":"champ:CheapShot","floor":18,"key":"SMITH"},{"data":"champ:DeathBlow","floor":25,"key":"SMITH"},{"data":"champ:HeavySlash","floor":29,"key":"SMITH"},{"data":"champ:DancingMaster","floor":35,"key":"SMITH"},{"data":"expansioncontent:QuickStudy","floor":40,"key":"SMITH"},{"data":"champ:Endure","floor":45,"key":"SMITH"},{"data":"champ:IronFortress","floor":47,"key":"SMITH"}],"circlet_count":0,"master_deck":["EasyMod:card_1","champ:Strike+1","champ:Strike","champ:Strike","champ:Defend+1","champ:Defend+1","champ:Defend","champ:Execute+1","champ:Taunt+1","REME_Flogging+1","champ:FocusedBerserking","champ:RageSigil","champ:Endure+1","champ:RageSigil","champ:DeathBlow+1","champ:PreciseThrust","champ:RageSigil","champ:CheapShot+1","champ:BerserkerStyle+1","champ:FaceSlap+1","champ:HeavySlash+1","expansioncontent:QuickStudy+1","champ:IronFortress+1","champ:Encircle+1","champ:DancingMaster+1","champ:StanceDance","champ:FanOfKnives+1","champ:RageSigil"],"relics":["champ:ChampionCrown","EasyMod:Easy_8","EasyMod:Easy_5","EasyMod:Easy_1","testmod-TestBox","REME_ComplimentaryCards","testmod-Alchemist","testmod-RainbowHikingShoes","testmod-ArcanaOfDestiny","downfall:HeartBlessingGreen","War Paint","Omamori","ChewingGum","ReplayTheSpireMod:Lightbulb","sneckomod:BabySnecko","Mummified Hand","champ:FightingForDummies","Boot","sneckomod:BlankCard","Replay:Baseball","Akabeko","Divine Protection","Potion Belt","testmod-CardMagician","Whetstone","testmod-CyclicPeriapt","Replay:Bottled Steam","testmod-Antiphasic","testmod-Déjàvu","Toy Ornithopter","Bag of Marbles"],"acts_visited":["Exordium","TheCity","TheBeyond"],"potions_floor_usage":[8,16,26],"damage_taken":[{"damage":12,"enemies":"Small Slimes","floor":2,"turns":3},{"damage":10,"enemies":"Cultist","floor":3,"turns":2},{"damage":0,"enemies":"conspire:RoseBush","floor":4,"turns":2},{"damage":20,"enemies":"3 Louse","floor":5,"turns":4},{"damage":57,"enemies":"3 Sentries","floor":6,"turns":7},{"damage":30,"enemies":"Exordium Wildlife","floor":10,"turns":3},{"damage":15,"enemies":"2 Fungi Beasts","floor":12,"turns":2},{"damage":10,"enemies":"conspire:2 RoseBushes","floor":13,"turns":2},{"damage":12,"enemies":"Exordium Thugs","floor":15,"turns":3},{"damage":40,"enemies":"WA_ARCHETYPE_RETAIN","floor":16,"turns":3},{"damage":35,"enemies":"3 Byrds","floor":19,"turns":2},{"damage":45,"enemies":"conspire:FuzzyDice","floor":21,"turns":3},{"damage":60,"enemies":"Gremlin Leader","floor":26,"turns":3},{"damage":52,"enemies":"downfall:FleeingMerchant","floor":27,"turns":3},{"damage":22,"enemies":"Centurion and Healer","floor":28,"turns":2},{"damage":73,"enemies":"conspire:HollyBat","floor":30,"turns":4},{"damage":31,"enemies":"conspire:SneckoGhost","floor":31,"turns":1},{"damage":28,"enemies":"3 Cultists","floor":32,"turns":2},{"damage":27,"enemies":"DF_ARCHETYPE_CLAW","floor":33,"turns":2},{"damage":6,"enemies":"Orb Walker","floor":36,"turns":1},{"damage":0,"enemies":"Orb Walker","floor":39,"turns":1},{"damage":0,"enemies":"Nemesis","floor":42,"turns":1},{"damage":2,"enemies":"3 Shapes","floor":43,"turns":1},{"damage":0,"enemies":"R_Hoarder","floor":44,"turns":2},{"damage":20,"enemies":"downfall:LadyInBlue","floor":48,"turns":1},{"damage":20,"enemies":"Spire Growth","floor":49,"turns":1},{"damage":6,"enemies":"SI_POISON_ARCHETYPE","floor":50,"turns":1}],"seed_played":"624166574862319097","potions_obtained":[{"floor":0,"key":"testmod-SpacePotion"},{"floor":0,"key":"ColorlessPotion"},{"floor":0,"key":"Languid Potion"},{"floor":3,"key":"testmod-TimePotion"},{"floor":6,"key":"conspire:TimeTravelPotion"},{"floor":8,"key":"DuplicationPotion"},{"floor":8,"key":"Venom Potion"},{"floor":8,"key":"Death Potion"},{"floor":19,"key":"Milkshake"},{"floor":26,"key":"REME_GoldPotion"},{"floor":28,"key":"BlessingOfTheForge"},{"floor":33,"key":"Block Potion"},{"floor":39,"key":"Dexterity Potion"},{"floor":42,"key":"FairyPotion"},{"floor":48,"key":"CultistPotion"}],"is_trial":false,"path_per_floor":["R","M","M","M","M","E","T","?","R","M","R","M","M","?","M","B",null,"R","M","?","M","T","?","T","R","E","$","M","R","M","E","M","B",null,"R","M","$","?","?","R","T","E","M","E","R","?","R","?","M","B",null],"character_chosen":"THE_CHAMP","items_purchased":["expansioncontent:QuickStudy","champ:IronFortress","sneckomod:BlankCard","Replay:Baseball","Whetstone"],"campfire_rested":0,"item_purchase_floors":[27,27,27,27,37],"current_hp_per_floor":[90,88,88,88,83,71,71,71,71,71,71,71,71,76,74,74,95,95,95,76,76,76,76,76,76,76,76,76,76,100,100,100,100,100,100,100,100,100,100,100,100,100,100,100,100,100,100,100,100,100],"gold":252,"neow_bonus":"THREE_SMALL_POTIONS","is_daily":false,"chose_seed":false,"campfire_upgraded":10,"win_rate":0.0,"timestamp":1611845876,"path_taken":["R","M","M","M","M","E","T","?","R","M","R","M","?","?","M","BOSS","R","M","?","M","?","?","T","R","E","?","M","R","M","E","M","BOSS","R","M","$","?","?","R","T","E","M","E","R","?","R","?","M","BOSS"],"items_purchased_type":["Card","Card","Relic","Relic","Relic"],"build_version":"2020-12-22","purchased_purges":2,"victory":true,"max_hp_per_floor":[90,90,90,90,90,90,90,90,90,90,90,90,90,95,95,95,95,95,95,100,100,100,100,100,100,100,100,100,100,100,100,100,100,100,100,100,100,100,100,100,100,100,100,100,100,100,100,100,100,100],"relic_stats":{"counters":[27,62],"Mummified Hand":[41],"Whetstone":["champ:Encircle","champ:Strike"],"War Paint":["champ:Defend","champ:Defend"],"Boot":[0],"obtain_stats":[{"Divine Protection":31,"sneckomod:BlankCard":27,"champ:ChampionCrown":0,"downfall:HeartBlessingGreen":9,"Whetstone":37,"testmod-RainbowHikingShoes":6,"Boot":26,"EasyMod:Easy_1":0,"EasyMod:Easy_5":0,"testmod-Alchemist":0,"EasyMod:Easy_8":0,"Mummified Hand":24,"testmod-Déjàvu":44,"champ:FightingForDummies":26,"testmod-ArcanaOfDestiny":7,"Replay:Bottled Steam":41,"Potion Belt":33,"testmod-TestBox":0,"testmod-CardMagician":34,"testmod-CyclicPeriapt":39,"Omamori":16,"War Paint":12,"Akabeko":30,"sneckomod:BabySnecko":23,"testmod-Antiphasic":42,"Replay:Baseball":27,"ChewingGum":17,"Bag of Marbles":49,"ReplayTheSpireMod:Lightbulb":22,"Toy Ornithopter":48,"REME_ComplimentaryCards":0},{"Divine Protection":17,"sneckomod:BlankCard":14,"champ:ChampionCrown":0,"downfall:HeartBlessingGreen":5,"Whetstone":20,"testmod-RainbowHikingShoes":5,"Boot":13,"EasyMod:Easy_1":0,"EasyMod:Easy_5":0,"testmod-Alchemist":0,"EasyMod:Easy_8":0,"Mummified Hand":12,"testmod-Déjàvu":24,"champ:FightingForDummies":13,"testmod-ArcanaOfDestiny":5,"Replay:Bottled Steam":21,"Potion Belt":19,"testmod-TestBox":0,"testmod-CardMagician":19,"testmod-CyclicPeriapt":21,"Omamori":10,"War Paint":7,"Akabeko":16,"sneckomod:BabySnecko":12,"testmod-Antiphasic":22,"Replay:Baseball":14,"ChewingGum":10,"Bag of Marbles":26,"ReplayTheSpireMod:Lightbulb":12,"Toy Ornithopter":25,"REME_ComplimentaryCards":0},{"Divine Protection":49,"sneckomod:BlankCard":42,"champ:ChampionCrown":0,"downfall:HeartBlessingGreen":18,"Whetstone":54,"testmod-RainbowHikingShoes":18,"Boot":39,"EasyMod:Easy_1":0,"EasyMod:Easy_5":0,"testmod-Alchemist":0,"EasyMod:Easy_8":0,"Mummified Hand":36,"testmod-Déjàvu":59,"champ:FightingForDummies":39,"testmod-ArcanaOfDestiny":18,"Replay:Bottled Steam":55,"Potion Belt":53,"testmod-TestBox":0,"testmod-CardMagician":53,"testmod-CyclicPeriapt":55,"Omamori":31,"War Paint":23,"Akabeko":48,"sneckomod:BabySnecko":36,"testmod-Antiphasic":56,"Replay:Baseball":42,"ChewingGum":31,"Bag of Marbles":61,"ReplayTheSpireMod:Lightbulb":36,"Toy Ornithopter":60,"REME_ComplimentaryCards":0}],"Toy Ornithopter":0},"card_choices":[{"not_picked":["champ:PreemptiveStrike","champ:BerserkersShout"],"picked":"champ:FocusedBerserking","floor":2},{"not_picked":["champ:BladeFlurry","champ:GutPunch"],"picked":"champ:RageSigil","floor":3},{"not_picked":["champ:EndlessRage","champ:FlashCut"],"picked":"champ:Endure","floor":4},{"not_picked":["champ:DefensiveStyle","champ:ShieldSigil"],"picked":"champ:RageSigil","floor":5},{"not_picked":["champ:Haymaker","champ:StrikeOfGenius","champ:FancyFootwork"],"picked":"SKIP","floor":6},{"not_picked":["champ:Circumvent","champ:CrownThrow"],"picked":"champ:DeathBlow","floor":10},{"not_picked":["champ:BerserkersShout","champ:TornadoPunch"],"picked":"champ:PreciseThrust","floor":12},{"not_picked":["champ:BladeFlurry","champ:Backstep","champ:Shatter"],"picked":"SKIP","floor":13},{"not_picked":["champ:FancyFootwork","champ:FocusedBerserking"],"picked":"champ:RageSigil","floor":15},{"not_picked":["champ:EnchantSword","champ:Improvising"],"picked":"champ:CheapShot","floor":16},{"not_picked":["champ:TornadoPunch","champ:BerserkersShout"],"picked":"champ:BerserkerStyle+1","floor":19},{"not_picked":["champ:PreciseThrust","champ:Circumvent","champ:BerserkersShout"],"picked":"SKIP","floor":21},{"not_picked":["champ:RisingSlash","champ:SkillfulDodge"],"picked":"champ:FaceSlap+1","floor":26},{"not_picked":["champ:PreciseThrust","champ:Encircle"],"picked":"champ:HeavySlash","floor":27},{"not_picked":["champ:PreciseThrust","champ:Circumvent"],"picked":"champ:Encircle","floor":28},{"not_picked":["champ:Circumvent","champ:FancyFootwork","champ:TornadoPunch"],"picked":"SKIP","floor":30},{"not_picked":["champ:BladeFlurry","champ:BringItOn","champ:TornadoPunch"],"picked":"SKIP","floor":31},{"not_picked":["champ:FocusedBerserking+1","champ:ViciousMockery","champ:Circumvent"],"picked":"SKIP","floor":32},{"not_picked":["champ:CheapShot","champ:EnchantShield"],"picked":"champ:DancingMaster","floor":33},{"not_picked":["champ:FlashCut","champ:Backstep+1","champ:DeathBlow"],"picked":"SKIP","floor":36},{"not_picked":["champ:FocusedDefense+1","champ:EndlessRage"],"picked":"champ:StanceDance","floor":39},{"not_picked":["champ:SetATrap","champ:EnchantCrown"],"picked":"champ:FanOfKnives+1","floor":42},{"not_picked":["champ:FancyFootwork+1","champ:Backstep"],"picked":"champ:RageSigil","floor":43},{"not_picked":["champ:Lariat+1","champ:ShieldWall","champ:BladeFlurry+1"],"picked":"SKIP","floor":44},{"not_picked":["champ:CrownThrow","champ:FlashCut","champ:DefensiveShout+1"],"picked":"SKIP","floor":49}],"player_experience":235024,"relics_obtained":[{"floor":6,"key":"testmod-RainbowHikingShoes"},{"floor":7,"key":"testmod-ArcanaOfDestiny"},{"floor":12,"key":"War Paint"},{"floor":16,"key":"Omamori"},{"floor":22,"key":"ReplayTheSpireMod:Lightbulb"},{"floor":24,"key":"Mummified Hand"},{"floor":26,"key":"champ:FightingForDummies"},{"floor":26,"key":"Boot"},{"floor":30,"key":"Akabeko"},{"floor":31,"key":"Divine Protection"},{"floor":33,"key":"Potion Belt"},{"floor":39,"key":"testmod-CyclicPeriapt"},{"floor":41,"key":"Replay:Bottled Steam"},{"floor":42,"key":"testmod-Antiphasic"},{"floor":44,"key":"testmod-Déjàvu"},{"floor":48,"key":"Toy Ornithopter"},{"floor":49,"key":"Bag of Marbles"}],"event_choices":[{"damage_healed":0,"gold_gain":0,"player_choice":"Got Potions","damage_taken":0,"max_hp_gain":0,"max_hp_loss":0,"event_name":"Lab","floor":8,"gold_loss":0},{"damage_healed":0,"gold_gain":0,"player_choice":"Donut","damage_taken":0,"max_hp_gain":5,"max_hp_loss":0,"event_name":"Big Fish","floor":14,"gold_loss":0}],"is_beta":false,"boss_relics":[{"not_picked":["energizedSpire:NeverEndingSparkler","energizedSpire:SpiderWeb"],"picked":"ChewingGum"},{"not_picked":["testmod-DeterminationOfClimber","Velvet Choker"],"picked":"testmod-CardMagician"}],"items_purged_floors":[27,37],"is_endless":false,"potions_floor_spawned":[3,5,6,10,19,26,28,32,33,39,42,43,49],"ascension_level":0}}