{"host":"qsusua7l529r8z9k","time":1611815121,"event":{"mods":["BaseMod","Minty Spire (QoL Compilation)","StSLib"],"gold_per_floor":[117,117,42,54,69,69,102,111,111,111,105,131,31,47,47,127,127,154,204,236,79,79,79,79,79],"floor_reached":24,"language":"ZHS","playtime":730,"items_purged":["Strike_B","Regret"],"score":529,"play_id":"c318adf7-6a0f-4ac5-b28a-4b64e11d9ecc","local_time":"20210128142521","is_ascension_mode":true,"campfire_choices":[{"data":"Defragment","floor":6.0,"key":"SMITH"},{"data":"Dualcast","floor":10.0,"key":"SMITH"},{"data":"Turbo","floor":15.0,"key":"SMITH"},{"data":"White Noise","floor":23,"key":"SMITH"}],"circlet_count":0,"master_deck":["AscendersBane","Strike_B","Defend_B","Defend_B","Defend_B","Defend_B","Zap","Dualcast+1","Cold Snap","Go for the Eyes","Defragment+1","White Noise+1","Creative AI","Turbo+1","Meteor Strike","Ball Lightning"],"relics":["Empty Cage","Bag of Marbles","CeramicFish","Meat on the Bone","Coffee Dripper","Red Mask","Omamori","Lantern"],"acts_visited":["Exordium","TheCity"],"potions_floor_usage":[20],"damage_taken":[{"damage":0.0,"enemies":"Cultist","floor":1.0,"turns":5.0},{"damage":1.0,"enemies":"2 Louse","floor":4.0,"turns":4.0},{"damage":2.0,"enemies":"Jaw Worm","floor":5.0,"turns":4.0},{"damage":2.0,"enemies":"Lagavulin","floor":7.0,"turns":8.0},{"damage":17.0,"enemies":"Exordium Thugs","floor":11.0,"turns":4.0},{"damage":14.0,"enemies":"2 Fungi Beasts","floor":12.0,"turns":4.0},{"damage":11.0,"enemies":"Looter","floor":14.0,"turns":5.0},{"damage":25.0,"enemies":"Hexaghost","floor":16.0,"turns":12.0},{"damage":19.0,"enemies":"Shell Parasite","floor":18.0,"turns":8.0},{"damage":13,"enemies":"Masked Bandits","floor":20,"turns":4},{"damage":50,"enemies":"Slavers","floor":24,"turns":3}],"seed_played":"-8877937099324438289","potions_obtained":[{"floor":7.0,"key":"Fruit Juice"},{"floor":14.0,"key":"DistilledChaos"},{"floor":16.0,"key":"Weak Potion"}],"is_trial":false,"path_per_floor":["M","?","$","M","M","R","E","?","T","R","M","M","$","M","R","B",null,"M","?","?","$","?","R","E"],"character_chosen":"DEFECT","items_purchased":["Omamori"],"campfire_rested":0,"item_purchase_floors":[21],"current_hp_per_floor":[64,60,60,59,57,57,60,60,60,60,43,41,41,42,42,29,64,45,45,44,44,44,44,0,0],"gold":79,"neow_bonus":"BOSS_RELIC","is_daily":false,"chose_seed":false,"campfire_upgraded":4,"win_rate":0.0,"timestamp":1611815121,"path_taken":["M","?","?","?","M","R","E","?","T","R","M","M","$","M","R","BOSS","M","?","?","$","?","R","E"],"items_purchased_type":["Relic"],"build_version":"2020-12-22","purchased_purges":2,"victory":false,"max_hp_per_floor":[71,71,71,71,71,71,76,76,76,76,76,76,76,76,76,76,76,76,76,76,76,76,76,76,76],"card_choices":[{"not_picked":["Stack","Steam"],"picked":"Cold Snap","floor":1.0},{"not_picked":["Sweeping Beam","Steam"],"picked":"Go for the Eyes","floor":4.0},{"not_picked":["Glacier","Chill"],"picked":"Defragment","floor":5.0},{"not_picked":["Steam","Doom and Gloom"],"picked":"White Noise","floor":7.0},{"not_picked":["Conserve Battery","Coolheaded"],"picked":"Creative AI","floor":11.0},{"not_picked":["Gash","Recycle"],"picked":"Turbo","floor":12.0},{"not_picked":["Steam Power","Beam Cell","Compile Driver"],"picked":"SKIP","floor":14.0},{"not_picked":["Seek","Core Surge"],"picked":"Meteor Strike","floor":16.0},{"not_picked":["Lockon+1","Steam Power"],"picked":"Ball Lightning","floor":18.0}],"player_experience":515354,"relics_obtained":[{"floor":7.0,"key":"Bag of Marbles"},{"floor":9.0,"key":"Meat on the Bone"},{"floor":20,"key":"Red Mask"}],"event_choices":[{"damage_healed":0.0,"max_hp_gain":0.0,"max_hp_loss":0.0,"gold_gain":0.0,"event_name":"The Woman in Blue","player_choice":"Bought 0 Potions","floor":2.0,"gold_loss":0.0,"damage_taken":0.0},{"damage_healed":0.0,"max_hp_gain":0.0,"max_hp_loss":0.0,"gold_gain":0.0,"event_name":"Big Fish","player_choice":"Box","floor":8.0,"gold_loss":0.0,"damage_taken":0.0,"relics_obtained":["CeramicFish"],"cards_obtained":["Regret"]},{"damage_healed":0.0,"max_hp_gain":0.0,"max_hp_loss":0.0,"gold_gain":50.0,"event_name":"Nest","player_choice":"Stole From Cult","floor":19.0,"gold_loss":0.0,"damage_taken":0.0},{"damage_healed":0,"gold_gain":0,"player_choice":"Fought Bandits","damage_taken":0,"max_hp_gain":0,"max_hp_loss":0,"event_name":"Masked Bandits","floor":20,"gold_loss":0},{"damage_healed":0,"gold_gain":0,"player_choice":"Stole Relic","damage_taken":0,"relics_obtained":["Lantern"],"max_hp_gain":0,"max_hp_loss":0,"event_name":"Addict","floor":22,"gold_loss":0,"cards_obtained":["Shame"]}],"is_beta":false,"boss_relics":[{"not_picked":["SacredBark","SlaversCollar"],"picked":"Coffee Dripper"}],"items_purged_floors":[3,13],"is_endless":false,"potions_floor_spawned":[7,14,16,18],"killed_by":"Slavers","ascension_level":16}}