{"host":"nx6t4q2fc0vdue7l","time":1611849110,"event":{"mods":["2.2 Compatiblity","BaseMod","Minty Spire (QoL Compilation)"],"gold_per_floor":[217,392,392,411,428,428,462,462,536,547,561,571,596,395,395,500,500,519,535,535,399,410,410,410,410],"floor_reached":24,"language":"ENG","playtime":1365,"items_purged":["Doubt","PiercingWail"],"score":239,"play_id":"1c70754c-3e2c-4cd1-b016-b88196337866","local_time":"20210128165150","is_ascension_mode":true,"campfire_choices":[{"data":"Accuracy","floor":6,"key":"SMITH"},{"floor":8,"key":"REST"},{"data":"Accuracy","floor":15,"key":"SMITH"},{"floor":23,"key":"REST"}],"circlet_count":0,"master_deck":["Strike_G","Strike_G","Strike_G","Defend_G","Defend_G","Defend_G","Defend_G","Defend_G","Survivor","Neutralize","Blade Dance","Deflect","Accuracy+1","Blade Dance","Blade Dance","PiercingWail","PiercingWail","Accuracy+1","Night Terror","Outmaneuver","Phantasmal Killer","Footwork","Finisher+1"],"relics":["Ring of the Snake","MealTicket","Eternal Feather","Gremlin Horn","SlaversCollar"],"acts_visited":["TheCity"],"potions_floor_usage":[12,13,16],"damage_taken":[{"damage":1,"enemies":"Jaw Worm","floor":1,"turns":5},{"damage":5,"enemies":"Cultist","floor":4,"turns":4},{"damage":6,"enemies":"Small Slimes","floor":5,"turns":5},{"damage":26,"enemies":"Lagavulin","floor":7,"turns":8},{"damage":1,"enemies":"Exordium Wildlife","floor":10,"turns":4},{"damage":5,"enemies":"Blue Slaver","floor":11,"turns":4},{"damage":1,"enemies":"3 Louse","floor":12,"turns":2},{"damage":41,"enemies":"Gremlin Nob","floor":13,"turns":5},{"damage":13,"enemies":"The Guardian","floor":16,"turns":10},{"damage":0,"enemies":"2 Thieves","floor":18,"turns":2},{"damage":13,"enemies":"Shell Parasite","floor":19,"turns":4},{"damage":48,"enemies":"Sentry and Sphere","floor":22,"turns":7},{"damage":60,"enemies":"Slavers","floor":24,"turns":3}],"seed_played":"-2362112114754252436","potions_obtained":[{"floor":1,"key":"SneckoOil"},{"floor":7,"key":"CunningPotion"},{"floor":12,"key":"SpeedPotion"},{"floor":16,"key":"Strength Potion"}],"is_trial":false,"path_per_floor":["M","?","?","M","M","R","E","R","T","M","M","M","E","$","R","B",null,"M","M","?","$","M","R","E"],"character_chosen":"THE_SILENT","items_purchased":["Accuracy","PiercingWail","Footwork"],"campfire_rested":2,"item_purchase_floors":[14,14,21],"current_hp_per_floor":[69,69,69,64,58,58,32,53,53,52,47,46,5,20,32,19,70,70,57,57,70,22,55,0,0],"gold":410,"neow_bonus":"HUNDRED_GOLD","is_daily":false,"chose_seed":false,"campfire_upgraded":2,"win_rate":0.0,"timestamp":1611849110,"path_taken":["M","?","?","M","M","R","E","R","T","M","?","M","E","$","R","BOSS","M","?","?","$","M","R","E"],"items_purchased_type":["Card","Card","Card"],"build_version":"2020-12-22","purchased_purges":2,"victory":false,"max_hp_per_floor":[70,70,70,70,70,70,70,70,70,70,70,70,70,70,70,70,70,70,70,70,70,70,70,70,70],"card_choices":[{"not_picked":["Reflex","Outmaneuver"],"picked":"Blade Dance","floor":1},{"not_picked":["Flying Knee","Heel Hook"],"picked":"Deflect","floor":4},{"not_picked":["Poisoned Stab","Flying Knee"],"picked":"Accuracy","floor":5},{"not_picked":["Concentrate","Outmaneuver"],"picked":"Blade Dance","floor":7},{"not_picked":["Bane","Dagger Throw","Flying Knee"],"picked":"SKIP","floor":10},{"not_picked":["Quick Slash","Prepared"],"picked":"Blade Dance","floor":11},{"not_picked":["Poisoned Stab","Outmaneuver"],"picked":"PiercingWail","floor":12},{"not_picked":["Flying Knee","Leg Sweep"],"picked":"PiercingWail","floor":13},{"not_picked":["Wraith Form v2","Doppelganger"],"picked":"Night Terror","floor":16},{"not_picked":["Flying Knee","Quick Slash+1","Prepared"],"picked":"SKIP","floor":18},{"not_picked":["Quick Slash","Endless Agony","Bouncing Flask"],"picked":"SKIP","floor":19},{"not_picked":["Dash","Deadly Poison"],"picked":"Finisher+1","floor":22}],"player_experience":321166,"relics_obtained":[{"floor":7,"key":"MealTicket"},{"floor":9,"key":"Eternal Feather"},{"floor":13,"key":"Gremlin Horn"}],"event_choices":[{"damage_healed":0,"gold_gain":175,"player_choice":"AGREE","damage_taken":0,"max_hp_gain":0,"max_hp_loss":0,"event_name":"Liars Game","floor":2,"gold_loss":0,"cards_obtained":["Doubt"]},{"damage_healed":0,"gold_gain":0,"player_choice":"Leave","damage_taken":0,"max_hp_gain":0,"max_hp_loss":0,"event_name":"FaceTrader","floor":3,"gold_loss":0},{"damage_healed":0,"gold_gain":0,"cards_transformed":["Strike_G","Strike_G"],"player_choice":"Became Test Subject","damage_taken":0,"max_hp_gain":0,"max_hp_loss":0,"event_name":"Drug Dealer","floor":20,"gold_loss":0,"cards_obtained":["Outmaneuver","Phantasmal Killer"]}],"is_beta":false,"boss_relics":[{"not_picked":["Pandora\u0027s Box","Runic Dome"],"picked":"SlaversCollar"}],"items_purged_floors":[14,21],"is_endless":false,"potions_floor_spawned":[1,7,12,16],"killed_by":"Slavers","ascension_level":3}}