{"host":"d7if6ph0p9yatwka","time":1611792066,"event":{"mods":["AchievementEnabler","Act Like it!","BaseMod","Gensokyo","KinomotoSakuraMod(ñÿîVñ{?)","Lobotomy","MarisaÅiñ∂âJÅ@ñÇóùçπÅj","Minty Spire (QoL Compilation)","Prisma Mod","StSLib"],"gold_per_floor":[112,112,112,7,7,7,7],"floor_reached":6,"language":"JPN","playtime":710,"items_purged":[],"score":32,"play_id":"db4dbaa3-b72d-4622-b304-b9deccc9eeb1","local_time":"20210128000106","is_ascension_mode":false,"campfire_choices":[],"circlet_count":0,"master_deck":["Strike_G","Strike_G","Strike_G+1","Strike_G","Defend_G","Defend_G","Defend_G","Defend_G","Survivor","Neutralize","CherryBlossoms","Catalyst","Burst","Poisoned Stab+1","Flash of Steel"],"relics":["Ring of the Snake","CogitoBucket"],"acts_visited":["Exordium"],"potions_floor_usage":[],"damage_taken":[{"damage":3,"enemies":"Jaw Worm","floor":1,"turns":9},{"damage":65,"enemies":"Gremlin Nob","floor":6,"turns":4}],"seed_played":"-6454134017443716317","potions_obtained":[],"is_trial":false,"path_per_floor":["M","?","?","$","?","E"],"character_chosen":"THE_SILENT","items_purchased":["Poisoned Stab","Flash of Steel"],"campfire_rested":0,"item_purchase_floors":[4,4],"current_hp_per_floor":[67,60,60,60,46,0,0],"gold":7,"neow_bonus":"","is_daily":false,"chose_seed":false,"campfire_upgraded":0,"win_rate":0.0,"timestamp":1611792066,"path_taken":["M","?","?","$","?","E"],"items_purchased_type":["Card","Card"],"build_version":"2020-12-22","purchased_purges":0,"victory":false,"max_hp_per_floor":[70,70,70,70,70,70,70],"card_choices":[{"not_picked":["MHz","OldLady"],"picked":"CherryBlossoms","floor":1},{"not_picked":["Skewer","Predator"],"picked":"Catalyst","floor":1}],"player_experience":91403,"relics_obtained":[],"event_choices":[{"cards_removed":["Defend_G"],"damage_healed":0,"gold_gain":0,"player_choice":"Card Removal","damage_taken":7,"max_hp_gain":0,"max_hp_loss":0,"event_name":"Golden Wing","floor":2,"gold_loss":0},{"damage_healed":0,"gold_gain":0,"cards_transformed":["Strike_G"],"player_choice":"Change","damage_taken":0,"max_hp_gain":0,"max_hp_loss":0,"event_name":"Living Wall","floor":3,"gold_loss":0,"cards_obtained":["Burst"]},{"damage_healed":0,"gold_gain":0,"player_choice":"Entered Light","damage_taken":14,"max_hp_gain":0,"max_hp_loss":0,"event_name":"Shining Light","floor":5,"gold_loss":0,"cards_upgraded":["Poisoned Stab","Strike_G"]}],"is_beta":false,"boss_relics":[],"items_purged_floors":[],"is_endless":false,"potions_floor_spawned":[],"killed_by":"Gremlin Nob","ascension_level":0}}