{"host":"36zn1fhase90d3ns","time":1611820095,"event":{"mods":["2.2 Compatiblity","AchievementEnabler","Act Like it!","Aspiration","BaseMod","BetterRewards","Block Reminder","Colored Map","Colored Powertips","Conspire","Curses Come First","Custom Start","Energized Spire","Friendly Minions","Halation","Hermit","Hubris","Minty Spire (QoL Compilation)","Prisma Mod","Quick Restart","Relic Sorter","Replay The Spire","Shade Mod","Spicy Shops","StSLib","The Necromancer","Unceasing Turn Reminder","Yohane!"],"gold_per_floor":[109,128,22,22,32,32,52,81,81,81,106,106,121,154,154,250,250,265,364,381,395,407,407,441,441,441,464,498,517,555,756,756,863,913,931,943,943,959,982,982,1018,1018,1044,1044,1069,1092,1130,1130,1130,1147,1147,1147,318,360,415],"floor_reached":56,"language":"ENG","playtime":3392,"items_purged":["Strike_W","Strike_W","Pride"],"score":1874,"play_id":"28ff562c-7f98-4d7c-966a-139a70021e22","local_time":"20210128014815","is_ascension_mode":true,"campfire_choices":[{"data":"1","floor":6,"key":"LIFT"},{"floor":10,"key":"REST"},{"data":"2","floor":12,"key":"LIFT"},{"floor":15,"key":"REST"},{"data":"3","floor":23,"key":"LIFT"},{"floor":25,"key":"RECALL"},{"data":"Shade_Step","floor":32,"key":"SMITH"},{"data":"Shade_Step","floor":40,"key":"SMITH"},{"data":"Shade_Step","floor":42,"key":"SMITH"},{"data":"Toxic_Smoke_Screen","floor":44,"key":"SMITH"},{"data":"Cloudkill","floor":49,"key":"SMITH"},{"data":"Defend_W","floor":52,"key":"SMITH"}],"circlet_count":0,"master_deck":["Strike_W","Strike_W","Defend_W+1","Defend_W","Defend_W","Defend_W","Negative_Energy_Arrows","Bone_Wall","Siphon_Strength","Vampiric_Strike","Toxic_Smoke_Screen+1","Negative_Energy_Mist","Negative_Energy_Mist+1","Injury","Blood_Curse+1","hubris:DuctTapeCard+2","Exploit+1","Shade_Step+1","Negative_Energy_Burst+1","Cloudkill+1","Exploit+1","Negative_Energy_Burst+1","Shade_Step+1","Death_March_Dance+1","Shade_Step+1","Spectral_Armor+1","Exploit+1","Summon_Vampire_Lady+1","Toxic_Smoke_Screen+1","Summon_Lich","Negative_Energy_Shield+1","Death_Knell+1","Bone_Prison+1","Secret Weapon","Blood_Is_Power+1"],"relics":["Vampire_Amulet","Girya","Replay:WaspNest","Kunai","Molten Egg 2","hubris:DuctTape","aspiration:HummingbirdHeart","aspiration:ChemicalBlood","Lantern","Replay:Bronze Core","halation:IllGainedPizza","Orichalcum","Tiny House","Du-Vu Doll","Bag of Marbles","ReplayTheSpireMod:TigerMarble","Membership Card","Turnip","Strawberry","Replay:Towering Pillar of Hats","Toy Ornithopter"],"acts_visited":["Exordium","TheCity","TheBeyond","TheEnding"],"potions_floor_usage":[8,21,33,33,47,47,47,50,50,55,55,55,55],"damage_taken":[{"damage":0,"enemies":"Cultist","floor":1,"turns":4},{"damage":6,"enemies":"2 Louse","floor":2,"turns":2},{"damage":5,"enemies":"Jaw Worm","floor":5,"turns":5},{"damage":23,"enemies":"Gremlin Gang","floor":7,"turns":5},{"damage":22,"enemies":"3 Sentries","floor":8,"turns":8},{"damage":11,"enemies":"Lagavulin","floor":11,"turns":6},{"damage":0,"enemies":"Looter","floor":13,"turns":2},{"damage":0,"enemies":"Gremlin Nob","floor":14,"turns":3},{"damage":2,"enemies":"Hexaghost","floor":16,"turns":7},{"damage":0,"enemies":"Chosen","floor":18,"turns":3},{"damage":0,"enemies":"Spheric Guardian","floor":20,"turns":5},{"damage":6,"enemies":"Snake Plant","floor":21,"turns":3},{"damage":0,"enemies":"3 Cultists","floor":22,"turns":3},{"damage":1,"enemies":"Slavers","floor":24,"turns":4},{"damage":0,"enemies":"Shelled Parasite and Fungi","floor":27,"turns":3},{"damage":1,"enemies":"Book of Stabbing","floor":28,"turns":4},{"damage":0,"enemies":"Snake Plant","floor":29,"turns":4},{"damage":4,"enemies":"Gremlin Leader","floor":30,"turns":7},{"damage":25,"enemies":"Collector","floor":33,"turns":8},{"damage":0,"enemies":"3 Shapes","floor":35,"turns":1},{"damage":0,"enemies":"Orb Walker","floor":36,"turns":3},{"damage":14,"enemies":"Transient","floor":38,"turns":5},{"damage":0,"enemies":"3 Darklings","floor":39,"turns":3},{"damage":3,"enemies":"R_Hoarder","floor":41,"turns":6},{"damage":3,"enemies":"4 Shapes","floor":45,"turns":2},{"damage":0,"enemies":"Writhing Mass","floor":46,"turns":3},{"damage":20,"enemies":"Giant Head","floor":47,"turns":9},{"damage":42,"enemies":"conspire:OrnateMirror","floor":50,"turns":10},{"damage":9,"enemies":"Shield and Spear","floor":54,"turns":4},{"damage":47,"enemies":"The Heart","floor":55,"turns":6}],"seed_played":"462170765878478129","potions_obtained":[{"floor":7,"key":"FearPotion"},{"floor":8,"key":"EssenceOfSteel"},{"floor":14,"key":"DistilledChaos"},{"floor":20,"key":"Venom Potion"},{"floor":21,"key":"Block Potion"},{"floor":33,"key":"SkillPotion"},{"floor":33,"key":"Toxic Potion"},{"floor":33,"key":"PowerPotion"},{"floor":47,"key":"Milkshake"},{"floor":54,"key":"Weak Potion"}],"is_trial":false,"path_per_floor":["M","M","$","?","M","R","M","E","T","R","E","R","M","E","R","B",null,"M","?","M","M","M","R","E","R","T","M","E","M","E","?","R","B",null,"M","M","?","M","M","R","E","R","T","R","M","M","E","?","R","B",null,"R","$","E","B",null],"character_chosen":"NECROMANCER","items_purchased":["Girya","Replay:WaspNest","Kunai","Siphon_Strength","Negative_Energy_Mist","Negative_Energy_Sphere","ReplayTheSpireMod:TigerMarble","Membership Card","Turnip","Strawberry","Replay:Towering Pillar of Hats","Dexterity Potion","Bone_Prison+1","Secret Weapon"],"campfire_rested":2,"item_purchase_floors":[0,0,0,0,3,3,53,53,53,53,53,53,53,53],"current_hp_per_floor":[39,39,39,39,38,38,23,11,11,33,24,24,26,30,52,57,71,75,75,75,73,75,75,75,75,75,75,75,75,73,55,55,45,73,80,80,80,72,74,74,75,75,75,75,80,80,71,71,71,62,76,76,83,87,72],"gold":415,"neow_bonus":"","is_daily":false,"chose_seed":false,"campfire_upgraded":6,"win_rate":0.0,"timestamp":1611820095,"path_taken":["M","?","$","?","M","R","M","E","T","R","E","R","M","E","R","BOSS","M","?","M","M","M","R","E","R","T","M","E","M","E","?","R","BOSS","M","?","?","M","M","R","E","R","T","R","M","M","E","?","R","BOSS","R","$","E","BOSS"],"items_purchased_type":["Relic","Relic","Relic","Card","Card","Card","Relic","Relic","Relic","Relic","Relic","Potion","Card","Card"],"build_version":"2020-12-22","purchased_purges":3,"victory":true,"max_hp_per_floor":[75,75,75,75,75,75,75,75,75,75,75,75,75,75,75,75,75,75,75,75,75,75,75,75,75,75,75,75,75,75,75,75,75,80,80,80,80,80,80,80,80,80,80,80,80,80,80,80,80,80,80,80,87,87,87],"card_choices":[{"not_picked":["Bone_Shift","Negative_Energy_Javelin"],"picked":"Vampiric_Strike","floor":1},{"not_picked":["Negative_Energy_Shield","Death_Coil"],"picked":"Toxic_Smoke_Screen","floor":2},{"not_picked":["Blood_Whip+1","Bone_Shift","Blood_Shield"],"picked":"SKIP","floor":5},{"not_picked":["Bone_Bullets+1","Epidemic"],"picked":"Shade_Step","floor":7},{"not_picked":["Scare","Stop_Heart"],"picked":"Blood_Curse+1","floor":8},{"not_picked":["Negative_Energy_Shield","Hellfire+1"],"picked":"Exploit+1","floor":11},{"not_picked":["Summon_Undead_Army","Bone_Armor"],"picked":"Shade_Step","floor":13},{"not_picked":["Consume_Illness","Corrupt"],"picked":"Negative_Energy_Burst+1","floor":14},{"not_picked":["Blood_Magic","Detonate_Bones+1"],"picked":"Cloudkill","floor":16},{"not_picked":["Consume_Illness","Necrotic_Claws+1"],"picked":"Exploit+1","floor":18},{"not_picked":["Negative_Energy_Mist","Scare+1"],"picked":"Negative_Energy_Burst+1","floor":20},{"not_picked":["Negative_Energy_Javelin+1","Finger_Of_Death+1"],"picked":"Shade_Step","floor":21},{"not_picked":["Bone_Shift","Vampiric_Strike+1"],"picked":"Death_March_Dance+1","floor":22},{"not_picked":["Vampiric_Strike+1","Corrupt"],"picked":"Shade_Step","floor":24},{"not_picked":["Bone_Shift","Blood_Curse+1","Scare"],"picked":"SKIP","floor":27},{"not_picked":["Violent_Necrosis+1","Negative_Energy_Javelin+1","Bone_Shift"],"picked":"SKIP","floor":28},{"not_picked":["Grasp_Heart+1","Finger_Of_Death+1","Negative_Energy_Javelin+1"],"picked":"SKIP","floor":29},{"not_picked":["Death_Coil+1","Reap_The_Weak+1"],"picked":"Spectral_Armor+1","floor":30},{"not_picked":["Blood_Curse+1","Violent_Necrosis"],"picked":"Exploit+1","floor":31},{"not_picked":["Detonate_Bones+1","Blood_Magic"],"picked":"Summon_Vampire_Lady","floor":33},{"not_picked":["Blood_Curse+1","Blood_Whip+1","Shackles_Of_Pain"],"picked":"SKIP","floor":35},{"not_picked":["Negative_Energy_Shield+1","Death_March_Dance+1"],"picked":"Toxic_Smoke_Screen+1","floor":36},{"not_picked":["Blood_Curse+1","Stop_Heart"],"picked":"Summon_Lich","floor":38},{"not_picked":["Blood_Curse+1","Vampiric_Strike+1","Bone_Shift"],"picked":"SKIP","floor":39},{"not_picked":["Shackles_Of_Pain","Consume_Illness"],"picked":"Negative_Energy_Shield+1","floor":41},{"not_picked":["Finger_Of_Death+1","Shackles_Of_Pain"],"picked":"Death_Knell+1","floor":45},{"not_picked":["Corrupt","Chill_Blood","Blood_for_Blood"],"picked":"SKIP","floor":46},{"not_picked":["Blood_Shield","Life_Drain+1","Plague_Bolt+1"],"picked":"SKIP","floor":47},{"not_picked":["Negative_Energy_Shield","Consume_Illness"],"picked":"Blood_Is_Power+1","floor":54}],"player_experience":462655,"relics_obtained":[{"floor":8,"key":"hubris:DuctTape"},{"floor":9,"key":"aspiration:HummingbirdHeart"},{"floor":11,"key":"aspiration:ChemicalBlood"},{"floor":14,"key":"Lantern"},{"floor":24,"key":"halation:IllGainedPizza"},{"floor":30,"key":"Orichalcum"},{"floor":41,"key":"Du-Vu Doll"},{"floor":43,"key":"Bag of Marbles"},{"floor":54,"key":"Toy Ornithopter"}],"event_choices":[{"damage_healed":0,"gold_gain":99,"player_choice":"Stole From Cult","damage_taken":0,"max_hp_gain":0,"max_hp_loss":0,"event_name":"Nest","floor":19,"gold_loss":0},{"damage_healed":0,"gold_gain":0,"player_choice":"Leave","damage_taken":0,"max_hp_gain":0,"max_hp_loss":0,"event_name":"conspire:Investor","floor":37,"gold_loss":0}],"is_beta":false,"boss_relics":[{"not_picked":["hubris:HollowSoul","conspire:RoyalGoblet"],"picked":"Replay:Bronze Core"},{"not_picked":["Replay:Drink Me","Runic Pyramid"],"picked":"Tiny House"}],"items_purged_floors":[0,0,53],"is_endless":false,"potions_floor_spawned":[7,8,14,20,21,22,24,33,38,46,47,54],"ascension_level":5}}