{"host":"pyelotildgrd5mks","time":1611826688,"event":{"mods":["BaseMod","Downfall","Minty Spire (QoL Compilation)","Quick Restart","StSLib"],"gold_per_floor":[99,119,138,138,157,192,216,116,26,126,126,156,156,187,207,302,302,202,213,224,109,109,109,136,166,26,26,43,73,73,108,122,217,217,217,236,249,249,249,283,283,404,433,450,450,483,483,154,173,173],"floor_reached":51,"language":"ZHS","playtime":2391,"items_purged":["champ:Strike","champ:Strike","champ:Defend","champ:Strike","champ:Strike"],"score":1022,"play_id":"c2ad4f18-1517-461d-b26b-9e23b65de872","local_time":"20210128173808","is_ascension_mode":true,"campfire_choices":[{"data":"champ:Taunt","floor":1.0,"key":"SMITH"},{"data":"champ:SwordThrow","floor":8.0,"key":"SMITH"},{"data":"champ:TripleStrike","floor":11.0,"key":"SMITH"},{"data":"champ:Encircle","floor":13.0,"key":"SMITH"},{"data":"champ:UltimateStance","floor":18.0,"key":"SMITH"},{"data":"champ:FanOfKnives","floor":27.0,"key":"SMITH"},{"data":"champ:ShieldSlam","floor":30.0,"key":"SMITH"},{"data":"champ:BringItOn","floor":35.0,"key":"SMITH"},{"data":"champ:SteelEdge","floor":47.0,"key":"SMITH"}],"circlet_count":0,"master_deck":["champ:Defend","champ:Defend","champ:Defend","champ:Taunt+1","champ:SwordThrow+1","champ:FanOfKnives+1","champ:TripleStrike+1","champ:Encircle+1","champ:DancingMaster","champ:UltimateStance+1","champ:BringItOn+1","champ:SteelEdge+1","champ:ShieldSlam+1","champ:GutPunch+1","champ:SwordSigil+1","champ:FalseCounter+1","champ:EnchantCrown","champ:EnchantSword"],"relics":["champ:ChampionCrownUpgraded","champ:LiftRelic","Juzu Bracelet","downfall:HeartBlessingBlue","Potion Belt","Slimebound:PreparedRelic","Art of War","Velvet Choker","downfall:HeartBlessingGreen","Orichalcum","Letter Opener","Shuriken","hexamod:Sixitude","PreservedInsect","Mango","Bronze Scales","bronze:BronzeIdol","Lee\u0027s Waffle"],"acts_visited":["Exordium","TheCity","TheBeyond"],"potions_floor_usage":[50,50,50],"damage_taken":[{"damage":10.0,"enemies":"2 Louse","floor":2.0,"turns":1.0},{"damage":10.0,"enemies":"Cultist","floor":3.0,"turns":3.0},{"damage":0.0,"enemies":"Jaw Worm","floor":5.0,"turns":2.0},{"damage":36.0,"enemies":"3 Sentries","floor":6.0,"turns":6.0},{"damage":25.0,"enemies":"downfall:FleeingMerchant","floor":9.0,"turns":4.0},{"damage":85.0,"enemies":"downfall:LadyInBlue","floor":10.0,"turns":8.0},{"damage":12.0,"enemies":"Gremlin Nob","floor":12.0,"turns":3.0},{"damage":23.0,"enemies":"Lagavulin","floor":14.0,"turns":3.0},{"damage":7.0,"enemies":"Large Slime","floor":15.0,"turns":2.0},{"damage":36.0,"enemies":"SI_SHIV_ARCHETYPE","floor":16.0,"turns":8.0},{"damage":14.0,"enemies":"Spheric Guardian","floor":19.0,"turns":3.0},{"damage":26.0,"enemies":"Shell Parasite","floor":20.0,"turns":2.0},{"damage":30.0,"enemies":"downfall:FleeingMerchant","floor":21.0,"turns":4.0},{"damage":44.0,"enemies":"Book of Stabbing","floor":25.0,"turns":5.0},{"damage":34.0,"enemies":"downfall:FleeingMerchant","floor":26.0,"turns":4.0},{"damage":8.0,"enemies":"Centurion and Healer","floor":28.0,"turns":3.0},{"damage":44.0,"enemies":"Gremlin Leader","floor":29.0,"turns":5.0},{"damage":36.0,"enemies":"Slavers","floor":31.0,"turns":4.0},{"damage":15.0,"enemies":"Cultist and Chosen","floor":32.0,"turns":3.0},{"damage":81.0,"enemies":"IC_MUSHROOM_ARCHETYPE","floor":33.0,"turns":5.0},{"damage":5.0,"enemies":"Orb Walker","floor":36.0,"turns":2.0},{"damage":25.0,"enemies":"3 Darklings","floor":37.0,"turns":3.0},{"damage":77.0,"enemies":"Reptomancer","floor":40.0,"turns":7.0},{"damage":40.0,"enemies":"downfall:FleeingMerchant","floor":42.0,"turns":2.0},{"damage":69.0,"enemies":"Nemesis","floor":43.0,"turns":5.0},{"damage":30.0,"enemies":"Jaw Worm Horde","floor":44.0,"turns":2.0},{"damage":46.0,"enemies":"Giant Head","floor":46.0,"turns":6.0},{"damage":57.0,"enemies":"Transient","floor":49.0,"turns":5.0},{"damage":150,"enemies":"DF_ARCHETYPE_ORBS","floor":50,"turns":7}],"seed_played":"8507147988680405351","potions_obtained":[{"floor":6.0,"key":"Strength Potion"},{"floor":10.0,"key":"Dexterity Potion"},{"floor":10.0,"key":"champ:TechniquePotion"},{"floor":10.0,"key":"Guardian:BlockOnCardUsePotion"},{"floor":10.0,"key":"champ:CounterPotion"},{"floor":12.0,"key":"Block Potion"},{"floor":25.0,"key":"FearPotion"},{"floor":31.0,"key":"SteroidPotion"},{"floor":32.0,"key":"DistilledChaos"},{"floor":33.0,"key":"Block Potion"}],"is_trial":false,"path_per_floor":["R","M","M","?","M","E","T","R","$","?","R","E","R","E","M","B",null,"R","M","M","$","?","?","T","E","$","R","M","E","R","E","M","B",null,"R","M","M","?","?","E","T","$","E","M","?","E","R","$","M","B",null],"character_chosen":"THE_CHAMP","items_purchased":["champ:EnchantCrown","Lee\u0027s Waffle"],"campfire_rested":0,"item_purchase_floors":[42,48],"current_hp_per_floor":[90,90,90,90,90,74,74,84,79,44,44,32,32,29,27,11,100,100,96,90,90,90,90,90,76,67,67,64,60,60,49,49,8,100,100,100,100,100,100,68,82,82,73,73,73,57,57,121,119,49],"gold":173,"neow_bonus":"ONE_RANDOM_RARE_CARD","is_daily":false,"chose_seed":false,"campfire_upgraded":9,"win_rate":0.0,"timestamp":1611826688,"path_taken":["R","M","M","?","M","E","T","R","$","?","R","E","R","E","M","BOSS","R","M","M","$","?","?","T","E","$","R","M","E","R","E","M","BOSS","R","M","M","?","?","E","T","?","E","M","?","E","R","$","M","BOSS"],"items_purchased_type":["Card","Relic"],"build_version":"2020-12-22","purchased_purges":5,"victory":true,"max_hp_per_floor":[90,90,90,90,90,90,90,100,100,100,100,100,100,100,100,100,100,100,100,100,100,100,100,100,100,100,100,100,100,100,100,100,100,100,100,100,100,100,100,100,114,114,114,114,114,114,114,121,121,121],"card_choices":[{"not_picked":["champ:Circumvent","champ:EnGarde","champ:FalseCounter"],"picked":"SKIP","floor":2.0},{"not_picked":["champ:FlashCut","champ:Duel"],"picked":"champ:FanOfKnives","floor":3.0},{"not_picked":["champ:BladeFlurry","champ:Shatter","champ:FlashCut"],"picked":"SKIP","floor":5.0},{"not_picked":["champ:StanceDance","champ:EnGarde"],"picked":"champ:TripleStrike","floor":6.0},{"not_picked":["champ:BerserkersShout","champ:RapidStrikes","champ:FlashCut"],"picked":"SKIP","floor":9.0},{"not_picked":["champ:Duel","champ:Backstep"],"picked":"champ:Encircle","floor":10.0},{"not_picked":["champ:SkillfulDodge","champ:SetATrap"],"picked":"champ:DancingMaster","floor":12.0},{"not_picked":["champ:SetATrap","champ:EnGarde","champ:CrookedStrike"],"picked":"SKIP","floor":14.0},{"not_picked":["champ:DeathBlow","champ:EndlessRage","champ:RapidStrikes"],"picked":"SKIP","floor":15.0},{"not_picked":["champ:Devastate","champ:TripleStrike"],"picked":"champ:UltimateStance","floor":16.0},{"not_picked":["champ:Shatter","champ:AdrenalArmor"],"picked":"champ:BringItOn","floor":19.0},{"not_picked":["champ:Endure","champ:Circumvent","champ:Backstep"],"picked":"SKIP","floor":20.0},{"not_picked":["champ:Shatter","champ:Circumvent","champ:FlashCut"],"picked":"SKIP","floor":21.0},{"not_picked":["champ:Circumvent","champ:PreciseThrust","champ:PerfectedStrike"],"picked":"SKIP","floor":25.0},{"not_picked":["champ:GutPunch","champ:DeathBlow"],"picked":"champ:SteelEdge","floor":26.0},{"not_picked":["champ:FocusedBerserking","champ:Backstep"],"picked":"champ:ShieldSlam","floor":28.0},{"not_picked":["champ:HeartStrike","champ:DefensiveShout+1"],"picked":"champ:GutPunch+1","floor":29.0},{"not_picked":["champ:FanOfKnives","champ:Encircle","champ:GutPunch"],"picked":"SKIP","floor":31.0},{"not_picked":["champ:Circumvent","champ:ShieldSlam"],"picked":"champ:SwordSigil+1","floor":32.0},{"not_picked":["champ:ShieldSigil+1","champ:FlashCut+1","champ:FocusedBerserking+1"],"picked":"SKIP","floor":36.0},{"not_picked":["champ:PerfectedStrike+1","champ:ShieldSigil"],"picked":"champ:FalseCounter+1","floor":37.0},{"not_picked":["champ:RapidStrikes","champ:GutPunch+1","champ:AdrenalArmor"],"picked":"SKIP","floor":40.0},{"not_picked":["champ:RapidStrikes+1","champ:BringItOn+1","champ:DefensiveShout+1"],"picked":"SKIP","floor":42.0},{"not_picked":["champ:ViciousMockery","champ:FlashCut+1"],"picked":"champ:EnchantSword","floor":43.0},{"not_picked":["champ:PerfectedStrike+1","champ:FanOfKnives","champ:RisingSlash+1"],"picked":"SKIP","floor":44.0},{"not_picked":["champ:DefensiveStyle+1","champ:SkillfulDodge","champ:Circumvent+1"],"picked":"SKIP","floor":46.0},{"not_picked":["champ:FanOfKnives","champ:BladeFlurry+1","champ:GladiatorStyle+1"],"picked":"SKIP","floor":49.0}],"player_experience":668541,"relics_obtained":[{"floor":6.0,"key":"Juzu Bracelet"},{"floor":10.0,"key":"Potion Belt"},{"floor":12.0,"key":"Slimebound:PreparedRelic"},{"floor":14.0,"key":"Art of War"},{"floor":24.0,"key":"Orichalcum"},{"floor":25.0,"key":"Letter Opener"},{"floor":29.0,"key":"Shuriken"},{"floor":31.0,"key":"hexamod:Sixitude"},{"floor":40.0,"key":"PreservedInsect"},{"floor":41.0,"key":"Mango"},{"floor":43.0,"key":"Bronze Scales"},{"floor":46.0,"key":"bronze:BronzeIdol"}],"event_choices":[{"damage_healed":0.0,"max_hp_gain":0.0,"max_hp_loss":0.0,"gold_gain":0.0,"event_name":"Vampires","player_choice":"Ignored","floor":22.0,"gold_loss":0.0,"damage_taken":0.0},{"cards_removed":["champ:Execute"],"damage_healed":0.0,"max_hp_gain":0.0,"max_hp_loss":0.0,"gold_gain":0.0,"event_name":"Falling","player_choice":"Removed Attack","floor":45.0,"gold_loss":0.0,"damage_taken":0.0}],"is_beta":false,"boss_relics":[{"not_picked":["Empty Cage","SacredBark"],"picked":"Velvet Choker"},{"not_picked":["expansioncontent:StudyCardRelic","champ:PowerArmor"],"picked":"champ:ChampionCrownUpgraded"}],"items_purged_floors":[9,21,26,42,48],"is_endless":false,"potions_floor_spawned":[6,10,12,25,28,31,32,33,36,40],"ascension_level":1}}