{"host":"95ip98gf8c4vrv08","time":1611824080,"event":{"mods":["100% Spire Juice","ATMod(??Mod)","Arknights The Spire","BaseMod","Lobotomy","LobotomyExtend","Minty Spire (QoL Compilation)","Quick Restart","Reimu??????","Relic Stats","Reliquary","Spicy Shops","StSLib","The Bug Knight","The Dragon Tamer","TheHeartMod","??????REMEMod","????"],"gold_per_floor":[117,43,62,62,80,80,112,112,112,129,129,192,192,192,192,394,394,437,437,471,177,201,201,201],"floor_reached":22,"language":"ZHS","playtime":1205,"items_purged":[],"score":192,"play_id":"1b8732bc-951a-4e2d-b97d-97b9805c0ca7","local_time":"20210128165440","is_ascension_mode":false,"metric_token":1175,"campfire_choices":[{"data":"DTMod:CrossStep","floor":6,"key":"SMITH"},{"floor":8,"key":"REST"},{"floor":13,"key":"REST"},{"data":"DTMod:SwitchingTactic","floor":15,"key":"SMITH"}],"dtmod_dragon_data":[29,50,2,-1,12,0],"circlet_count":0,"master_deck":["DTMod:Strike","DTMod:Strike","DTMod:Strike","DTMod:Strike","DTMod:DoubleHit","DTMod:TargetDefense","DTMod:TargetDefense","DTMod:TargetDefense","DTMod:TargetDefense","DTMod:SwitchingTactic+1","DTMod:Training","DTMod:CrossStep+1","DTMod:BlazingStrike","DTMod:ComboAttack","FairyFestival","DTMod:Adaptation","VoidDream","DTMod:Feint","LittleHelper","DTMod:StunTrap","MeltingLove","CurseOfTheBell","DTMod:CleansingStrike","Scarecrow","DTMod:WarmUp","GreedKing","DTMod:Threaten","DTMod:QuickFly","DTMod:BurningEnergy"],"relics":["DTMod:PactStone","REME_ComplimentaryCards","AT_ATBox","CogitoBucket","LetterFromLob","Frozen Eye","Peace Pipe","Bronze Scales","Bird Faced Urn","StoneCalendar","REME_ArchaeologicalTools","Calling Bell","Tiny Chest","reliquary:TridentHead","Girya","ResearcherNote","DTMod:BindingString","Lee\u0027s Waffle"],"acts_visited":["Exordium","TheCity"],"potions_floor_usage":[12,12,16],"damage_taken":[{"damage":0,"enemies":"Small Slimes","floor":1,"turns":3},{"damage":2,"enemies":"Cultist","floor":3,"turns":5},{"damage":0,"enemies":"2 Louse","floor":5,"turns":3},{"damage":26,"enemies":"HollowMod:MossKnight","floor":7,"turns":13},{"damage":0,"enemies":"Lots of Slimes","floor":10,"turns":3},{"damage":8,"enemies":"Lagavulin","floor":12,"turns":7},{"damage":40,"enemies":"Slime Boss","floor":16,"turns":9},{"damage":32,"enemies":"Chosen","floor":18,"turns":4},{"damage":0,"enemies":"Spheric Guardian","floor":20,"turns":5},{"damage":41,"enemies":"Shelled Parasite and Fungi","floor":22,"turns":6}],"seed_played":"2247793381708526397","potions_obtained":[{"floor":1,"key":"SteroidPotion"},{"floor":7,"key":"REME_GoldPotion"},{"floor":10,"key":"Block Potion"},{"floor":12,"key":"REME_GoldPotion"},{"floor":20,"key":"BlessingOfTheForge"}],"is_trial":false,"path_per_floor":["M","$","M","?","M","R","E","R","T","M","T","E","R","?","R","B",null,"M","?","M","$","M"],"character_chosen":"THE_DT","items_purchased":["Frozen Eye","Lee\u0027s Waffle","DTMod:Threaten","DTMod:QuickFly","DTMod:BurningEnergy"],"campfire_rested":2,"item_purchase_floors":[2,21,21,21,21],"current_hp_per_floor":[45,45,43,43,43,43,17,30,30,34,34,38,45,45,45,8,45,15,15,29,52,21,21,21],"gold":201,"neow_bonus":"","is_daily":false,"chose_seed":false,"campfire_upgraded":2,"win_rate":0.0,"timestamp":1611824080,"path_taken":["M","$","M","?","?","R","E","R","T","M","?","E","R","?","R","BOSS","M","?","M","$","M"],"items_purchased_type":["Relic","Relic","Card","Card","Card"],"build_version":"2020-12-22","purchased_purges":0,"victory":false,"max_hp_per_floor":[45,45,45,45,45,45,45,45,45,45,45,45,45,45,45,45,45,45,45,45,52,52,52,52],"relic_stats":{"Peace Pipe":0,"Lee\u0027s Waffle":23,"counters":[11,59],"Bronze Scales":[66],"Bird Faced Urn":[14],"StoneCalendar":[67],"Tiny Chest":0,"obtain_stats":[{"Girya":17,"Lee\u0027s Waffle":21,"AT_ATBox":0,"StoneCalendar":11,"ResearcherNote":18,"Peace Pipe":4,"Calling Bell":17,"Frozen Eye":2,"reliquary:TridentHead":17,"CogitoBucket":0,"DTMod:PactStone":0,"Bronze Scales":7,"Bird Faced Urn":9,"Tiny Chest":17,"LetterFromLob":1,"REME_ArchaeologicalTools":12,"DTMod:BindingString":19,"REME_ComplimentaryCards":0},{"Girya":7,"Lee\u0027s Waffle":10,"AT_ATBox":0,"StoneCalendar":5,"ResearcherNote":9,"Peace Pipe":2,"Calling Bell":7,"Frozen Eye":1,"reliquary:TridentHead":7,"CogitoBucket":0,"DTMod:PactStone":0,"Bronze Scales":4,"Bird Faced Urn":4,"Tiny Chest":7,"LetterFromLob":1,"REME_ArchaeologicalTools":6,"DTMod:BindingString":9,"REME_ComplimentaryCards":0},{"Girya":43,"Lee\u0027s Waffle":53,"AT_ATBox":0,"StoneCalendar":27,"ResearcherNote":48,"Peace Pipe":8,"Calling Bell":43,"Frozen Eye":3,"reliquary:TridentHead":43,"CogitoBucket":0,"DTMod:PactStone":0,"Bronze Scales":24,"Bird Faced Urn":24,"Tiny Chest":43,"LetterFromLob":3,"REME_ArchaeologicalTools":34,"DTMod:BindingString":48,"REME_ComplimentaryCards":0}]},"card_choices":[{"not_picked":["Murderer","SpiderBud"],"picked":"VoidDream","floor":1},{"not_picked":["DTMod:Overwhelm","DTMod:LowKick"],"picked":"DTMod:Training","floor":1},{"not_picked":["Murderer","Funeral","OSAHOGD"],"picked":"Singing Bowl","floor":3},{"not_picked":["DTMod:BuildUp","DTMod:MagiciansMark"],"picked":"DTMod:CrossStep","floor":3},{"not_picked":["DTMod:Feint","DTMod:MagiciansMark"],"picked":"DTMod:BlazingStrike","floor":5},{"not_picked":["UniverseFragment","OSAHOGD","CrumblingArmor"],"picked":"Singing Bowl","floor":5},{"not_picked":["DTMod:FlameSlash","DTMod:Safeguard"],"picked":"DTMod:ComboAttack","floor":7},{"not_picked":["Porccubus","LittlePrince"],"picked":"FairyFestival","floor":7},{"not_picked":["DTMod:ComboAttack","DTMod:Threaten"],"picked":"DTMod:Adaptation","floor":10},{"not_picked":["WallGazer","DespairKnight"],"picked":"VoidDream","floor":10},{"not_picked":["DTMod:FlameSlash","DTMod:RecklessFlurry"],"picked":"DTMod:Feint","floor":12},{"not_picked":["BeautyBeast","OSAHOGD","WallGazer"],"picked":"Singing Bowl","floor":12},{"not_picked":["SnowQueen","UniverseFragment"],"picked":"LittleHelper","floor":12},{"not_picked":["DTMod:FierySynthesis","DTMod:ExcessFootwork"],"picked":"DTMod:StunTrap","floor":16},{"not_picked":["ShyLook","PunishingBird","CherryBlossoms"],"picked":"Singing Bowl","floor":16},{"not_picked":["BeautyBeast","ShyLook"],"picked":"MeltingLove","floor":16},{"not_picked":["DTMod:QuickFly","DTMod:Adaptation"],"picked":"DTMod:CleansingStrike","floor":18},{"not_picked":["GalaxyChild","Yin","WhitesApple"],"picked":"Singing Bowl","floor":18},{"not_picked":["BeautyBeast","ShyLook"],"picked":"Scarecrow","floor":18},{"not_picked":["DTMod:BurningEnergy+1","DTMod:BuildUp"],"picked":"DTMod:WarmUp","floor":20},{"not_picked":["OldLady","Bloodbath","Woodsman"],"picked":"Singing Bowl","floor":20},{"not_picked":["Variant","Scorched"],"picked":"GreedKing","floor":20}],"player_experience":228592,"relics_obtained":[{"floor":1,"key":"LetterFromLob"},{"floor":7,"key":"Bronze Scales"},{"floor":9,"key":"Bird Faced Urn"},{"floor":11,"key":"StoneCalendar"},{"floor":12,"key":"REME_ArchaeologicalTools"},{"floor":17,"key":"Tiny Chest"},{"floor":17,"key":"reliquary:TridentHead"},{"floor":17,"key":"Girya"}],"event_choices":[{"cards_removed":["VoidDream"],"damage_healed":0,"gold_gain":0,"player_choice":"Gave Card","damage_taken":0,"relics_obtained":["Peace Pipe"],"max_hp_gain":0,"max_hp_loss":0,"event_name":"WeMeetAgain","floor":4,"gold_loss":0},{"damage_healed":0,"gold_gain":0,"player_choice":"Opened","damage_taken":0,"relics_obtained":["DTMod:BindingString"],"max_hp_gain":0,"max_hp_loss":0,"event_name":"The Mausoleum","floor":19,"gold_loss":0}],"is_beta":false,"boss_relics":[{"not_picked":["Busted Crown","Tiny House"],"picked":"Calling Bell"}],"items_purged_floors":[],"is_endless":false,"potions_floor_spawned":[1,7,10,12,20],"killed_by":"Shelled Parasite and Fungi","ascension_level":0}}