{"host":"qc8p2flj7wsy3zpg","time":1611854103,"event":{"mods":["BaseMod","Highlight Path","Minty Spire (QoL Compilation)","Relic Stats","StSLib"],"gold_per_floor":[115,130,150,170,183,214,214,245,245,245,264,52,52,85,85,160,160,176,176,176,192,192,192,192,192],"floor_reached":24,"language":"ENG","playtime":1157,"items_purged":[],"score":432,"play_id":"27521f05-2ad8-4b37-b543-46f4f09c3838","local_time":"20210128111503","is_ascension_mode":true,"campfire_choices":[{"floor":7,"key":"REST"},{"floor":10,"key":"REST"},{"floor":15,"key":"REST"},{"floor":23,"key":"REST"}],"circlet_count":0,"master_deck":["AscendersBane","Eruption","Vigilance","TalkToTheHand","FlyingSleeves","Alpha+1","Wireheading","Weave","CutThroughFate","JustLucky","Sanctity","MentalFortress","Perseverance","Weave","Protect","SpiritShield","JustLucky","HandOfGreed","TalkToTheHand","DevaForm","TalkToTheHand","WindmillStrike","Consecrate"],"relics":["Pandora\u0027s Box","Anchor","Lantern","Letter Opener","SlaversCollar","GremlinMask"],"acts_visited":["Exordium","TheCity"],"potions_floor_usage":[4,8,11,24],"damage_taken":[{"damage":12,"enemies":"Jaw Worm","floor":1,"turns":3},{"damage":4,"enemies":"Small Slimes","floor":2,"turns":3},{"damage":2,"enemies":"2 Louse","floor":3,"turns":3},{"damage":8,"enemies":"Red Slaver","floor":4,"turns":3},{"damage":9,"enemies":"Looter","floor":5,"turns":3},{"damage":13,"enemies":"Lagavulin","floor":6,"turns":7},{"damage":12,"enemies":"Gremlin Nob","floor":8,"turns":4},{"damage":3,"enemies":"Gremlin Gang","floor":11,"turns":2},{"damage":20,"enemies":"Lagavulin","floor":14,"turns":5},{"damage":21,"enemies":"The Guardian","floor":16,"turns":9},{"damage":34,"enemies":"Spheric Guardian","floor":18,"turns":7},{"damage":10,"enemies":"2 Thieves","floor":21,"turns":4},{"damage":31,"enemies":"Slavers","floor":24,"turns":5}],"seed_played":"2186218609750282795","potions_obtained":[{"floor":2,"key":"Weak Potion"},{"floor":3,"key":"Explosive Potion"},{"floor":6,"key":"LiquidBronze"},{"floor":8,"key":"DistilledChaos"},{"floor":21,"key":"Swift Potion"}],"is_trial":false,"path_per_floor":["M","M","M","M","M","E","R","E","T","R","M","$","?","E","R","B",null,"M","?","?","M","?","R","E"],"character_chosen":"WATCHER","items_purchased":["JustLucky","HandOfGreed"],"campfire_rested":4,"item_purchase_floors":[12,12],"current_hp_per_floor":[49,45,43,35,26,13,33,21,21,41,38,38,38,18,38,17,55,21,21,21,11,11,31,0,0],"gold":192,"neow_bonus":"BOSS_RELIC","is_daily":false,"chose_seed":false,"campfire_upgraded":0,"win_rate":0.0,"timestamp":1611854103,"path_taken":["M","M","M","M","M","E","R","E","T","R","M","$","?","E","R","BOSS","M","?","?","?","?","R","E"],"items_purchased_type":["Card","Card"],"build_version":"2020-12-22","purchased_purges":0,"victory":false,"max_hp_per_floor":[68,68,68,68,68,68,68,68,68,68,68,68,68,68,68,68,68,68,68,68,68,68,68,68,68],"relic_stats":{"counters":[13,58],"Pandora\u0027s Box":["TalkToTheHand","Worship","FlyingSleeves","Alpha","Wireheading","Brilliance","Weave","CutThroughFate"],"Letter Opener":[15],"obtain_stats":[{"SlaversCollar":17,"Anchor":6,"Lantern":8,"Pandora\u0027s Box":0,"GremlinMask":22,"Letter Opener":14,"PureWater":0},{"SlaversCollar":10,"Anchor":6,"Lantern":7,"Pandora\u0027s Box":0,"GremlinMask":12,"Letter Opener":9,"PureWater":0},{"SlaversCollar":42,"Anchor":22,"Lantern":26,"Pandora\u0027s Box":0,"GremlinMask":53,"Letter Opener":33,"PureWater":0}]},"card_choices":[{"not_picked":["Study","FlyingSleeves"],"picked":"JustLucky","floor":1},{"not_picked":["ReachHeaven","CrushJoints"],"picked":"Sanctity","floor":2},{"not_picked":["Collect","SandsOfTime"],"picked":"MentalFortress","floor":3},{"not_picked":["CrushJoints","Evaluate"],"picked":"Perseverance","floor":4},{"not_picked":["SandsOfTime","Prostrate"],"picked":"Weave","floor":5},{"not_picked":["Nirvana","SashWhip"],"picked":"Protect","floor":6},{"not_picked":["Prostrate","Crescendo"],"picked":"SpiritShield","floor":8},{"not_picked":["FollowUp","EmptyFist"],"picked":"TalkToTheHand","floor":14},{"not_picked":["Devotion","Brilliance"],"picked":"DevaForm","floor":16},{"not_picked":["ThirdEye","Protect"],"picked":"TalkToTheHand","floor":18}],"player_experience":2286753,"relics_obtained":[{"floor":6,"key":"Anchor"},{"floor":8,"key":"Lantern"},{"floor":14,"key":"Letter Opener"}],"event_choices":[{"damage_healed":0,"gold_gain":0,"player_choice":"Ignored","damage_taken":0,"max_hp_gain":0,"max_hp_loss":0,"event_name":"Shining Light","floor":13,"gold_loss":0},{"damage_healed":0,"gold_gain":0,"cards_transformed":["Worship","Brilliance"],"player_choice":"Became Test Subject","damage_taken":0,"max_hp_gain":0,"max_hp_loss":0,"event_name":"Drug Dealer","floor":19,"gold_loss":0,"cards_obtained":["WindmillStrike","Consecrate"]},{"damage_healed":0,"gold_gain":0,"player_choice":"Upgraded","damage_taken":0,"max_hp_gain":0,"max_hp_loss":0,"event_name":"Upgrade Shrine","floor":20,"gold_loss":0,"cards_upgraded":["Alpha"]},{"damage_healed":0,"gold_gain":0,"player_choice":"Trade","damage_taken":0,"relics_obtained":["GremlinMask"],"max_hp_gain":0,"max_hp_loss":0,"event_name":"FaceTrader","floor":22,"gold_loss":0}],"is_beta":false,"boss_relics":[{"not_picked":["Black Star","Sozu"],"picked":"SlaversCollar"}],"items_purged_floors":[],"is_endless":false,"potions_floor_spawned":[2,3,6,8,21],"killed_by":"Slavers","ascension_level":20}}