{"host":"hbel9g7s7ibv8po6","time":1611843564,"event":{"mods":["Act Like it!","BaseMod","Duelist Mod","Minty Spire (QoL Compilation)","StSLib"],"gold_per_floor":[145,145,160,160,85,85,85,85],"floor_reached":7,"language":"ENG","playtime":288,"items_purged":["theDuelist:Sparks"],"score":59,"play_id":"a288abbc-1a8a-49f2-aa2c-5e007fbc446d","local_time":"20210128221924","is_ascension_mode":true,"campfire_choices":[{"data":"theDuelist:BlockGolem","floor":6,"key":"SMITH"}],"circlet_count":0,"master_deck":["AscendersBane","theDuelist:Biofalcon","theDuelist:CastleWalls","theDuelist:CastleWalls","theDuelist:Deskbot004","theDuelist:Deskbot004","theDuelist:Deskbot005","theDuelist:Deskbot005","theDuelist:GreenGadget","theDuelist:Sparks","theDuelist:SolemnWarning","theDuelist:BlockGolem+1","theDuelist:DeltaMagnet","theDuelist:ScrapIronScarecrow"],"relics":["theDuelist:MillenniumPuzzle","theDuelist:CardPoolRelic","theDuelist:CardPoolBasicRelic","theDuelist:BoosterPackPoolRelic","theDuelist:CardPoolAddRelic","theDuelist:CardPoolMinusRelic","theDuelist:CardPoolSaveRelic","theDuelist:CardPoolOptionsRelic"],"acts_visited":["Exordium"],"potions_floor_usage":[],"damage_taken":[{"damage":4,"enemies":"Small Slimes","floor":1,"turns":3},{"damage":1,"enemies":"2 Louse","floor":3,"turns":3},{"damage":93,"enemies":"Gremlin Nob","floor":7,"turns":6}],"seed_played":"6117702731291668666","potions_obtained":[{"floor":1,"key":"GamblersBrew"}],"is_trial":false,"path_per_floor":["M","?","M","?","$","R","E"],"character_chosen":"THE_DUELIST","items_purchased":[],"campfire_rested":0,"item_purchase_floors":[],"current_hp_per_floor":[68,68,67,67,67,67,0,0],"gold":85,"neow_bonus":"THREE_RARE_CARDS","is_daily":false,"chose_seed":false,"campfire_upgraded":1,"win_rate":0.0,"timestamp":1611843564,"path_taken":["M","?","M","?","$","R","E"],"items_purchased_type":[],"build_version":"2020-12-22","purchased_purges":1,"victory":false,"max_hp_per_floor":[72,72,72,72,72,72,72,72],"card_choices":[{"not_picked":["theDuelist:NightmareWheel","theDuelist:GoldGadget"],"picked":"theDuelist:SolemnWarning","floor":0},{"not_picked":["theDuelist:BigFire","theDuelist:MagicalStone","theDuelist:ScrapFactory","theDuelist:BattleFootballer"],"picked":"theDuelist:BlockGolem","floor":1},{"not_picked":["theDuelist:GearGigant","theDuelist:Factory100Machines","theDuelist:GreenGadget","theDuelist:OutriggerExtension"],"picked":"theDuelist:ScrapIronScarecrow","floor":3}],"player_experience":159659,"relics_obtained":[],"event_choices":[{"damage_healed":0,"gold_gain":0,"player_choice":"Delta Electro","duelist":true,"damage_taken":0,"max_hp_gain":0,"max_hp_loss":0,"event_name":"Egyptian Village","floor":2,"gold_loss":0,"cards_obtained":["Delta Electromagnet Warrior"]},{"damage_healed":0,"gold_gain":0,"player_choice":"Leave","duelist":true,"damage_taken":0,"max_hp_gain":0,"max_hp_loss":0,"event_name":"Relic Duplicator","floor":4,"gold_loss":0}],"is_beta":false,"boss_relics":[],"items_purged_floors":[5],"is_endless":false,"potions_floor_spawned":[1],"killed_by":"Gremlin Nob","ascension_level":10}}