{"host":"qbjtml023iza03hb","time":1611842008,"event":{"mods":["AchievementEnabler","BaseMod","Hermit","Minty Spire (QoL Compilation)","StSLib","The Animator","The Cursed"],"gold_per_floor":[109,34,44,44,44,83,95,114,141,152,167,167,181,81,81,186,186,186,186,186,186,101,101,101,101,101,32,32,32,32,32,32,32,32,32,32,32,32,32,32,32,32,32,32,32,32,32,32,32,32,32,32,533,583,638,638,638,9,84,84,84],"floor_reached":60,"language":"FRA","playtime":8570,"items_purged":["animator:Defend","animator:Strike","animator:Entoma"],"score":924,"play_id":"fb824fd8-702b-401b-acdd-6cbc252fb98a","local_time":"20210128145328","is_ascension_mode":false,"campfire_choices":[{"data":"animator:GoblinSlayer","floor":12.0,"key":"SMITH"},{"data":"animator:GoblinSlayer","floor":15.0,"key":"SMITH"},{"data":"animator:Priestess","floor":24.0,"key":"SMITH"},{"data":"animator:Witch","floor":32.0,"key":"SMITH"},{"data":"animator:DolaStephanie","floor":40.0,"key":"SMITH"},{"data":"animator:HigakiRinne","floor":45.0,"key":"SMITH"},{"floor":49.0,"key":"RECALL"},{"data":"animator:FeridBathory","floor":52.0,"key":"SMITH"}],"circlet_count":0,"master_deck":["animator:Strike_GoblinSlayer","animator:Defend_GoblinSlayer","animator:LizardPriest","animator:DwarfShaman","animator:Canti","animator:Gillette","animator:GoblinSlayer","animator:Shinoa+1","animator:GoblinSlayer","animator:Witch","animator:FeridBathory","animator:SakuraMatou","animator:Guy","animator:Mitsuba","animator:DolaStephanie","animator:Priestess","animator:Shalltear+1","animator:NarberalGamma","animator:Spearman+1","animator:FeridBathory","animator:LizardPriest+1","animator:Spearman","animator:HigakiRinne+1","animator:Yoichi","animator:Albedo","animator:Fredrika+1","animator:RinTohsaka","Parasite","animator:CowGirl","animator:Sora+1","animator:IzunaHatsuse+1","animator:Tet+1","animator:SakuraMatou+1","animator:Witch","animator:Hibiki+1","animator:Archer","animator:HououinKyouma","animator:Archer+1"],"relics":["animator:TheEgnaroPiece","animator:AncientMedallion"],"acts_visited":["Exordium","TheCity","TheBeyond","TheEnding","EYB:TheUnnamedReign"],"potions_floor_usage":[60],"damage_taken":[{"damage":0.0,"enemies":"Cultist","floor":1.0,"turns":4.0},{"damage":0.0,"enemies":"2 Louse","floor":3.0,"turns":2.0},{"damage":15.0,"enemies":"3 Sentries","floor":6.0,"turns":5.0},{"damage":1.0,"enemies":"Jaw Worm","floor":7.0,"turns":2.0},{"damage":2.0,"enemies":"Exordium Wildlife","floor":8.0,"turns":4.0},{"damage":0.0,"enemies":"Blue Slaver","floor":10.0,"turns":3.0},{"damage":2.0,"enemies":"2 Fungi Beasts","floor":11.0,"turns":3.0},{"damage":7.0,"enemies":"Exordium Thugs","floor":13.0,"turns":4.0},{"damage":15.0,"enemies":"Hexaghost","floor":16.0,"turns":8.0},{"damage":0.0,"enemies":"Shell Parasite","floor":18.0,"turns":4.0},{"damage":4.0,"enemies":"Chosen","floor":19.0,"turns":4.0},{"damage":4.0,"enemies":"Masked Bandits","floor":20.0,"turns":4.0},{"damage":8.0,"enemies":"Centurion and Healer","floor":21.0,"turns":5.0},{"damage":13.0,"enemies":"Slavers","floor":23.0,"turns":4.0},{"damage":0.0,"enemies":"Snecko","floor":28.0,"turns":5.0},{"damage":0.0,"enemies":"Cultist and Chosen","floor":29.0,"turns":5.0},{"damage":0.0,"enemies":"Gremlin Leader","floor":30.0,"turns":5.0},{"damage":0.0,"enemies":"3 Cultists","floor":31.0,"turns":4.0},{"damage":0.0,"enemies":"Collector","floor":33.0,"turns":7.0},{"damage":0.0,"enemies":"3 Shapes","floor":35.0,"turns":4.0},{"damage":0.0,"enemies":"Orb Walker","floor":36.0,"turns":4.0},{"damage":0.0,"enemies":"4 Shapes","floor":42.0,"turns":6.0},{"damage":5.0,"enemies":"Giant Head","floor":44.0,"turns":8.0},{"damage":0.0,"enemies":"Transient","floor":46.0,"turns":5.0},{"damage":23.0,"enemies":"Writhing Mass","floor":47.0,"turns":6.0},{"damage":0.0,"enemies":"Sphere and 2 Shapes","floor":48.0,"turns":3.0},{"damage":9.0,"enemies":"Donu and Deca","floor":50.0,"turns":9.0},{"damage":0.0,"enemies":"animator:UNNAMED_HAT","floor":54.0,"turns":18.0},{"damage":2.0,"enemies":"animator:UNNAMED_CULTIST_1","floor":55.0,"turns":12.0},{"damage":40.0,"enemies":"animator:TRIPLE_LAGAVULIN","floor":59.0,"turns":8.0},{"damage":76,"enemies":"animator:LARGE_CRYSTAL","floor":60,"turns":4}],"seed_played":"-1536692265981323237","potions_obtained":[{"floor":3.0,"key":"BlessingOfTheForge"},{"floor":10.0,"key":"Weak Potion"},{"floor":13.0,"key":"DistilledChaos"},{"floor":16.0,"key":"SteroidPotion"},{"floor":19.0,"key":"FearPotion"},{"floor":20.0,"key":"Energy Potion"},{"floor":23.0,"key":"Swift Potion"},{"floor":28.0,"key":"PowerPotion"},{"floor":35.0,"key":"SpeedPotion"},{"floor":46.0,"key":"SkillPotion"},{"floor":54.0,"key":"animator:FalseLifePotion"},{"floor":55.0,"key":"animator:FalseLifePotion"},{"floor":59,"key":"animator:FalseLifePotion"}],"is_trial":false,"path_per_floor":["M","$","M","?","?","E","M","M","T","M","M","R","M","$","R","B",null,"M","M","?","M","?","E","R","T","T","?","M","M","E","M","R","B",null,"M","M","?","?","$","R","?","M","T","E","R","M","M","M","R","B",null,"R","??","M","M","T","?","$","M","M"],"character_chosen":"THE_ANIMATOR","items_purchased":["animator:Archer","animator:AncientMedallion","animator:HououinKyouma"],"campfire_rested":0,"item_purchase_floors":[58,58,58],"current_hp_per_floor":[66,66,66,59,56,43,44,44,44,46,46,46,42,42,42,27,79,81,79,77,71,71,60,60,60,60,60,62,64,67,69,69,71,108,110,114,114,100,100,100,100,104,104,101,101,103,82,87,87,80,131,131,98,98,96,96,96,96,58,0,0],"gold":84,"neow_bonus":"RANDOM_COLORLESS","is_daily":false,"chose_seed":false,"campfire_upgraded":7,"win_rate":0.0,"timestamp":1611842008,"path_taken":["M","?","?","?","?","E","M","M","T","M","M","R","M","$","R","BOSS","M","M","?","M","?","E","R","?","T","?","M","?","E","M","R","BOSS","M","M","?","?","?","R","?","?","T","E","R","M","M","M","R","BOSS","R","??","M","M","T","?","$","M","M"],"items_purchased_type":["Card","Relic","Card"],"build_version":"2020-12-22","purchased_purges":3,"victory":false,"max_hp_per_floor":[66,66,66,66,66,68,70,72,72,74,76,76,79,79,79,79,79,81,83,85,87,87,89,89,89,89,89,91,93,96,98,98,100,108,110,114,114,114,114,114,114,118,118,120,120,122,124,129,129,131,131,131,98,98,98,98,98,98,98,98,98],"card_choices":[{"not_picked":["animator:LimeBell","animator:Kagari"],"picked":"animator:Canti","floor":0.0},{"not_picked":["animator:EmiyaShirou","animator:Mikaela"],"picked":"animator:Gillette","floor":1.0},{"not_picked":["animator:Mikaela","animator:Alexander"],"picked":"animator:Entoma","floor":3.0},{"not_picked":["animator:YaoHaDucy","animator:Guy"],"picked":"animator:GoblinSlayer","floor":6.0},{"not_picked":["animator:Shigure","animator:CrowleyEusford","animator:Mitsuba"],"picked":"animator:Shinoa","floor":7.0},{"not_picked":["animator:PandorasActor","animator:RoryMercury","animator:Rider"],"picked":"animator:Entoma","floor":8.0},{"not_picked":["animator:ChaikaBohdan","animator:Sebas","animator:CowGirl"],"picked":"animator:Entoma","floor":10.0},{"not_picked":["animator:CrowleyEusford","animator:Berserker","animator:Priestess"],"picked":"animator:GoblinSlayer","floor":11.0},{"not_picked":["animator:CowGirl","animator:Spearman","animator:GuildGirl"],"picked":"animator:Witch","floor":13.0},{"not_picked":["animator:Gilgamesh","animator:GoblinSlayer","animator:Shiro"],"picked":"animator:FeridBathory","floor":16.0},{"not_picked":["animator:Tet","animator:AcuraAkari","animator:HiiragiShinya+1"],"picked":"animator:SakuraMatou","floor":18.0},{"not_picked":["animator:DolaSchwi","animator:DolaCouronne","animator:Gillette"],"picked":"animator:Guy","floor":19.0},{"not_picked":["animator:Alexander","animator:Witch","animator:Arpeggio"],"picked":"animator:Mitsuba+1","floor":20.0},{"not_picked":["animator:ShinjiMatou","animator:Lancer","animator:Arpeggio"],"picked":"animator:DolaStephanie","floor":21.0},{"not_picked":["animator:Spearman","animator:LizardPriest","animator:HighElfArcher"],"picked":"animator:Priestess","floor":23.0},{"not_picked":["animator:LizardPriest","animator:DolaCouronne","animator:Alexander+1"],"picked":"animator:Shalltear+1","floor":28.0},{"not_picked":["animator:Alexander+1","animator:Yuuichirou+1","animator:HiiragiShinya+1"],"picked":"animator:NarberalGamma+1","floor":29.0},{"not_picked":["animator:DolaCouronne","animator:Mikaela+1","animator:RinTohsaka"],"picked":"animator:Spearman+1","floor":30.0},{"not_picked":["animator:Cocytus+1","animator:Evileye","animator:Demiurge"],"picked":"animator:Entoma+1","floor":31.0},{"not_picked":["animator:Shiro","animator:Ainz","animator:AcuraShin+1"],"picked":"animator:FeridBathory","floor":33.0},{"not_picked":["animator:ShinjiMatou","animator:Jibril+1","animator:Shinoa"],"picked":"animator:LizardPriest+1","floor":35.0},{"not_picked":["animator:Illya+1","animator:Berserker+1","animator:Cocytus+1"],"picked":"animator:Spearman+1","floor":36.0},{"not_picked":["animator:ChaikaBohdan+1","animator:DolaSchwi+1","animator:AcuraAkari+1"],"picked":"animator:Albedo+1","floor":42.0},{"not_picked":["animator:Guy+1","animator:Gillette+1","animator:ChaikaBohdan+1"],"picked":"animator:Fredrika+1","floor":44.0},{"not_picked":["animator:YaoHaDucy+1","animator:DwarfShaman+1","animator:ShinjiMatou+1"],"picked":"animator:RinTohsaka+1","floor":46.0},{"not_picked":["animator:Bozes+1","animator:ShinjiMatou+1","animator:Jibril+1"],"picked":"animator:CowGirl+1","floor":47.0},{"not_picked":["animator:Mitsuba+1","animator:Tyuule+1","animator:YaoHaDucy+1"],"picked":"animator:Sora+1","floor":48.0},{"not_picked":["animator:ChaikaBohdan","animator:Viivi+1"],"picked":"animator:SakuraMatou+1","floor":54.0},{"not_picked":["animator:LeleiLaLalena","animator:TukaLunaMarceau"],"picked":"animator:Witch","floor":55.0},{"not_picked":["animator:HarukoHaruhara","animator:Patchouli"],"picked":"animator:Hibiki","floor":57.0},{"not_picked":["animator:ShinjiMatou+1","animator:DolaCouronne"],"picked":"animator:Archer+1","floor":59}],"player_experience":481106,"relics_obtained":[{"floor":6.0,"key":"Question Card"},{"floor":9.0,"key":"PreservedInsect"},{"floor":20.0,"key":"Red Mask"},{"floor":23.0,"key":"Ancient Tea Set"},{"floor":25.0,"key":"Gremlin Horn"},{"floor":26.0,"key":"Molten Egg 2"},{"floor":30.0,"key":"Potion Belt"},{"floor":44.0,"key":"Toxic Egg 2"},{"floor":53.0,"key":"animator:TheEgnaroPiece"},{"floor":56.0,"key":"animator:AncientMedallion"}],"event_choices":[{"cards_removed":["animator:Defend"],"damage_healed":0.0,"max_hp_gain":0.0,"max_hp_loss":0.0,"gold_gain":0.0,"event_name":"Golden Wing","player_choice":"Card Removal","floor":4.0,"gold_loss":0.0,"damage_taken":7.0},{"damage_healed":0.0,"max_hp_gain":0.0,"max_hp_loss":0.0,"gold_gain":0.0,"event_name":"Scrap Ooze","player_choice":"Success","floor":5.0,"gold_loss":0.0,"damage_taken":3.0,"relics_obtained":["Pocketwatch"]},{"damage_healed":0.0,"max_hp_gain":0.0,"max_hp_loss":0.0,"gold_gain":0.0,"event_name":"Masked Bandits","player_choice":"Fought Bandits","floor":20.0,"gold_loss":0.0,"damage_taken":0.0},{"damage_healed":0.0,"max_hp_gain":0.0,"max_hp_loss":0.0,"gold_gain":0.0,"event_name":"Addict","player_choice":"Obtained Relic","floor":22.0,"gold_loss":85.0,"damage_taken":0.0,"relics_obtained":["Paper Crane"]},{"damage_healed":0.0,"max_hp_gain":0.0,"max_hp_loss":0.0,"gold_gain":0.0,"event_name":"WeMeetAgain","player_choice":"Paid Gold","floor":27.0,"gold_loss":69.0,"damage_taken":0.0,"relics_obtained":["Happy Flower"]},{"damage_healed":0.0,"max_hp_gain":0.0,"max_hp_loss":0.0,"gold_gain":0.0,"event_name":"Mysterious Sphere","player_choice":"Ignored","floor":37.0,"gold_loss":0.0,"damage_taken":0.0},{"damage_healed":0.0,"max_hp_gain":0.0,"max_hp_loss":0.0,"gold_gain":0.0,"event_name":"Winding Halls","player_choice":"Embrace Madness","floor":38.0,"gold_loss":0.0,"damage_taken":14.0,"cards_obtained":["animator:HigakiRinne"]},{"damage_healed":0.0,"max_hp_gain":0.0,"max_hp_loss":0.0,"gold_gain":0.0,"cards_transformed":["animator:Strike"],"event_name":"Transmorgrifier","player_choice":"Transformed","floor":41.0,"gold_loss":0.0,"damage_taken":0.0,"cards_obtained":["animator:Yoichi"]},{"damage_healed":0.0,"max_hp_gain":0.0,"max_hp_loss":0.0,"gold_gain":0.0,"event_name":"SensoryStone","player_choice":"Memory 1","floor":57.0,"gold_loss":0.0,"damage_taken":0.0}],"is_beta":false,"boss_relics":[{"not_picked":["Fusion Hammer","Busted Crown"],"picked":"Ectoplasm"},{"not_picked":["Cursed Key","Pandora\u0027s Box"],"picked":"animator:HolyGrailRelic"}],"items_purged_floors":[2,14,58],"is_endless":false,"potions_floor_spawned":[3,10,13,16,19,20,23,28,35,46,54,55],"killed_by":"animator:LARGE_CRYSTAL","ascension_level":0}}