{"host":"dbb4fkd1j4jczim2","time":1611814873,"event":{"mods":["BaseMod","Downfall","Marisa????????","Minty Spire (QoL Compilation)","Permanent Neow","StSLib"],"gold_per_floor":[99,115,115,126,143,174,174,174,174,174],"floor_reached":8,"language":"ENG","playtime":281,"items_purged":[],"score":56,"play_id":"65cff48f-8d04-4f58-b04d-8aee615cfe65","local_time":"20210128002113","is_ascension_mode":false,"campfire_choices":[{"data":"champ:Execute","floor":1,"key":"SMITH"}],"circlet_count":0,"master_deck":["champ:Strike","champ:Strike","champ:Strike","champ:Strike","champ:Defend","champ:Defend","champ:Defend","champ:Defend","champ:Execute+1","champ:Taunt","champ:BringItOn","champ:PreciseThrust","champ:PreciseThrust","champ:BerserkersShout"],"relics":["bronze:MakeshiftBattery","Matryoshka","Pen Nib","Oddly Smooth Stone","Omamori"],"acts_visited":["Exordium"],"potions_floor_usage":[8],"damage_taken":[{"damage":20,"enemies":"Jaw Worm","floor":2,"turns":5},{"damage":10,"enemies":"Small Slimes","floor":4,"turns":3},{"damage":0,"enemies":"2 Louse","floor":5,"turns":2},{"damage":56,"enemies":"Lagavulin","floor":6,"turns":7},{"damage":45,"enemies":"3 Sentries","floor":8,"turns":3}],"seed_played":"-4788810294111753209","potions_obtained":[{"floor":2,"key":"Energy Potion"}],"is_trial":false,"path_per_floor":["R","M","?","M","M","E","T","E"],"character_chosen":"THE_CHAMP","items_purchased":[],"campfire_rested":0,"item_purchase_floors":[],"current_hp_per_floor":[90,85,73,73,73,37,37,0,0,0],"gold":174,"neow_bonus":"BOSS_RELIC","is_daily":false,"chose_seed":false,"campfire_upgraded":1,"win_rate":0.0,"timestamp":1611814873,"path_taken":["R","M","?","M","M","E","T","E"],"items_purchased_type":[],"build_version":"2020-12-22","purchased_purges":0,"victory":false,"max_hp_per_floor":[90,90,90,90,90,90,90,90,90,90],"card_choices":[{"not_picked":["champ:RapidStrikes","champ:GutPunch"],"picked":"champ:BringItOn","floor":2},{"not_picked":["champ:FaceSlap","champ:ArenaPreparation"],"picked":"champ:PreciseThrust","floor":4},{"not_picked":["champ:EnragedBash","champ:CrownThrow"],"picked":"champ:PreciseThrust","floor":5},{"not_picked":["champ:DefensiveShout","champ:ShieldSigil"],"picked":"champ:BerserkersShout","floor":6}],"player_experience":316565,"relics_obtained":[{"floor":6,"key":"Pen Nib"},{"floor":7,"key":"Oddly Smooth Stone"},{"floor":7,"key":"Omamori"}],"event_choices":[{"damage_healed":0,"gold_gain":0,"player_choice":"Success","damage_taken":12,"relics_obtained":["Matryoshka"],"max_hp_gain":0,"max_hp_loss":0,"event_name":"Scrap Ooze","floor":3,"gold_loss":0}],"is_beta":false,"boss_relics":[],"items_purged_floors":[],"is_endless":false,"potions_floor_spawned":[2],"killed_by":"3 Sentries","ascension_level":0}}