{"host":"ig9h5mtrygw4gu9r","time":1611805958,"event":{"mods":["2.2 Compatiblity","AchievementEnabler","BaseMod","Downfall","Minty Spire (QoL Compilation)","Relic Stats","StSLib"],"gold_per_floor":[118,118,78,78,78,118,132,132,132,176,176,192,0,0,0,121,184,208,208,228,327,341,341,11,55,78,78,93,21,21,45,45,171,471,490,510,429,450,304,304,335,335,335,335,349,382,382,382,382],"floor_reached":48,"language":"ENG","playtime":1912,"items_purged":["Strike_R"],"score":674,"play_id":"9947dfe2-d41a-454f-91eb-6181d2bfa633","local_time":"20210127195238","is_ascension_mode":true,"campfire_choices":[{"data":"Infernal Blade","floor":8.0,"key":"SMITH"},{"data":"Inflame","floor":11.0,"key":"SMITH"},{"data":"Bash","floor":15.0,"key":"SMITH"},{"floor":23.0,"key":"REST"},{"data":"Armaments","floor":27,"key":"SMITH"},{"floor":32,"key":"REST"},{"floor":40,"key":"REST"},{"data":"Reaper","floor":42,"key":"SMITH"},{"floor":44,"key":"REST"}],"circlet_count":0,"master_deck":["Strike_R","Strike_R","Defend_R","Defend_R","Defend_R","Defend_R","Bash+1","Headbutt","Inflame+1","Cleave+1","Infernal Blade+1","Flex","Headbutt","Metallicize","Demon Form","Clash","Cleave","Armaments+1","Heavy Blade+1","Iron Wave","Spot Weakness","Sadistic Nature","Flash of Steel","Blood for Blood+1","Twin Strike+1","Brutality","CurseOfTheBell","Dual Wield+1","Finesse","Reaper+1","Flex+1","Warcry+1"],"relics":["Burning Blood","NeowsBlessing","Red Skull","Golden Idol","Bottled Flame","Kunai","Paper Frog","Membership Card","Tiny House","Thread and Needle","Nunchaku","PreservedInsect","Sling","Calling Bell","Dream Catcher","Singing Bowl","Old Coin","Strange Spoon","Pantograph","Bottled Lightning","Ginger"],"acts_visited":["Exordium","TheCity","TheBeyond"],"potions_floor_usage":[25,25,38,45,48,48,48,48],"damage_taken":[{"damage":0.0,"enemies":"2 Louse","floor":1.0,"turns":1.0},{"damage":0.0,"enemies":"Lagavulin","floor":6.0,"turns":1.0},{"damage":0.0,"enemies":"Small Slimes","floor":7.0,"turns":1.0},{"damage":8.0,"enemies":"Gremlin Nob","floor":10.0,"turns":3.0},{"damage":4.0,"enemies":"Jaw Worm","floor":12.0,"turns":2.0},{"damage":31.0,"enemies":"The Guardian","floor":16.0,"turns":7.0},{"damage":50.0,"enemies":"3 Byrds","floor":18.0,"turns":7.0},{"damage":33.0,"enemies":"2 Thieves","floor":20.0,"turns":3.0},{"damage":13.0,"enemies":"Snecko","floor":22.0,"turns":3.0},{"damage":7,"enemies":"Book of Stabbing","floor":25,"turns":3},{"damage":10,"enemies":"Shelled Parasite and Fungi","floor":28,"turns":3},{"damage":5,"enemies":"Centurion and Healer","floor":31,"turns":3},{"damage":79,"enemies":"Automaton","floor":33,"turns":8},{"damage":25,"enemies":"Orb Walker","floor":35,"turns":3},{"damage":52,"enemies":"3 Darklings","floor":36,"turns":4},{"damage":16,"enemies":"Spire Growth","floor":38,"turns":3},{"damage":16,"enemies":"Giant Head","floor":41,"turns":5},{"damage":74,"enemies":"Jaw Worm Horde","floor":45,"turns":5},{"damage":74,"enemies":"Nemesis","floor":46,"turns":5},{"damage":12,"enemies":"2 Orb Walkers","floor":48,"turns":2}],"seed_played":"-3115900871542061295","potions_obtained":[{"floor":1.0,"key":"Guardian:BlockOnCardUsePotion"},{"floor":6.0,"key":"Weak Potion"},{"floor":12.0,"key":"LiquidMemories"},{"floor":17.0,"key":"Block Potion"},{"floor":18.0,"key":"Slimebound:ThreeZeroPotion"},{"floor":25,"key":"FairyPotion"},{"floor":28,"key":"EssenceOfSteel"},{"floor":36,"key":"AttackPotion"},{"floor":46,"key":"EntropicBrew"}],"is_trial":false,"path_per_floor":["M","?","$","?","?","E","M","R","T","E","R","M","$","?","R","B",null,"M","?","M","?","M","R","$","E","T","R","M","$","?","M","R","B",null,"M","M","$","M","$","R","E","R","T","R","M","E","?","?"],"character_chosen":"IRONCLAD","items_purchased":["Inflame","Membership Card","Metallicize","Spot Weakness","Sadistic Nature","Thread and Needle","Flash of Steel","Sling","Finesse","Strange Spoon","Reaper"],"campfire_rested":4,"item_purchase_floors":[3,13,13,24,24,24,24,29,37,39,39],"current_hp_per_floor":[80,68,68,48,48,54,60,60,60,58,58,60,60,53,53,28,85,41,41,14,14,7,32,32,31,31,31,27,27,27,28,53,31,85,66,22,22,14,14,42,57,57,57,84,75,9,9,0,0],"gold":382,"neow_bonus":"THREE_ENEMY_KILL","is_daily":false,"chose_seed":false,"campfire_upgraded":5,"win_rate":0.0,"timestamp":1611805958,"path_taken":["M","?","$","?","?","E","M","R","T","E","R","M","?","?","R","BOSS","M","?","?","?","M","R","$","E","T","R","M","$","?","M","R","BOSS","M","M","$","M","$","R","E","R","T","R","M","E","?","?"],"items_purchased_type":["Card","Relic","Card","Card","Card","Relic","Card","Relic","Card","Relic","Card"],"build_version":"2020-12-22","purchased_purges":1,"victory":false,"max_hp_per_floor":[80,80,80,80,80,80,80,80,80,80,80,80,80,80,80,80,85,85,85,85,85,85,85,85,85,85,85,85,85,85,85,85,85,85,85,87,87,89,89,91,91,91,91,91,93,95,90,90,90],"relic_stats":{"Strange Spoon":[3],"Nunchaku":[7],"Dream Catcher":2,"Singing Bowl":10,"counters":[20,72],"Golden Idol":153,"Pantograph":0,"PreservedInsect":172,"Kunai":[17],"Ginger":[0],"obtain_stats":[{"Tiny House":17,"NeowsBlessing":0,"Singing Bowl":34,"Golden Idol":4,"Thread and Needle":24,"PreservedInsect":26,"Ginger":46,"Sling":29,"Burning Blood":0,"Old Coin":34,"Calling Bell":34,"Strange Spoon":39,"Bottled Flame":6,"Nunchaku":25,"Dream Catcher":34,"Pantograph":41,"Kunai":9,"Membership Card":13,"Bottled Lightning":43,"Red Skull":2,"Paper Frog":10},{"Tiny House":6,"NeowsBlessing":0,"Singing Bowl":13,"Golden Idol":1,"Thread and Needle":9,"PreservedInsect":10,"Ginger":19,"Sling":11,"Burning Blood":0,"Old Coin":13,"Calling Bell":13,"Strange Spoon":16,"Bottled Flame":2,"Nunchaku":10,"Dream Catcher":13,"Pantograph":17,"Kunai":3,"Membership Card":5,"Bottled Lightning":17,"Red Skull":1,"Paper Frog":4},{"Tiny House":15,"NeowsBlessing":0,"Singing Bowl":45,"Golden Idol":1,"Thread and Needle":28,"PreservedInsect":31,"Ginger":70,"Sling":34,"Burning Blood":0,"Old Coin":45,"Calling Bell":45,"Strange Spoon":55,"Bottled Flame":2,"Nunchaku":31,"Dream Catcher":45,"Pantograph":60,"Kunai":3,"Membership Card":8,"Bottled Lightning":60,"Red Skull":1,"Paper Frog":6}],"Burning Blood":108},"card_choices":[{"not_picked":["Second Wind","Clash"],"picked":"Headbutt","floor":1.0},{"not_picked":["Iron Wave","Flex"],"picked":"Cleave","floor":6.0},{"not_picked":["Clothesline","Entrench"],"picked":"Infernal Blade","floor":7.0},{"not_picked":["Shrug It Off","Anger"],"picked":"Flex","floor":10.0},{"not_picked":["Whirlwind","Intimidate"],"picked":"Headbutt","floor":12.0},{"not_picked":["Berserk","Juggernaut"],"picked":"Demon Form","floor":16.0},{"not_picked":["Searing Blow","Wild Strike"],"picked":"Clash","floor":17.0},{"not_picked":["Sentinel","Clothesline"],"picked":"Cleave","floor":18.0},{"not_picked":["Entrench+1","Flex+1"],"picked":"Heavy Blade+1","floor":20.0},{"not_picked":["Offering","Evolve+1"],"picked":"Iron Wave","floor":22.0},{"not_picked":["Perfected Strike+1","Power Through"],"picked":"Blood for Blood+1","floor":25},{"not_picked":["Second Wind","Body Slam","Wild Strike"],"picked":"SKIP","floor":28},{"not_picked":["Iron Wave","True Grit"],"picked":"Twin Strike+1","floor":31},{"not_picked":["Immolate","Fiend Fire"],"picked":"Brutality","floor":33},{"not_picked":["True Grit","Disarm"],"picked":"Dual Wield+1","floor":35},{"not_picked":["Searing Blow+1","Burning Pact","Havoc"],"picked":"Singing Bowl","floor":36},{"not_picked":["Immolate","Sentinel+1","True Grit+1"],"picked":"Singing Bowl","floor":38},{"not_picked":["Perfected Strike+1","Cleave","Searing Blow+1"],"picked":"Singing Bowl","floor":40},{"not_picked":["Carnage","Hemokinesis+1"],"picked":"Flex+1","floor":41},{"not_picked":["Armaments","Body Slam"],"picked":"Warcry+1","floor":44},{"not_picked":["Cleave+1","Anger+1","Second Wind"],"picked":"Singing Bowl","floor":45},{"not_picked":["Fiend Fire","Ghostly Armor","Wild Strike"],"picked":"Singing Bowl","floor":46}],"player_experience":375612,"relics_obtained":[{"floor":6.0,"key":"Bottled Flame"},{"floor":9.0,"key":"Kunai"},{"floor":10.0,"key":"Paper Frog"},{"floor":25,"key":"Nunchaku"},{"floor":26,"key":"PreservedInsect"},{"floor":34,"key":"Dream Catcher"},{"floor":34,"key":"Singing Bowl"},{"floor":34,"key":"Old Coin"},{"floor":41,"key":"Pantograph"},{"floor":43,"key":"Bottled Lightning"},{"floor":46,"key":"Ginger"}],"event_choices":[{"damage_healed":0.0,"max_hp_gain":0.0,"max_hp_loss":0.0,"gold_gain":0.0,"event_name":"Scrap Ooze","player_choice":"Success","floor":2.0,"gold_loss":0.0,"damage_taken":12.0,"relics_obtained":["Red Skull"]},{"damage_healed":0.0,"max_hp_gain":0.0,"max_hp_loss":0.0,"gold_gain":0.0,"event_name":"Golden Idol","player_choice":"Take Damage","floor":4.0,"gold_loss":0.0,"damage_taken":20.0,"relics_obtained":["Golden Idol"]},{"damage_healed":0.0,"max_hp_gain":0.0,"max_hp_loss":0.0,"gold_gain":0.0,"event_name":"Liars Game","player_choice":"Ignored","floor":5.0,"gold_loss":0.0,"damage_taken":0.0},{"cards_removed":["Strike_R"],"damage_healed":0.0,"max_hp_gain":0.0,"max_hp_loss":0.0,"gold_gain":0.0,"event_name":"Golden Wing","player_choice":"Card Removal","floor":14.0,"gold_loss":0.0,"damage_taken":7.0},{"damage_healed":0.0,"max_hp_gain":0.0,"max_hp_loss":0.0,"gold_gain":0.0,"cards_transformed":["Strike_R"],"event_name":"Transmorgrifier","player_choice":"Transformed","floor":19.0,"gold_loss":0.0,"damage_taken":0.0,"cards_obtained":["Armaments"]},{"damage_healed":0.0,"max_hp_gain":0.0,"max_hp_loss":0.0,"gold_gain":99.0,"event_name":"Nest","player_choice":"Stole From Cult","floor":21.0,"gold_loss":0.0,"damage_taken":0.0},{"damage_healed":0,"gold_gain":0,"player_choice":"Max HP","damage_taken":0,"max_hp_gain":0,"max_hp_loss":5,"event_name":"Winding Halls","floor":47,"gold_loss":0},{"damage_healed":0,"gold_gain":0,"player_choice":"Fight","damage_taken":0,"max_hp_gain":0,"max_hp_loss":0,"event_name":"Mysterious Sphere","floor":48,"gold_loss":0}],"is_beta":false,"boss_relics":[{"not_picked":["Philosopher\u0027s Stone","bronze:MakeshiftBattery"],"picked":"Tiny House"},{"not_picked":["Runic Cube","SacredBark"],"picked":"Calling Bell"}],"items_purged_floors":[37],"is_endless":false,"potions_floor_spawned":[1,6,12,18,25,28,36,46],"killed_by":"2 Orb Walkers","ascension_level":3}}