{"host":"v3oldak69fx1zt0p","time":1611814971,"event":{"mods":["BaseMod","Downfall","Hermit","Minty Spire (QoL Compilation)","Quick Restart","StSLib","Waifu the Spire","noobMod"],"gold_per_floor":[99,112,132,45,45,30,30,59,59,59,159,194,194,207,225,321,321,321,331,331,331,331,357,357,386,45,71,102,135,165,177,187,292,292,92,104,104,104,11,46,46,75,75,102,152,52,63,92,111,111,111,140,140,140,140,140],"floor_reached":57,"language":"ENG","playtime":3005,"items_purged":[],"score":1695,"play_id":"8083bcd9-0bd6-4ee8-afe4-a3f2112e7714","local_time":"20210128002251","daily_mods":["Draft","Hoarder","Flight","Elite Swarm"],"is_ascension_mode":false,"campfire_choices":[{"data":"Echo Form","floor":1,"key":"SMITH"},{"floor":9,"key":"REST"},{"floor":13,"key":"REST"},{"floor":18,"key":"RECALL"},{"data":"hermit:CursedWeapon","floor":35,"key":"SMITH"},{"floor":46,"key":"REST"},{"floor":54,"key":"REST"}],"circlet_count":0,"master_deck":["Demon Form","Wraith Form v2","Echo Form+1","DevaForm","bronze:Verify","Guardian:ConstructionForm","Slimebound:DuplicatedForm","sneckomod:SerpentMind","hexamod:HexaLevel","hermit:Manifest","hermit:Manifest","hermit:TrackingShot","hermit:TrackingShot","hermit:TrackingShot","hermit:Dive","hermit:Dive","hermit:Dive","hermit:Desperado","hermit:Desperado","hermit:Desperado","hermit:LowProfile","hermit:LowProfile","hermit:LowProfile","hermit:Ricochet","hermit:Ricochet","hermit:Ricochet","hermit:Roulette","hermit:Roulette","hermit:Roulette","hermit:Brawl","hermit:Brawl","hermit:Brawl","hermit:TakeAim","hermit:TakeAim","hermit:TakeAim","hermit:Headshot","hermit:Headshot","hermit:Headshot","hermit:Headshot","hermit:Headshot","hermit:Headshot","hermit:Brawl","hermit:Brawl","hermit:Brawl","hermit:Quickdraw","hermit:Quickdraw","hermit:Quickdraw","hermit:HighCaliber","hermit:HighCaliber","hermit:HighCaliber","hermit:PistolWhip","hermit:PistolWhip","hermit:PistolWhip","hermit:CursedWeapon","hermit:CursedWeapon+1","hermit:CursedWeapon","hermit:Determination","hermit:Determination","hermit:Determination","Mayhem","Mayhem","Mayhem","hermit:BlackWind","hermit:BlackWind","hermit:BlackWind","hermit:Determination+1","hermit:Determination+1","hermit:Determination+1"],"relics":["hermit:ClaspedLocket","ice","hexamod:BolsterEngine","Centennial Puzzle","Kunai","sneckomod:BlankCard","Bronze Scales","SlaversCollar","Nilry\u0027s Codex","MutagenicStrength","Incense Burner","Mango","Lee\u0027s Waffle","Bag of Marbles","Guardian:GemstoneGun","PreservedInsect","InkBottle","downfall:HeartBlessingRed","downfall:HeartBlessingGreen","Matryoshka","Prayer Wheel","Cauldron","Gremlin Horn","Regal Pillow","Bottled Lightning","Molten Egg 2","hermit:RyeStalk","Torii","downfall:HeartBlessingBlue","Akabeko","Pocketwatch"],"acts_visited":["Exordium","TheCity","TheBeyond","TheEnding"],"potions_floor_usage":[6,15,16,16,16,25,33,39,45,45,55,56],"damage_taken":[{"damage":19,"enemies":"Cultist","floor":2,"turns":4},{"damage":8,"enemies":"Jaw Worm","floor":3,"turns":2},{"damage":7,"enemies":"downfall:FleeingMerchant","floor":4,"turns":4},{"damage":9,"enemies":"downfall:FleeingMerchant","floor":6,"turns":4},{"damage":24,"enemies":"Lagavulin","floor":8,"turns":4},{"damage":16,"enemies":"3 Sentries","floor":12,"turns":6},{"damage":1,"enemies":"2 Louse","floor":14,"turns":3},{"damage":5,"enemies":"Blue Slaver","floor":15,"turns":3},{"damage":6,"enemies":"Slime Boss","floor":16,"turns":7},{"damage":20,"enemies":"3 Byrds","floor":19,"turns":3},{"damage":69,"enemies":"Slavers","floor":23,"turns":5},{"damage":29,"enemies":"Book of Stabbing","floor":25,"turns":5},{"damage":12,"enemies":"downfall:FleeingMerchant","floor":26,"turns":4},{"damage":4,"enemies":"Slavers","floor":28,"turns":1},{"damage":6,"enemies":"Gremlin Leader","floor":29,"turns":4},{"damage":6,"enemies":"Slavers","floor":30,"turns":2},{"damage":2,"enemies":"Centurion and Healer","floor":31,"turns":1},{"damage":0,"enemies":"Snake Plant","floor":32,"turns":2},{"damage":23,"enemies":"WA_ARCHETYPE_CALM","floor":33,"turns":5},{"damage":4,"enemies":"Orb Walker","floor":36,"turns":2},{"damage":17,"enemies":"downfall:FleeingMerchant","floor":39,"turns":3},{"damage":45,"enemies":"Reptomancer","floor":40,"turns":5},{"damage":0,"enemies":"Nemesis","floor":42,"turns":1},{"damage":10,"enemies":"Giant Head","floor":44,"turns":3},{"damage":17,"enemies":"Giant Head","floor":45,"turns":4},{"damage":25,"enemies":"3 Darklings","floor":47,"turns":4},{"damage":2,"enemies":"Nemesis","floor":48,"turns":1},{"damage":1,"enemies":"Jaw Worm Horde","floor":49,"turns":1},{"damage":71,"enemies":"SI_POISON_ARCHETYPE","floor":50,"turns":5},{"damage":94,"enemies":"downfall:CharBossMerchant","floor":52,"turns":6},{"damage":19,"enemies":"downfall:NeowBoss","floor":55,"turns":7},{"damage":123,"enemies":"downfall:NeowBossFinal","floor":56,"turns":6}],"seed_played":"6364285917344524640","potions_obtained":[{"floor":8,"key":"Block Potion"},{"floor":12,"key":"AttackPotion"},{"floor":14,"key":"Dexterity Potion"},{"floor":15,"key":"AttackPotion"},{"floor":23,"key":"PowerPotion"},{"floor":28,"key":"Regen Potion"},{"floor":30,"key":"Explosive Potion"},{"floor":31,"key":"DistilledChaos"},{"floor":39,"key":"LiquidBronze"},{"floor":39,"key":"hermit:Tonic"},{"floor":45,"key":"FairyPotion"},{"floor":47,"key":"SteroidPotion"}],"is_trial":true,"path_per_floor":["R","M","M","$","?","$","T","E","R","T","?","E","R","M","M","B",null,"R","M","?","?","?","E","T","E","$","T","E","E","E","M","M","B",null,"R","M","?","?","$","E","T","E","$","E","?","R","M","E","M","B",null,"E","$","R","B","B",null],"character_chosen":"HERMIT","items_purchased":["DistilledChaos","Lee\u0027s Waffle","Mayhem","Prayer Wheel","Cauldron"],"campfire_rested":4,"item_purchase_floors":[4,26,26,39,39],"current_hp_per_floor":[75,71,63,56,49,40,40,16,38,38,38,22,44,43,38,47,75,75,55,39,39,39,44,44,29,111,111,107,101,95,93,93,70,122,122,118,118,118,101,56,56,56,56,61,56,124,99,97,96,25,152,73,73,135,116,132],"gold":140,"neow_bonus":"","is_daily":false,"chose_seed":false,"campfire_upgraded":2,"win_rate":0.0,"timestamp":1611814971,"path_taken":["R","M","M","$","?","$","T","E","R","?","?","E","R","?","M","BOSS","R","M","?","?","?","E","T","E","$","?","E","E","E","?","M","BOSS","R","M","?","?","$","E","T","E","$","E","?","R","M","E","M","BOSS","E","$","R","BOSS","BOSS"],"items_purchased_type":["Potion","Relic","Card","Relic","Relic"],"build_version":"2020-12-22","purchased_purges":0,"victory":true,"max_hp_per_floor":[75,75,75,75,75,75,75,75,75,75,75,75,75,75,75,75,75,75,75,75,75,75,78,78,99,111,111,111,114,116,116,119,122,122,122,123,123,123,128,132,132,132,132,133,134,144,147,147,147,152,152,157,157,157,161,171],"card_choices":[{"not_picked":["hermit:Feint","hermit:Dive"],"picked":"hermit:Manifest","floor":0},{"not_picked":["hermit:BodyArmor","hermit:LowProfile"],"picked":"hermit:TrackingShot","floor":0},{"not_picked":["hermit:WideOpen","hermit:EyeOfTheStorm"],"picked":"hermit:Dive","floor":0},{"not_picked":["hermit:BodyArmor","hermit:Horror"],"picked":"hermit:Desperado","floor":0},{"not_picked":["hermit:WideOpen","hermit:NoHoldsBarred"],"picked":"hermit:LowProfile","floor":0},{"not_picked":["hermit:Vantage","hermit:Enervate"],"picked":"hermit:Ricochet","floor":0},{"not_picked":["hermit:Ricochet","hermit:Cheat"],"picked":"hermit:Roulette","floor":0},{"not_picked":["hermit:WideOpen","hermit:Vantage"],"picked":"hermit:Brawl","floor":0},{"not_picked":["hermit:Snipe","hermit:Manifest"],"picked":"hermit:TakeAim","floor":0},{"not_picked":["hermit:Determination","hermit:Feint"],"picked":"hermit:Headshot","floor":0},{"not_picked":["hermit:Glare","hermit:Snipe"],"picked":"hermit:Headshot","floor":0},{"not_picked":["hermit:Scavenge","hermit:TakeAim"],"picked":"hermit:Brawl","floor":0},{"not_picked":["hermit:SprayPray","hermit:DeadMansHand"],"picked":"hermit:Quickdraw","floor":0},{"not_picked":["hermit:WideOpen","hermit:Grudge"],"picked":"hermit:HighCaliber","floor":0},{"not_picked":["hermit:Showdown","hermit:Dive"],"picked":"hermit:PistolWhip","floor":0},{"not_picked":["hermit:GoldenBullet","hermit:Dive"],"picked":"hermit:CursedWeapon","floor":2},{"not_picked":["hermit:Coalescence","hermit:CalledShot","hermit:WideOpen"],"picked":"SKIP","floor":3},{"not_picked":["hermit:Manifest","hermit:Virtue","hermit:ItchyTrigger"],"picked":"SKIP","floor":4},{"not_picked":["hermit:LowProfile","hermit:Dive","hermit:Manifest"],"picked":"SKIP","floor":6},{"not_picked":["hermit:FinalCanter","hermit:OverwhelmingPower","hermit:DeadOrAlive"],"picked":"SKIP","floor":8},{"not_picked":["hermit:Roughhouse","hermit:OverwhelmingPower","hermit:RoundhouseKick"],"picked":"SKIP","floor":12},{"not_picked":["hermit:NoHoldsBarred","hermit:HighCaliber","hermit:HoleUp"],"picked":"SKIP","floor":14},{"not_picked":["hermit:Snipe","hermit:HoleUp","hermit:Roulette"],"picked":"SKIP","floor":15},{"not_picked":["hermit:Desperado","hermit:SprayPray+1"],"picked":"hermit:Determination","floor":19},{"not_picked":["hermit:FinalCanter","hermit:Adapt","hermit:HeroicBravado"],"picked":"SKIP","floor":23},{"not_picked":["hermit:Dissolve","hermit:HighNoon","hermit:EternalForm"],"picked":"SKIP","floor":25},{"not_picked":["hermit:NoHoldsBarred","hermit:TrackingShot","hermit:Desperado+1"],"picked":"SKIP","floor":26},{"not_picked":["hermit:FatalDesire","hermit:Reprieve"],"picked":"hermit:BlackWind","floor":28},{"not_picked":["hermit:FromBeyond","hermit:EternalForm","hermit:Dissolve"],"picked":"SKIP","floor":29},{"not_picked":["hermit:BlackWind","hermit:Reprieve","hermit:Gambit"],"picked":"SKIP","floor":30},{"not_picked":["hermit:Ricochet+1","hermit:Coalescence","hermit:Shortfuse"],"picked":"SKIP","floor":31},{"not_picked":["hermit:TrackingShot+1","hermit:Ricochet","hermit:SprayPray+1"],"picked":"SKIP","floor":32},{"not_picked":["hermit:Midnight","hermit:ItchyTrigger+1"],"picked":"hermit:Determination+1","floor":36},{"not_picked":["hermit:Feint+1","hermit:LowProfile+1","hermit:LoneWolf+1"],"picked":"SKIP","floor":39},{"not_picked":["hermit:OverwhelmingPower","hermit:Magnum","hermit:EternalForm"],"picked":"SKIP","floor":40},{"not_picked":["hermit:Purgatory+1","hermit:HighNoon","hermit:Gambit"],"picked":"SKIP","floor":42},{"not_picked":["hermit:FatalDesire","hermit:Roughhouse+1","hermit:DeadOrAlive+1"],"picked":"SKIP","floor":44},{"not_picked":["hermit:Virtue","hermit:SprayPray+1","hermit:HoleUp+1"],"picked":"SKIP","floor":47},{"not_picked":["hermit:Scavenge","hermit:BodyArmor","hermit:Adapt"],"picked":"SKIP","floor":47},{"not_picked":["hermit:Reprieve","hermit:BlackWind+1","hermit:RoundhouseKick+1"],"picked":"SKIP","floor":48},{"not_picked":["hermit:Roulette+1","hermit:NoHoldsBarred+1","hermit:SprayPray+1"],"picked":"SKIP","floor":49},{"not_picked":["hermit:Roulette+1","hermit:Misfire+1","hermit:BodyArmor+1"],"picked":"SKIP","floor":49},{"not_picked":["hermit:Reprieve","hermit:Roughhouse+1","hermit:OverwhelmingPower"],"picked":"SKIP","floor":52}],"player_experience":163013,"relics_obtained":[{"floor":7,"key":"Centennial Puzzle"},{"floor":8,"key":"Kunai"},{"floor":10,"key":"sneckomod:BlankCard"},{"floor":12,"key":"Bronze Scales"},{"floor":20,"key":"Nilry\u0027s Codex"},{"floor":23,"key":"Incense Burner"},{"floor":25,"key":"Mango"},{"floor":27,"key":"Bag of Marbles"},{"floor":28,"key":"Guardian:GemstoneGun"},{"floor":29,"key":"PreservedInsect"},{"floor":30,"key":"InkBottle"},{"floor":37,"key":"Matryoshka"},{"floor":40,"key":"Gremlin Horn"},{"floor":41,"key":"Regal Pillow"},{"floor":41,"key":"Bottled Lightning"},{"floor":42,"key":"Molten Egg 2"},{"floor":44,"key":"hermit:RyeStalk"},{"floor":45,"key":"Torii"},{"floor":48,"key":"Akabeko"},{"floor":52,"key":"Pocketwatch"}],"event_choices":[{"damage_healed":0,"gold_gain":0,"player_choice":"Success","damage_taken":7,"relics_obtained":["hexamod:BolsterEngine"],"max_hp_gain":0,"max_hp_loss":0,"event_name":"Scrap Ooze","floor":5,"gold_loss":0},{"damage_healed":0,"gold_gain":100,"player_choice":"Pray","damage_taken":0,"max_hp_gain":0,"max_hp_loss":0,"event_name":"Golden Shrine","floor":11,"gold_loss":0},{"damage_healed":0,"gold_gain":0,"player_choice":"Inject Mutagens","damage_taken":0,"relics_obtained":["MutagenicStrength"],"max_hp_gain":0,"max_hp_loss":0,"event_name":"Drug Dealer","floor":21,"gold_loss":0},{"cards_removed":["champ:GladiatorForm"],"damage_healed":0,"gold_gain":0,"player_choice":"Elegance","damage_taken":0,"max_hp_gain":0,"max_hp_loss":0,"event_name":"Back to Basics","floor":22,"gold_loss":0},{"cards_removed":["hermit:Manifest"],"damage_healed":0,"gold_gain":0,"player_choice":"Removed Skill","damage_taken":0,"max_hp_gain":0,"max_hp_loss":0,"event_name":"Falling","floor":38,"gold_loss":0}],"is_beta":false,"boss_relics":[{"not_picked":["Velvet Choker","Tiny House"],"picked":"SlaversCollar"},{"not_picked":["Fusion Hammer","Philosopher\u0027s Stone"],"picked":"hermit:ClaspedLocket"}],"items_purged_floors":[],"is_endless":false,"potions_floor_spawned":[8,12,14,15,23,28,30,31,40,42,45,47,52],"ascension_level":0}}