{"host":"1c52r9kaxdyo25eq","time":1611795701,"event":{"mods":["AchievementEnabler","BaseMod","DeckTracker","Minty Spire (QoL Compilation)","Rare Cards Sparkle","SuperFastMode","everything is the same but u backflip on backflip"],"gold_per_floor":[115,132,132,150,168,168,168,178,203,238,260,210,244,256,268,388,400,432,444,235,253,264,264,564,564,587,265,280,280,280,299,299,405,405,423,77,77,95,110,144,144,144,144,444,471,484,501,45,45,45],"floor_reached":51,"language":"KOR","playtime":1454,"items_purged":["Defend_B","Defend_B","Strike_B","Strike_B"],"score":956,"play_id":"cd81344b-39d5-45a0-a8fe-53d73e3a74c4","local_time":"20210128100141","is_ascension_mode":true,"campfire_choices":[{"data":"Dualcast","floor":6.0,"key":"SMITH"},{"floor":15.0,"key":"REST"},{"floor":23.0,"key":"REST"},{"data":"Coolheaded","floor":25.0,"key":"SMITH"},{"data":"Lockon","floor":30.0,"key":"SMITH"},{"floor":32.0,"key":"REST"},{"floor":41.0,"key":"REST"},{"floor":49,"key":"REST"}],"circlet_count":0,"master_deck":["Strike_B","Defend_B","Defend_B","Zap+1","Dualcast+1","Undo+1","Glacier","Conserve Battery","Heatsinks","Darkness+1","Machine Learning","Coolheaded+1","Biased Cognition","Lockon+1","Core Surge","Self Repair","Redo+1"],"relics":["Cracked Core","Happy Flower","CeramicFish","Odd Mushroom","MawBank","Runic Pyramid","Old Coin","Strawberry","War Paint","FossilizedHelix","Nuclear Battery","Medical Kit","Akabeko","Calipers"],"acts_visited":["Exordium","TheCity","TheBeyond"],"potions_floor_usage":[50],"damage_taken":[{"damage":4.0,"enemies":"2 Louse","floor":1.0,"turns":3.0},{"damage":2.0,"enemies":"Jaw Worm","floor":2.0,"turns":4.0},{"damage":0.0,"enemies":"Small Slimes","floor":4.0,"turns":2.0},{"damage":4.0,"enemies":"2 Fungi Beasts","floor":5.0,"turns":3.0},{"damage":1.0,"enemies":"Looter","floor":8.0,"turns":3.0},{"damage":6.0,"enemies":"The Mushroom Lair","floor":10.0,"turns":3.0},{"damage":3.0,"enemies":"Exordium Thugs","floor":11.0,"turns":4.0},{"damage":33.0,"enemies":"Gremlin Nob","floor":13.0,"turns":5.0},{"damage":25.0,"enemies":"Slime Boss","floor":16.0,"turns":6.0},{"damage":25.0,"enemies":"2 Thieves","floor":18.0,"turns":4.0},{"damage":15.0,"enemies":"Shell Parasite","floor":21.0,"turns":6.0},{"damage":14.0,"enemies":"Centurion and Healer","floor":22.0,"turns":8.0},{"damage":11.0,"enemies":"Snake Plant","floor":28.0,"turns":4.0},{"damage":6.0,"enemies":"Cultist and Chosen","floor":31.0,"turns":4.0},{"damage":0.0,"enemies":"Champ","floor":33.0,"turns":9.0},{"damage":8.0,"enemies":"3 Shapes","floor":35.0,"turns":6.0},{"damage":4.0,"enemies":"Orb Walker","floor":38.0,"turns":4.0},{"damage":20.0,"enemies":"Writhing Mass","floor":39.0,"turns":5.0},{"damage":49.0,"enemies":"Giant Head","floor":40.0,"turns":8.0},{"damage":0,"enemies":"Maw","floor":45,"turns":8},{"damage":13,"enemies":"Sphere and 2 Shapes","floor":46,"turns":6},{"damage":18,"enemies":"Jaw Worm Horde","floor":47,"turns":4},{"damage":42,"enemies":"Time Eater","floor":50,"turns":7}],"seed_played":"-8407540909001607126","potions_obtained":[{"floor":1.0,"key":"SkillPotion"},{"floor":8.0,"key":"AttackPotion"},{"floor":11.0,"key":"SteroidPotion"},{"floor":22.0,"key":"Energy Potion"},{"floor":35.0,"key":"LiquidMemories"},{"floor":45,"key":"ColorlessPotion"}],"is_trial":false,"path_per_floor":["M","M","?","M","M","R","?","M","T","?","M","?","E","$","R","B",null,"M","?","$","M","M","R","?","R","T","$","M","T","R","M","R","B",null,"M","$","?","M","M","E","R","?","T","?","M","M","M","$","R","B",null],"character_chosen":"DEFECT","items_purchased":["Biased Cognition","War Paint","Lockon","Self Repair","Medical Kit","Calipers"],"campfire_rested":5,"item_purchase_floors":[20,27,27,36,36,48],"current_hp_per_floor":[71,69,62,62,58,58,58,57,57,51,48,48,15,15,37,12,75,50,50,50,35,21,43,43,43,50,50,39,39,39,33,57,57,82,74,74,74,77,64,22,45,45,45,45,52,46,35,35,58,23],"gold":45,"neow_bonus":"THREE_CARDS","is_daily":false,"chose_seed":false,"campfire_upgraded":3,"win_rate":0.0,"timestamp":1611795701,"path_taken":["M","M","?","M","M","R","?","M","T","?","M","?","E","$","R","BOSS","M","?","?","?","M","R","?","R","T","$","M","?","R","M","R","BOSS","M","$","?","M","M","E","R","?","T","?","M","M","?","$","R","BOSS"],"items_purchased_type":["Card","Relic","Card","Card","Relic","Relic"],"build_version":"2020-12-22","purchased_purges":4,"victory":true,"max_hp_per_floor":[75,75,75,75,75,75,75,75,75,75,75,75,75,75,75,75,75,75,75,75,75,75,75,75,75,82,82,82,82,82,82,82,82,82,82,82,78,78,78,78,78,78,78,78,78,78,78,78,78,78],"card_choices":[{"not_picked":["Reinforced Body","Stack"],"picked":"Undo","floor":0.0},{"not_picked":["Consume","Rebound"],"picked":"Doom and Gloom","floor":1.0},{"not_picked":["Ball Lightning","Blizzard"],"picked":"Glacier","floor":2.0},{"not_picked":["Conserve Battery","FTL","Auto Shields"],"picked":"SKIP","floor":4.0},{"not_picked":["Go for the Eyes","Leap","BootSequence"],"picked":"SKIP","floor":5.0},{"not_picked":["Conserve Battery","Barrage","Doom and Gloom"],"picked":"SKIP","floor":8.0},{"not_picked":["Barrage","Doom and Gloom"],"picked":"Conserve Battery","floor":8.0},{"not_picked":["Hologram","Go for the Eyes"],"picked":"Heatsinks","floor":10.0},{"not_picked":["Cold Snap","Rip and Tear"],"picked":"Darkness","floor":11.0},{"not_picked":["Go for the Eyes","Leap","Auto Shields"],"picked":"SKIP","floor":13.0},{"not_picked":["Amplify","Meteor Strike"],"picked":"Machine Learning","floor":16.0},{"not_picked":["Streamline","Barrage+1"],"picked":"Coolheaded","floor":18.0},{"not_picked":["Hyperbeam","Static Discharge","Compile Driver+1"],"picked":"SKIP","floor":21.0},{"not_picked":["Go for the Eyes","Rip and Tear","Barrage"],"picked":"SKIP","floor":22.0},{"not_picked":["Go for the Eyes","Steam Power","Leap"],"picked":"SKIP","floor":28.0},{"not_picked":["Chaos","Stack+1","Beam Cell"],"picked":"SKIP","floor":31.0},{"not_picked":["Meteor Strike","Electrodynamics"],"picked":"Core Surge","floor":33.0},{"not_picked":["Scrape","Steam","Rebound"],"picked":"SKIP","floor":35.0},{"not_picked":["Steam","Heatsinks+1","Multi-Cast"],"picked":"SKIP","floor":38.0},{"not_picked":["Self Repair","Steam","Genetic Algorithm+1"],"picked":"SKIP","floor":39.0},{"not_picked":["Loop","Barrage","Compile Driver+1"],"picked":"SKIP","floor":40.0},{"not_picked":["Gash","Beam Cell+1"],"picked":"Redo+1","floor":45},{"not_picked":["Barrage+1","Doom and Gloom","Melter"],"picked":"SKIP","floor":46},{"not_picked":["FTL","Stack","Steam"],"picked":"SKIP","floor":47}],"player_experience":620663,"relics_obtained":[{"floor":9.0,"key":"CeramicFish"},{"floor":10.0,"key":"Odd Mushroom"},{"floor":13.0,"key":"MawBank"},{"floor":26.0,"key":"Strawberry"},{"floor":29.0,"key":"FossilizedHelix"},{"floor":43,"key":"Akabeko"}],"event_choices":[{"damage_healed":0.0,"max_hp_gain":0.0,"max_hp_loss":0.0,"gold_gain":0.0,"event_name":"Scrap Ooze","player_choice":"Success","floor":3.0,"gold_loss":0.0,"damage_taken":7.0,"relics_obtained":["Happy Flower"]},{"damage_healed":0.0,"max_hp_gain":0.0,"max_hp_loss":0.0,"gold_gain":0.0,"event_name":"Liars Game","player_choice":"Ignored","floor":7.0,"gold_loss":0.0,"damage_taken":0.0},{"damage_healed":0.0,"max_hp_gain":0.0,"max_hp_loss":0.0,"gold_gain":0.0,"event_name":"Mushrooms","player_choice":"Fought Mushrooms","floor":10.0,"gold_loss":0.0,"damage_taken":0.0},{"cards_removed":["Strike_B"],"damage_healed":0.0,"max_hp_gain":0.0,"max_hp_loss":0.0,"gold_gain":0.0,"event_name":"The Cleric","player_choice":"Card Removal","floor":12.0,"gold_loss":50.0,"damage_taken":0.0},{"damage_healed":0.0,"max_hp_gain":0.0,"max_hp_loss":0.0,"gold_gain":0.0,"event_name":"Accursed Blacksmith","player_choice":"Forge","floor":19.0,"gold_loss":0.0,"damage_taken":0.0,"cards_upgraded":["Darkness"]},{"damage_healed":0.0,"max_hp_gain":0.0,"max_hp_loss":0.0,"gold_gain":0.0,"event_name":"The Mausoleum","player_choice":"Opened","floor":24.0,"gold_loss":0.0,"damage_taken":0.0,"relics_obtained":["Old Coin"]},{"damage_healed":0.0,"max_hp_gain":0.0,"max_hp_loss":4.0,"gold_gain":0.0,"event_name":"Winding Halls","player_choice":"Max HP","floor":37.0,"gold_loss":0.0,"damage_taken":0.0},{"cards_removed":["Doom and Gloom"],"damage_healed":0.0,"max_hp_gain":0.0,"max_hp_loss":0.0,"gold_gain":0.0,"event_name":"Falling","player_choice":"Removed Attack","floor":42.0,"gold_loss":0.0,"damage_taken":0.0},{"damage_healed":0,"gold_gain":300,"player_choice":"Gold","damage_taken":0,"max_hp_gain":0,"max_hp_loss":0,"event_name":"Wheel of Change","floor":44,"gold_loss":0}],"is_beta":false,"boss_relics":[{"not_picked":["Black Star","Calling Bell"],"picked":"Runic Pyramid"},{"not_picked":["Sozu","Snecko Eye"],"picked":"Nuclear Battery"}],"items_purged_floors":[20,27,36,48],"is_endless":false,"potions_floor_spawned":[1,8,11,18,22,35,45],"ascension_level":3}}