{"host":"na09lpbrez4gbfiz","time":1611838016,"event":{"mods":["Act Like it!","BaseMod","BetterRewards","Colored Map","Colored Powertips","DeckTracker","Googly Eyes","Highlight Path","Minty Spire (QoL Compilation)","Quick Restart","Spicy Shops","StSLib","SuperFastMode","Synergy Search"],"gold_per_floor":[109,59,71,71,89,123,123,139,139,151,7,27,53,67,67,165,165,151,101,26,46,23,23,23,23,23,55,55,81,98,128,128,233,233,246,246,43,63,63,63],"floor_reached":39,"language":"ENG","playtime":1081,"items_purged":["Strike_R","Defend_R"],"score":674,"play_id":"15acb52b-ab36-46ad-aac4-fd8dcc241a25","local_time":"20210128134656","is_ascension_mode":true,"campfire_choices":[{"data":"Bash","floor":7,"key":"SMITH"},{"data":"Bludgeon","floor":15,"key":"SMITH"},{"data":"Shrug It Off","floor":23,"key":"SMITH"},{"data":"Flame Barrier","floor":25,"key":"SMITH"},{"data":"Uppercut","floor":28,"key":"SMITH"},{"data":"Berserk","floor":32,"key":"SMITH"}],"circlet_count":0,"master_deck":["AscendersBane","Strike_R","Strike_R","Strike_R","Defend_R","Defend_R+1","Bash+1","Flame Barrier+1","Metallicize","Impervious+1","Uppercut+1","Bludgeon+1","Shrug It Off+1","Shrug It Off+1","Writhe","Berserk+1","Offering"],"relics":["Burning Blood","NeowsBlessing","MealTicket","Bag of Marbles","War Paint","HornCleat","Cursed Key","Kunai","Bag of Preparation","Orichalcum","Omamori","Busted Crown"],"acts_visited":["Exordium","TheCity","TheBeyond"],"potions_floor_usage":[6,6,16,16,33,33,33,33,39],"damage_taken":[{"damage":0,"enemies":"Jaw Worm","floor":1,"turns":1},{"damage":0,"enemies":"2 Louse","floor":3,"turns":1},{"damage":0,"enemies":"Cultist","floor":5,"turns":1},{"damage":23,"enemies":"3 Sentries","floor":6,"turns":11},{"damage":2,"enemies":"Red Slaver","floor":8,"turns":6},{"damage":17,"enemies":"Exordium Thugs","floor":10,"turns":5},{"damage":12,"enemies":"3 Louse","floor":12,"turns":6},{"damage":19,"enemies":"Gremlin Nob","floor":13,"turns":4},{"damage":13,"enemies":"Blue Slaver","floor":14,"turns":2},{"damage":34,"enemies":"Slime Boss","floor":16,"turns":9},{"damage":19,"enemies":"2 Thieves","floor":18,"turns":4},{"damage":0,"enemies":"Chosen","floor":21,"turns":3},{"damage":25,"enemies":"Slavers","floor":27,"turns":8},{"damage":6,"enemies":"Gremlin Leader","floor":29,"turns":4},{"damage":0,"enemies":"Snecko","floor":30,"turns":4},{"damage":27,"enemies":"Slavers","floor":31,"turns":7},{"damage":23,"enemies":"Automaton","floor":33,"turns":11},{"damage":0,"enemies":"Orb Walker","floor":35,"turns":2},{"damage":30,"enemies":"3 Shapes","floor":38,"turns":4},{"damage":111,"enemies":"2 Orb Walkers","floor":39,"turns":8}],"seed_played":"-2608135094559553468","potions_obtained":[{"floor":1,"key":"Regen Potion"},{"floor":4,"key":"Explosive Potion"},{"floor":4,"key":"Fire Potion"},{"floor":6,"key":"Fire Potion"},{"floor":8,"key":"Fire Potion"},{"floor":10,"key":"CultistPotion"},{"floor":27,"key":"Strength Potion"},{"floor":29,"key":"LiquidBronze"},{"floor":31,"key":"EntropicBrew"},{"floor":35,"key":"BloodPotion"}],"is_trial":false,"path_per_floor":["M","?","M","?","M","E","R","M","T","M","$","M","E","M","R","B",null,"M","?","$","M","$","R","?","R","T","E","R","E","M","E","R","B",null,"M","?","$","M","?"],"character_chosen":"IRONCLAD","items_purchased":["War Paint","Shrug It Off","CultistPotion"],"campfire_rested":0,"item_purchase_floors":[11,22,37],"current_hp_per_floor":[78,78,80,80,80,63,63,67,67,56,71,65,52,45,45,17,64,51,51,66,72,80,80,80,80,80,61,61,61,67,46,46,29,67,73,73,80,56,0,0],"gold":63,"neow_bonus":"THREE_ENEMY_KILL","is_daily":false,"chose_seed":false,"campfire_upgraded":6,"win_rate":0.0,"timestamp":1611838016,"path_taken":["M","?","M","?","?","E","R","M","T","M","$","M","E","M","R","BOSS","M","?","$","?","?","R","?","R","T","E","R","E","M","E","R","BOSS","M","?","$","M","?"],"items_purchased_type":["Relic","Card","Potion"],"build_version":"2020-12-22","purchased_purges":2,"victory":false,"max_hp_per_floor":[80,80,80,80,80,80,80,80,80,80,80,80,80,80,80,80,80,80,80,80,80,80,80,80,80,80,80,80,80,80,80,80,80,80,80,80,80,80,80,80],"card_choices":[{"not_picked":["Reckless Charge","Body Slam","Shockwave"],"picked":"SKIP","floor":1},{"not_picked":["Blood for Blood","Flex"],"picked":"Flame Barrier","floor":3},{"not_picked":["Burning Pact","Cleave"],"picked":"Metallicize","floor":5},{"not_picked":["Body Slam","Sword Boomerang"],"picked":"Impervious","floor":6},{"not_picked":["Thunderclap","Clothesline"],"picked":"Uppercut","floor":8},{"not_picked":["Flex","Warcry","Sword Boomerang"],"picked":"SKIP","floor":10},{"not_picked":["Cleave","Disarm"],"picked":"Bludgeon","floor":12},{"not_picked":["Uppercut","Headbutt","Thunderclap"],"picked":"SKIP","floor":13},{"not_picked":["Sword Boomerang","Clothesline","Havoc"],"picked":"SKIP","floor":14},{"not_picked":["Body Slam","Iron Wave"],"picked":"Shrug It Off+1","floor":18},{"not_picked":["Sentinel","Iron Wave+1","Twin Strike"],"picked":"SKIP","floor":21},{"not_picked":["Shockwave","Blood for Blood+1","Clothesline+1"],"picked":"SKIP","floor":27},{"not_picked":["Iron Wave","Uppercut","Entrench"],"picked":"SKIP","floor":29},{"not_picked":["Body Slam+1","True Grit"],"picked":"Berserk","floor":30},{"not_picked":["Corruption","Inflame","Clash"],"picked":"SKIP","floor":31},{"not_picked":["Bludgeon","Immolate"],"picked":"Offering","floor":33},{"not_picked":["Body Slam"],"picked":"SKIP","floor":35},{"not_picked":["Headbutt"],"picked":"SKIP","floor":38}],"player_experience":178614,"relics_obtained":[{"floor":6,"key":"MealTicket"},{"floor":9,"key":"Bag of Marbles"},{"floor":13,"key":"HornCleat"},{"floor":26,"key":"Kunai"},{"floor":27,"key":"Bag of Preparation"},{"floor":29,"key":"Orichalcum"},{"floor":31,"key":"Omamori"}],"event_choices":[{"cards_removed":["Strike_R"],"damage_healed":0,"gold_gain":0,"player_choice":"Card Removal","damage_taken":0,"max_hp_gain":0,"max_hp_loss":0,"event_name":"The Cleric","floor":2,"gold_loss":50},{"damage_healed":0,"gold_gain":0,"player_choice":"Got Potions","damage_taken":0,"max_hp_gain":0,"max_hp_loss":0,"event_name":"Lab","floor":4,"gold_loss":0},{"damage_healed":0,"gold_gain":0,"player_choice":"Bet on Owner","damage_taken":0,"max_hp_gain":0,"max_hp_loss":0,"event_name":"The Joust","floor":19,"gold_loss":50},{"damage_healed":0,"gold_gain":0,"player_choice":"Ignored","damage_taken":0,"max_hp_gain":0,"max_hp_loss":0,"event_name":"Vampires","floor":24,"gold_loss":0},{"cards_removed":["Defend_R"],"damage_healed":0,"gold_gain":0,"player_choice":"Removed Skill","damage_taken":0,"max_hp_gain":0,"max_hp_loss":0,"event_name":"Falling","floor":36,"gold_loss":0},{"damage_healed":0,"gold_gain":0,"player_choice":"Fight","damage_taken":0,"max_hp_gain":0,"max_hp_loss":0,"event_name":"Mysterious Sphere","floor":39,"gold_loss":0}],"is_beta":false,"boss_relics":[{"not_picked":["Ectoplasm","Astrolabe"],"picked":"Cursed Key"},{"not_picked":["Tiny House","SlaversCollar"],"picked":"Busted Crown"}],"items_purged_floors":[20,37],"is_endless":false,"potions_floor_spawned":[1,6,8,10,12,14,27,29,31,35,38],"killed_by":"2 Orb Walkers","ascension_level":10}}