{"host":"xj2wyr3bqqv4irjd","time":1611848938,"event":{"mods":["Act Like it!","Aspiration","BaseMod","Gensokyo","Koishi","Lobotomy","LobotomyExtend","Marisa£®ÏF”Í°°ƒß¿Ì…≥£©","Minty Spire (QoL Compilation)","Quick Restart","Rare Cards Sparkle","Reimu£®≤©¿ˆ¡È√Œ£©","Remilia£®¿Ÿ√◊¿Ú—«£©","Replay The Spire","SIMod","StSLib","The Alterego","The Servant 0.9.4","Waifu the Spire","WarShipGirlsR/’ΩΩ¢…Ÿ≈ÆR mod","Yakumo Yukari mod","Youmu£®ªÍ∆«—˝√Œ£©"],"gold_per_floor":[135,150,75,95,95,95,95,130,200,219,252,264,306,344,356,467,479,503,527,559,371,402,444,456,502,538,569,217,245,245,264,264,366,366,379,392,405,26,39,74,89,124,172,172,206,257,257,295,295,322],"floor_reached":51,"language":"ZHS","playtime":5192,"items_purged":["AT_purpleEX","Defend_purpleEX","Mirror_WaveAndshot_purple"],"score":1884,"play_id":"ae7f2c77-54d9-4a53-91f5-ca137a63b0a8","local_time":"20210128234858","is_ascension_mode":true,"campfire_choices":[{"data":"DimensionStaggered_purple","floor":6.0,"key":"SMITH"},{"floor":15.0,"key":"DIG"},{"data":"ReplayTheSpireMod:Splinters","floor":24,"key":"PURGE"},{"data":"Mirror_FourBoundary_purple","floor":30,"key":"SMITH"},{"data":"CommonSense_AntiCommonSense_purple","floor":32,"key":"SMITH"},{"floor":44,"key":"RECALL"},{"floor":47,"key":"DIG"},{"data":"Mirror_TwoAndThreeElementRealm_purple","floor":49,"key":"SMITH"}],"circlet_count":0,"master_deck":["Observe_purple_1+1","Observe_purple_2+1","Charmbait_purple+1","Fancifulhole_purple+1","DimensionStaggered_purple+1","Boundary_DreamRealityDamnation_purple+1","CommonSense_AntiCommonSense_purple+1","Prepared+1","WangLiang_LineAndCurveDreams_purple+1","Mirror_FourBoundary_purple+1","Sadistic Nature+1","Fantasy_PerpetualMotionMachine_purple+1","Boundary_ObjectiveBoundary_purple+1","RuptureOfTimeAndSpace_purple+1","DistantPastFriend_purple","Human_Monster_Realm_purple","Mirror_TwoAndThreeElementRealm_purple+1"],"relics":["Boundary_crack","Memoryfragments_purpleEX","aspiration:Nostalgia","m_TsuchinokoRing","LetterFromLob","Replay:Multitool","Singing Bowl","MawBank","Ancient Tea Set","ReplayFunnel","aspiration:HummingbirdHeart","Kintsugi","Pear","ReplayTheSpireMod:Shallot","Pen Nib","Gremlin Food","Replay:Wax Seal","Philosopher\u0027s Stone","Orrery","Replay:Bandana","Shovel","Blood Vial","Bronze Scales"],"acts_visited":["Exordium","TheCity","TheBeyond"],"potions_floor_usage":[33,51],"damage_taken":[{"damage":1.0,"enemies":"2 Louse","floor":1.0,"turns":2.0},{"damage":0.0,"enemies":"Small Slimes","floor":2.0,"turns":2.0},{"damage":0.0,"enemies":"Jaw Worm","floor":4.0,"turns":3.0},{"damage":22.0,"enemies":"3 Sentries","floor":8.0,"turns":7.0},{"damage":0.0,"enemies":"3 Louse","floor":10.0,"turns":2.0},{"damage":11.0,"enemies":"Gremlin Nob","floor":11.0,"turns":3.0},{"damage":14.0,"enemies":"3 Sentries","floor":13.0,"turns":4.0},{"damage":0.0,"enemies":"Hexaghost","floor":16.0,"turns":4.0},{"damage":0.0,"enemies":"Spheric Guardian","floor":18.0,"turns":1.0},{"damage":2.0,"enemies":"2 Thieves","floor":19.0,"turns":2.0},{"damage":1.0,"enemies":"Snake Plant","floor":20.0,"turns":1.0},{"damage":1.0,"enemies":"Snecko","floor":22.0,"turns":2.0},{"damage":0.0,"enemies":"Replay:Snechameleon","floor":23.0,"turns":1.0},{"damage":0,"enemies":"Slavers","floor":25,"turns":1},{"damage":0,"enemies":"Centurion and Healer","floor":27,"turns":1},{"damage":0,"enemies":"Gremlin Leader","floor":29,"turns":3},{"damage":0,"enemies":"Sentry and Sphere","floor":31,"turns":2},{"damage":2,"enemies":"Pondfish","floor":33,"turns":6},{"damage":0,"enemies":"Orb Walker","floor":35,"turns":1},{"damage":0,"enemies":"3 Darklings","floor":36,"turns":1},{"damage":0,"enemies":"Transient","floor":37,"turns":5},{"damage":1,"enemies":"Sphere and 2 Shapes","floor":39,"turns":3},{"damage":0,"enemies":"R_Hoarder","floor":40,"turns":6},{"damage":87,"enemies":"R_Hoarder","floor":41,"turns":17},{"damage":0,"enemies":"Writhing Mass","floor":42,"turns":3},{"damage":0,"enemies":"4 Shapes","floor":45,"turns":1},{"damage":0,"enemies":"Reptomancer","floor":46,"turns":5},{"damage":0,"enemies":"R_Hoarder","floor":48,"turns":1},{"damage":0,"enemies":"Awakened One","floor":50,"turns":7},{"damage":0,"enemies":"Malkuth","floor":51,"turns":6},{"damage":0,"enemies":"Netzach","floor":51,"turns":9},{"damage":0,"enemies":"Chesed","floor":51,"turns":6},{"damage":105,"enemies":"Binah","floor":51,"turns":31},{"damage":46,"enemies":"Angela","floor":51,"turns":10}],"seed_played":"1889074240430280324","potions_obtained":[{"floor":4.0,"key":"Elixir"},{"floor":8.0,"key":"Dexterity Potion"},{"floor":10.0,"key":"Fire Potion"},{"floor":13.0,"key":"LiquidBronze"},{"floor":22.0,"key":"LifebloodPotion"},{"floor":25,"key":"AttackPotion"},{"floor":29,"key":"DuplicationPotion"},{"floor":33,"key":"Block Potion"}],"is_trial":false,"path_per_floor":["M","M","$","M","?","R","?","E","T","M","E","R","E","T","R","B",null,"M","M","M","?","M","E","R","E","T","M","$","E","R","M","R","B",null,"M","M","M","$","M","E","?","M","T","R","M","E","R","E","R","B",null],"character_chosen":"Youkari","items_purchased":["Mirror_FourBoundary_purple","Sadistic Nature","Orrery","FairyPotion"],"campfire_rested":0,"item_purchase_floors":[28,28,38,38],"current_hp_per_floor":[70,70,70,70,49,49,49,29,29,33,24,46,37,37,37,39,67,70,74,74,84,88,89,89,91,91,94,94,94,94,94,94,96,96,98,100,102,108,110,112,114,114,114,114,116,118,118,118,118,118],"gold":403,"neow_bonus":"NOSTALGIA","is_daily":false,"chose_seed":false,"campfire_upgraded":4,"win_rate":0.0,"timestamp":1611848938,"path_taken":["M","M","$","M","?","R","?","E","T","M","E","R","E","?","R","BOSS","M","M","M","?","M","E","R","E","T","M","$","E","R","M","R","BOSS","M","?","M","$","M","E","?","M","T","R","M","E","R","E","R","BOSS"],"items_purchased_type":["Card","Card","Relic","Potion"],"build_version":"2020-12-22","purchased_purges":3,"victory":true,"max_hp_per_floor":[70,70,70,70,70,70,70,70,70,72,74,74,74,74,74,76,76,78,80,80,90,92,92,92,92,92,94,94,94,94,94,94,96,96,98,100,102,108,110,112,114,114,114,114,116,118,118,118,118,118],"card_choices":[{"not_picked":["Dagger Spray","ExistenceContinue_purple"],"picked":"Charmbait_purple","floor":1.0},{"not_picked":["Umbrella_purple","Prepared"],"picked":"Fancifulhole_purple","floor":2.0},{"not_picked":["Slice","Masterful Stab"],"picked":"DimensionStaggered_purple","floor":4.0},{"not_picked":["Shallow_ocean_purpleEX","Umbrella_purple","Bait_Toxicbait_purple"],"picked":"SKIP","floor":8.0},{"not_picked":["Skewer","Charmbait_purple","Slice"],"picked":"Singing Bowl","floor":10.0},{"not_picked":["StateErode_purple","Tools of the Trade","SharpContractionReality_purple"],"picked":"Singing Bowl","floor":11.0},{"not_picked":["Boundary_ObjectiveBoundary_purple","Mirror_FormAndEmptin_purple"],"picked":"Boundary_DreamRealityDamnation_purple","floor":13.0},{"not_picked":["Know_ledgeAbilityRealm_purple","Burst","LoveAcrossDimensions_purple"],"picked":"Singing Bowl","floor":16.0},{"not_picked":["ExistenceContinue_purple","EighthInstrument_OneDividesIntoTwo_purple","Bait_Toxicbait_purple"],"picked":"Singing Bowl","floor":18.0},{"not_picked":["Dagger Throw","Shallow_ocean_purpleEX+1","Realm_recovery_purpleEX+1"],"picked":"Singing Bowl","floor":19.0},{"not_picked":["Worldmountain_purple","OmniscientAndOmnipotent_Monster_purple"],"picked":"CommonSense_AntiCommonSense_purple","floor":20.0},{"not_picked":["Flying Knee","Fancifulhole_purple","Umbrella_purple+1"],"picked":"Singing Bowl","floor":22.0},{"not_picked":["Cloak And Dagger","Boundary_of_Extermination_purpleEX"],"picked":"Prepared+1","floor":23.0},{"not_picked":["OmniscientAndOmnipotent_Monster_purple","OpenedBox_purple+1"],"picked":"WangLiang_LineAndCurveDreams_purple","floor":25},{"not_picked":["Skewer","Prepared+1","SfantasyHide_purple"],"picked":"Singing Bowl","floor":27},{"not_picked":["ButterflyHabitatTemple_purple","WangLiang_LineAndCurveDreams_purple"],"picked":"Fantasy_PerpetualMotionMachine_purple","floor":29},{"not_picked":["MeetDecomposer_purple","OmniscientAndOmnipotent_Monster_purple+1"],"picked":"Mirror_WaveAndshot_purple","floor":31},{"not_picked":["MagicEyes_LaplaceDemon_purple","WangLiang_LineAndCurveDreams_purple","D_absorption_purple"],"picked":"Singing Bowl","floor":33},{"not_picked":["Shallow_ocean_purpleEX","Realm_recovery_purpleEX","Yakumo_Ran_purple+1"],"picked":"Singing Bowl","floor":35},{"not_picked":["DimensionStaggered_purple+1","SharpContractionReality_purple+1","Line_surface_state_purple+1"],"picked":"Singing Bowl","floor":36},{"not_picked":["SharpContractionReality_purple","MonsterNeedle_purple","MeetDecomposer_purple"],"picked":"Singing Bowl","floor":37},{"not_picked":["Fantasy_PerpetualMotionMachine_purple","Boundary_DynamicStaticEquilibrium_purple+1"],"picked":"Boundary_ObjectiveBoundary_purple","floor":38},{"not_picked":["ExternalForce_HighSpeedFlying_purple","Boundary_ObjectiveBoundary_purple","SfantasyHide_purple+1"],"picked":"Singing Bowl","floor":38},{"not_picked":["Fancifulhole_purple","Shallow_ocean_purpleEX+1","ExistenceContinue_purple"],"picked":"Singing Bowl","floor":38},{"not_picked":["Mirror_FourBoundary_purple+1","AdvanceAttack_purple"],"picked":"RuptureOfTimeAndSpace_purple+1","floor":38},{"not_picked":["Bait_HighSpeedFlying_purple","StateErode_purple+1","Nest_LightFlightworm_purple+1"],"picked":"Singing Bowl","floor":38},{"not_picked":["Extrememeaning_purpleEX","Line_surface_state_purple+1","WingOfChimera_purple+1"],"picked":"Singing Bowl","floor":39},{"not_picked":["Worldmountain_purple","MeetDecomposer_purple","WeekHit_purple"],"picked":"Singing Bowl","floor":40},{"not_picked":["AdvanceAttack_purple+1","DimensionStaggered_purple","MeetDecomposer_purple+1"],"picked":"Singing Bowl","floor":41},{"not_picked":["Charmbait_purple+1","Boundary_of_Extermination_purpleEX"],"picked":"Human_Monster_Realm_purple","floor":42},{"not_picked":["Umbrella_purple+1","StateDuplicate_purple+1","Mirror_FormAndEmptin_purple"],"picked":"Singing Bowl","floor":45},{"not_picked":["AdvanceAttack_purple","Boundary_of_Extermination_purpleEX","ExistenceContinue_purple+1"],"picked":"Singing Bowl","floor":46},{"not_picked":["AdvanceAttack_purple+1","Boundary_of_Extermination_purpleEX+1"],"picked":"Mirror_TwoAndThreeElementRealm_purple","floor":48}],"player_experience":592015,"relics_obtained":[{"floor":1.0,"key":"LetterFromLob"},{"floor":8.0,"key":"Replay:Multitool"},{"floor":9.0,"key":"Singing Bowl"},{"floor":11.0,"key":"MawBank"},{"floor":13.0,"key":"Ancient Tea Set"},{"floor":14.0,"key":"ReplayFunnel"},{"floor":15.0,"key":"aspiration:HummingbirdHeart"},{"floor":23.0,"key":"ReplayTheSpireMod:Shallot"},{"floor":25,"key":"Pen Nib"},{"floor":26,"key":"Gremlin Food"},{"floor":29,"key":"Replay:Wax Seal"},{"floor":40,"key":"Replay:Bandana"},{"floor":46,"key":"Shovel"},{"floor":47,"key":"Blood Vial"},{"floor":48,"key":"Bronze Scales"}],"event_choices":[{"cards_removed":["AT_purpleEX"],"damage_healed":0.0,"max_hp_gain":0.0,"max_hp_loss":0.0,"gold_gain":0.0,"event_name":"Living Wall","player_choice":"Forget","floor":7.0,"gold_loss":0.0,"damage_taken":0.0}],"is_beta":false,"boss_relics":[{"not_picked":["RedLine:ReiMu","Snecko Eye"],"picked":"Kintsugi"},{"not_picked":["Calling Bell","Replay:Wanted Poster"],"picked":"Philosopher\u0027s Stone"}],"items_purged_floors":[3,28,38],"is_endless":false,"potions_floor_spawned":[4,8,10,13,22,23,25,27,29,33,37,42,45,46],"ascension_level":5}}