{"host":"qbjtml023iza03hb","time":1611852607,"event":{"mods":["AchievementEnabler","BaseMod","Hermit","Minty Spire (QoL Compilation)","StSLib","The Animator","The Cursed"],"gold_per_floor":[118,133,133,208,227,227,252,265,265,540,555,568,568,28,28,151,151,186,207,223,42,42,42,77,77,77,98,98,98,116,116,116],"floor_reached":31,"language":"FRA","playtime":1768,"items_purged":["animator:Defend","Regret"],"score":249,"play_id":"baf58f8f-ae1e-4cea-9312-4868c1619432","local_time":"20210128175007","is_ascension_mode":false,"campfire_choices":[{"data":"animator:AcuraAkari","floor":6.0,"key":"SMITH"},{"data":"animator:AcuraTooru","floor":13.0,"key":"SMITH"},{"data":"animator:Millim","floor":15.0,"key":"SMITH"},{"data":"animator:MisakiNakahara","floor":23.0,"key":"SMITH"},{"data":"animator:Souei","floor":28.0,"key":"SMITH"}],"circlet_count":0,"master_deck":["animator:Strike_HitsugiNoChaika","animator:Defend_HitsugiNoChaika","animator:Strike","animator:Strike","animator:Defend","animator:Defend","animator:AcuraAkari+1","animator:Gillette","animator:Millim+1","animator:Emonzaemon","animator:Shuna","animator:Viivi","animator:UneriGinkaku","animator:AcuraTooru+1","animator:TsurugaMeisai","animator:Rimuru","animator:Shizu","animator:ChaikaBohdan","animator:Souei+1","animator:YaoHaDucy","animator:MisakiNakahara+1","animator:Souei","animator:TukaLunaMarceau+1"],"relics":["animator:VividPicture","animator:TheMissingPiece","NeowsBlessing","Golden Idol","Mercury Hourglass","Lee\u0027s Waffle","Shuriken","Tiny Chest","Paper Crane","Toxic Egg 2"],"acts_visited":["Exordium","TheCity"],"potions_floor_usage":[],"damage_taken":[{"damage":0.0,"enemies":"2 Louse","floor":1.0,"turns":1.0},{"damage":0.0,"enemies":"Jaw Worm","floor":2.0,"turns":1.0},{"damage":0.0,"enemies":"Cultist","floor":5.0,"turns":1.0},{"damage":6.0,"enemies":"3 Louse","floor":7.0,"turns":2.0},{"damage":0.0,"enemies":"Large Slime","floor":8.0,"turns":6.0},{"damage":1.0,"enemies":"Blue Slaver","floor":11.0,"turns":3.0},{"damage":10.0,"enemies":"Looter","floor":12.0,"turns":2.0},{"damage":16.0,"enemies":"Slime Boss","floor":16.0,"turns":7.0},{"damage":0.0,"enemies":"3 Byrds","floor":18.0,"turns":4.0},{"damage":5.0,"enemies":"Spheric Guardian","floor":19.0,"turns":3.0},{"damage":35.0,"enemies":"Shelled Parasite and Fungi","floor":20.0,"turns":4.0},{"damage":24.0,"enemies":"Book of Stabbing","floor":24.0,"turns":4.0},{"damage":12.0,"enemies":"Snake Plant","floor":27.0,"turns":3.0},{"damage":17.0,"enemies":"Snecko","floor":30.0,"turns":4.0},{"damage":6,"enemies":"Cultist and Chosen","floor":31,"turns":2}],"seed_played":"5010072144441422233","potions_obtained":[{"floor":1.0,"key":"Ancient Potion"},{"floor":5.0,"key":"DistilledChaos"},{"floor":8.0,"key":"animator:FalseLifePotion"},{"floor":19.0,"key":"CultistPotion"},{"floor":24.0,"key":"Block Potion"}],"is_trial":false,"path_per_floor":["M","M","?","?","M","R","M","M","T","?","M","M","R","$","R","B",null,"M","M","M","$","?","R","E","?","T","M","R","?","M","M"],"character_chosen":"THE_ANIMATOR","items_purchased":["animator:Rimuru","Lee\u0027s Waffle","Shuriken","animator:MisakiNakahara"],"campfire_rested":0,"item_purchase_floors":[14,14,14,21],"current_hp_per_floor":[66,66,50,39,39,39,33,33,33,33,33,23,23,74,74,58,74,74,69,34,34,58,58,34,34,34,22,22,22,5,0,0],"gold":116,"neow_bonus":"THREE_ENEMY_KILL","is_daily":false,"chose_seed":false,"campfire_upgraded":5,"win_rate":0.0,"timestamp":1611852607,"path_taken":["M","M","?","?","M","R","M","M","T","?","M","M","R","$","R","BOSS","M","M","M","$","?","R","E","?","T","M","R","?","M","M"],"items_purchased_type":["Card","Relic","Relic","Card"],"build_version":"2020-12-22","purchased_purges":2,"victory":false,"max_hp_per_floor":[66,66,66,66,66,66,66,66,66,66,67,67,67,74,74,74,74,74,74,74,74,74,74,74,74,74,74,74,74,74,74,74],"card_choices":[{"not_picked":["animator:Arpeggio","animator:WinryRockbell"],"picked":"animator:Millim","floor":1.0},{"not_picked":["animator:Bozes","animator:Kaijin"],"picked":"animator:Emonzaemon","floor":2.0},{"not_picked":["animator:ItamiYouji","animator:Vesta"],"picked":"animator:Shuna","floor":5.0},{"not_picked":["animator:Fredrika","animator:Gillette"],"picked":"animator:Viivi","floor":7.0},{"not_picked":["animator:MetalKnight","animator:Ciel"],"picked":"animator:UneriGinkaku","floor":8.0},{"not_picked":["animator:Togame","animator:Aisha"],"picked":"animator:AcuraTooru","floor":11.0},{"not_picked":["animator:MaesHughes","animator:ElricAlphonse"],"picked":"animator:TsurugaMeisai","floor":12.0},{"not_picked":["animator:Boros","animator:ChaikaTrabant"],"picked":"animator:Shizu","floor":16.0},{"not_picked":["animator:Fredrika","animator:Layla"],"picked":"animator:ChaikaBohdan","floor":18.0},{"not_picked":["animator:Viivi","animator:MumenRider"],"picked":"animator:Souei","floor":19.0},{"not_picked":["animator:Vesta+1","animator:RoyMustang"],"picked":"animator:YaoHaDucy","floor":20.0},{"not_picked":["animator:Laby","animator:Ain","animator:TsurugaMeisai"],"picked":"SKIP","floor":24.0},{"not_picked":["animator:Benimaru","animator:Vesta"],"picked":"animator:Souei","floor":27.0},{"not_picked":["animator:Emonzaemon","animator:MetalKnight"],"picked":"animator:TukaLunaMarceau+1","floor":30.0}],"player_experience":495842,"relics_obtained":[{"floor":9.0,"key":"Mercury Hourglass"},{"floor":24.0,"key":"Tiny Chest"},{"floor":26.0,"key":"Paper Crane"}],"event_choices":[{"damage_healed":0.0,"max_hp_gain":0.0,"max_hp_loss":0.0,"gold_gain":0.0,"event_name":"Golden Idol","player_choice":"Take Damage","floor":3.0,"gold_loss":0.0,"damage_taken":16.0,"relics_obtained":["Golden Idol"]},{"damage_healed":0.0,"max_hp_gain":0.0,"max_hp_loss":0.0,"gold_gain":75.0,"event_name":"World of Goop","player_choice":"Gather Gold","floor":4.0,"gold_loss":0.0,"damage_taken":11.0},{"damage_healed":0.0,"max_hp_gain":0.0,"max_hp_loss":0.0,"gold_gain":275.0,"event_name":"Golden Shrine","player_choice":"Desecrate","floor":10.0,"gold_loss":0.0,"damage_taken":0.0,"cards_obtained":["Regret"]},{"damage_healed":24.0,"max_hp_gain":0.0,"max_hp_loss":0.0,"gold_gain":0.0,"event_name":"The Library","player_choice":"Heal","floor":22.0,"gold_loss":0.0,"damage_taken":0.0},{"cards_removed":["animator:Strike"],"damage_healed":0.0,"max_hp_gain":0.0,"max_hp_loss":0.0,"gold_gain":0.0,"event_name":"Back to Basics","player_choice":"Elegance","floor":25.0,"gold_loss":0.0,"damage_taken":0.0},{"damage_healed":0.0,"max_hp_gain":0.0,"max_hp_loss":0.0,"gold_gain":0.0,"event_name":"The Mausoleum","player_choice":"Opened","floor":29.0,"gold_loss":0.0,"damage_taken":0.0,"relics_obtained":["Toxic Egg 2"]}],"is_beta":false,"boss_relics":[{"not_picked":["SacredBark","Coffee Dripper"],"picked":"animator:VividPicture"}],"items_purged_floors":[14,21],"is_endless":false,"potions_floor_spawned":[1,5,8,19,24],"killed_by":"Cultist and Chosen","ascension_level":0}}