{"host":"ELF","time":1611837925,"event":{"mods":["BaseMod","Bestiary","Minty Spire (QoL Compilation)","Relic Stats","Slay the Relics Exporter"],"gold_per_floor":[17,30,30,98,148,183,183,233,233,233,298,308,335,43,43,118,118,128,146,471,539,589,589,589,589],"floor_reached":24,"language":"ENG","playtime":953,"items_purged":["Strike_B"],"score":412,"play_id":"b428ba99-726d-4ef8-9c7f-d40aa2d075b0","local_time":"20210128064525","is_ascension_mode":true,"campfire_choices":[{"floor":7,"key":"REST"},{"floor":10,"key":"REST"},{"floor":15,"key":"REST"},{"floor":23,"key":"REST"}],"circlet_count":0,"master_deck":["AscendersBane","Strike_B","Strike_B","Strike_B","Defend_B","Defend_B","Defend_B","Defend_B","Zap","Dualcast","Streamline","Sweeping Beam","Rip and Tear","Echo Form","FTL","Cold Snap","Gash","Creative AI","Glacier+1","Regret","Blizzard","Pain"],"relics":["Cracked Core","StoneCalendar","SsserpentHead","InkBottle","Lantern","Bottled Tornado","Mummified Hand","Philosopher\u0027s Stone","WarpedTongs"],"acts_visited":["Exordium","TheCity"],"potions_floor_usage":[6,6,18,18,21],"damage_taken":[{"damage":9,"enemies":"Jaw Worm","floor":1,"turns":4},{"damage":0,"enemies":"Cultist","floor":2,"turns":3},{"damage":3,"enemies":"2 Louse","floor":4,"turns":3},{"damage":30,"enemies":"Lagavulin","floor":6,"turns":5},{"damage":9,"enemies":"Red Slaver","floor":11,"turns":3},{"damage":11,"enemies":"Looter","floor":12,"turns":2},{"damage":25,"enemies":"3 Sentries","floor":13,"turns":6},{"damage":28,"enemies":"The Guardian","floor":16,"turns":9},{"damage":0,"enemies":"Spheric Guardian","floor":18,"turns":3},{"damage":22,"enemies":"Shell Parasite","floor":19,"turns":4},{"damage":25,"enemies":"Snake Plant","floor":21,"turns":6},{"damage":38,"enemies":"Book of Stabbing","floor":24,"turns":4}],"seed_played":"-6004318454401419034","potions_obtained":[{"floor":2,"key":"EntropicBrew"},{"floor":4,"key":"SteroidPotion"},{"floor":8,"key":"Ancient Potion"}],"is_trial":false,"path_per_floor":["M","M","?","M","?","E","R","?","T","R","M","M","E","$","R","B",null,"M","M","?","M","?","R","E"],"character_chosen":"DEFECT","items_purchased":["Mummified Hand"],"campfire_rested":4,"item_purchase_floors":[14],"current_hp_per_floor":[55,55,55,52,57,27,49,49,49,71,62,51,26,26,48,20,62,62,40,40,15,15,37,0,0],"gold":589,"neow_bonus":"ONE_RARE_RELIC","is_daily":false,"chose_seed":false,"campfire_upgraded":0,"win_rate":0.0,"timestamp":1611837925,"path_taken":["M","M","?","?","?","E","R","?","T","R","?","M","E","?","R","BOSS","M","M","?","?","?","R","E"],"items_purchased_type":["Relic"],"build_version":"2020-12-18","purchased_purges":1,"victory":false,"max_hp_per_floor":[71,71,71,71,76,76,76,76,76,76,76,76,76,76,76,76,76,76,76,76,76,76,76,76,76],"relic_stats":{"SsserpentHead":400,"counters":[12,52],"Mummified Hand":[23],"StoneCalendar":[38],"obtain_stats":[{"SsserpentHead":3,"Lantern":9,"Mummified Hand":14,"StoneCalendar":0,"Philosopher\u0027s Stone":17,"Bottled Tornado":13,"Cracked Core":0,"InkBottle":6,"WarpedTongs":22},{"SsserpentHead":2,"Lantern":4,"Mummified Hand":7,"StoneCalendar":0,"Philosopher\u0027s Stone":8,"Bottled Tornado":7,"Cracked Core":0,"InkBottle":4,"WarpedTongs":11},{"SsserpentHead":7,"Lantern":15,"Mummified Hand":26,"StoneCalendar":0,"Philosopher\u0027s Stone":35,"Bottled Tornado":26,"Cracked Core":0,"InkBottle":15,"WarpedTongs":48}],"InkBottle":[16],"WarpedTongs":[4]},"card_choices":[{"not_picked":["Barrage","Chaos"],"picked":"Streamline","floor":1},{"not_picked":["Beam Cell","Loop"],"picked":"Sweeping Beam","floor":2},{"not_picked":["Melter","Streamline"],"picked":"Rip and Tear","floor":4},{"not_picked":["White Noise","Sweeping Beam"],"picked":"Echo Form","floor":6},{"not_picked":["Rebound","Sweeping Beam"],"picked":"FTL","floor":11},{"not_picked":["Capacitor","Compile Driver"],"picked":"Cold Snap","floor":12},{"not_picked":["Meteor Strike","Hologram"],"picked":"Gash","floor":13},{"not_picked":["Meteor Strike","Buffer"],"picked":"Creative AI","floor":16},{"not_picked":["Beam Cell+1","Cold Snap"],"picked":"Glacier+1","floor":18},{"not_picked":["Streamline","Scrape","Steam"],"picked":"SKIP","floor":19},{"not_picked":["Gash","Barrage"],"picked":"Blizzard","floor":21}],"player_experience":3338815,"relics_obtained":[{"floor":6,"key":"InkBottle"},{"floor":9,"key":"Lantern"},{"floor":13,"key":"Bottled Tornado"}],"event_choices":[{"damage_healed":0,"gold_gain":0,"player_choice":"Trade","damage_taken":0,"relics_obtained":["SsserpentHead"],"max_hp_gain":0,"max_hp_loss":0,"event_name":"FaceTrader","floor":3,"gold_loss":0},{"damage_healed":0,"gold_gain":0,"player_choice":"Donut","damage_taken":0,"max_hp_gain":5,"max_hp_loss":0,"event_name":"Big Fish","floor":5,"gold_loss":0},{"damage_healed":0,"gold_gain":0,"player_choice":"Got Potions","damage_taken":0,"max_hp_gain":0,"max_hp_loss":0,"event_name":"Lab","floor":8,"gold_loss":0},{"damage_healed":0,"gold_gain":275,"player_choice":"Desecrate","damage_taken":0,"max_hp_gain":0,"max_hp_loss":0,"event_name":"Golden Shrine","floor":20,"gold_loss":0,"cards_obtained":["Regret"]},{"damage_healed":0,"gold_gain":0,"player_choice":"Rummage","damage_taken":0,"relics_obtained":["WarpedTongs"],"max_hp_gain":0,"max_hp_loss":0,"event_name":"Accursed Blacksmith","floor":22,"gold_loss":0,"cards_obtained":["Pain"]}],"is_beta":true,"boss_relics":[{"not_picked":["SlaversCollar","Runic Dome"],"picked":"Philosopher\u0027s Stone"}],"items_purged_floors":[14],"is_endless":false,"potions_floor_spawned":[2,4,6,11,13],"killed_by":"Book of Stabbing","ascension_level":20}}