{"host":"edc6wmn2qug8wnvl","time":1611878025,"event":{"mods":["AchievementEnabler","BaseMod","Colored Map","Colored Powertips","Minty Spire (QoL Compilation)","StSLib"],"gold_per_floor":[109,284,284,300,347,347,372,2,83,98,49,81,81,96,96,96,96],"floor_reached":16,"language":"ENG","playtime":569,"items_purged":[],"score":133,"play_id":"5740e29f-e6ea-472b-9ee0-0a0e969e5503","local_time":"20210128155345","is_ascension_mode":false,"campfire_choices":[{"data":"Flex","floor":6,"key":"SMITH"},{"floor":13,"key":"REST"},{"data":"Thinking Ahead","floor":15,"key":"SMITH"}],"circlet_count":0,"master_deck":["Strike_R","Strike_R","Strike_R","Strike_R","Strike_R","Defend_R","Defend_R","Defend_R","Defend_R","Flex+1","Doubt","Perfected Strike","Ghostly Armor","Whirlwind","Thinking Ahead+1","Body Slam","Reaper","Warcry"],"relics":["Burning Blood","NeowsBlessing","Lantern","Juzu Bracelet","Blood Vial","Bottled Lightning","StoneCalendar"],"acts_visited":["Exordium"],"potions_floor_usage":[12,13,16,16],"damage_taken":[{"damage":0,"enemies":"Jaw Worm","floor":1,"turns":1},{"damage":0,"enemies":"Cultist","floor":4,"turns":1},{"damage":0,"enemies":"3 Sentries","floor":7,"turns":2},{"damage":0,"enemies":"2 Louse","floor":10,"turns":3},{"damage":55,"enemies":"Lagavulin","floor":12,"turns":7},{"damage":12,"enemies":"2 Fungi Beasts","floor":14,"turns":4},{"damage":99,"enemies":"Hexaghost","floor":16,"turns":11}],"seed_played":"7737451268779285699","potions_obtained":[{"floor":1,"key":"PowerPotion"},{"floor":4,"key":"BloodPotion"},{"floor":12,"key":"Fire Potion"}],"is_trial":false,"path_per_floor":["M","?","?","M","T","R","E","$","T","M","$","E","R","M","R","B"],"character_chosen":"IRONCLAD","items_purchased":["Blood Vial","Whirlwind","Thinking Ahead","BloodPotion"],"campfire_rested":1,"item_purchase_floors":[8,8,8,11],"current_hp_per_floor":[80,80,80,80,80,80,80,80,80,80,80,31,71,71,71,0,0],"gold":96,"neow_bonus":"THREE_ENEMY_KILL","is_daily":false,"chose_seed":false,"campfire_upgraded":2,"win_rate":0.0,"timestamp":1611878025,"path_taken":["M","?","?","?","?","R","E","?","T","M","$","E","R","M","R","BOSS"],"items_purchased_type":["Relic","Card","Card","Potion"],"build_version":"2020-12-22","purchased_purges":0,"victory":false,"max_hp_per_floor":[80,80,80,80,80,80,80,80,80,80,80,80,80,80,80,80,80],"card_choices":[{"not_picked":["Uppercut","Perfected Strike"],"picked":"Flex","floor":1},{"not_picked":["Burning Pact","Thunderclap"],"picked":"Perfected Strike","floor":4},{"not_picked":["Uppercut","Clash"],"picked":"Ghostly Armor","floor":7},{"not_picked":["Clothesline","True Grit"],"picked":"Body Slam","floor":10},{"not_picked":["Bloodletting","Clothesline"],"picked":"Reaper","floor":12},{"not_picked":["Dark Embrace","Second Wind"],"picked":"Warcry","floor":14}],"player_experience":73912,"relics_obtained":[{"floor":5,"key":"Lantern"},{"floor":7,"key":"Juzu Bracelet"},{"floor":9,"key":"Bottled Lightning"},{"floor":12,"key":"StoneCalendar"}],"event_choices":[{"damage_healed":0,"gold_gain":175,"player_choice":"AGREE","damage_taken":0,"max_hp_gain":0,"max_hp_loss":0,"event_name":"Liars Game","floor":2,"gold_loss":0,"cards_obtained":["Doubt"]},{"cards_removed":["Bash"],"damage_healed":0,"gold_gain":0,"player_choice":"Purged","damage_taken":0,"max_hp_gain":0,"max_hp_loss":0,"event_name":"Purifier","floor":3,"gold_loss":0}],"is_beta":false,"boss_relics":[],"items_purged_floors":[],"is_endless":false,"potions_floor_spawned":[1,4,12],"killed_by":"Hexaghost","ascension_level":0}}