{"host":"u1dfzl6o6mfmauc3","time":1611804819,"event":{"mods":["2.2 Compatiblity","AchievementEnabler","BaseMod","Block Reminder","Challenge The Spire","Dark Map","Hermit","Minty Spire (QoL Compilation)","Relic Stats","Robot Space Explorer","StSLib","The Disciple"],"gold_per_floor":[115,128,128,147,160,160,193,204,204,204,204,56,56,56,56,99,99,99,230,230,250,250,122,122,137,137,150,150,150,229,260,280,280,280,316,63,103,115,248,260,286,298,310,322,79,79,104,35,35,59,59,59,82,82,122,122,122,122],"floor_reached":57,"language":"ENG","playtime":6247,"items_purged":["OverTime","Strike_Br+1"],"score":696,"play_id":"f75e4c27-675d-4efc-a5a3-e30a62431f1b","local_time":"20210127223339","is_ascension_mode":false,"campfire_choices":[{"data":"HandsUpC","floor":6.0,"key":"SMITH"},{"data":"TickedOff","floor":11.0,"key":"SMITH"},{"data":"TiringSlam","floor":17.0,"key":"SMITH"},{"data":"Tempo","floor":18.0,"key":"SMITH"},{"data":"Analog","floor":26,"key":"SMITH"},{"data":"Accruing","floor":33,"key":"SMITH"},{"data":"TiringSlam","floor":38,"key":"SMITH"},{"data":"MasterKey","floor":46,"key":"SMITH"},{"floor":56,"key":"REST"}],"circlet_count":0,"master_deck":["Strike_Br+1","Defend_Br+1","Defend_Br+1","Defend_Br+1","Defend_Br+1","SecondHand","PatternShift","TickedOff+1","HandsUpC+1","ReapSow+15","Accruing+1","Analog+1","TiringSlam+1","Allargando+1","OverTime","Backlash","BlueShift","Parity+1","LockedPlans","LockedScales+1","TiringSlam+1","LockedFlame","Break","OracleForm","Cuckoo","MasterKey+1","EscortCommand","Allargando+1","WatchCommand"],"relics":["Chronometer","NeowsBlessing","IceCream?","PreservedInsect","Eternal Feather","Question Card","Vajra","Golden Idol","HornCleat","Black Star","Pear","SlipperyGoo","Kunai","Dream Catcher","Darkstone Periapt","MealTicket","Bottled Lightning","Sundial","Pen Nib","MawBank","SlaversCollar","Bottled Tornado","MysticCrockPot","Orichalcum","Bottled Flame"],"acts_visited":["Exordium","TheCity","TheBeyond"],"potions_floor_usage":[52,55,57,57],"damage_taken":[{"damage":0.0,"enemies":"2 Louse","floor":1.0,"turns":1.0},{"damage":0.0,"enemies":"Small Slimes","floor":2.0,"turns":2.0},{"damage":0.0,"enemies":"Jaw Worm","floor":4.0,"turns":1.0},{"damage":1.0,"enemies":"Large Slime","floor":5.0,"turns":6.0},{"damage":0.0,"enemies":"Lagavulin","floor":7.0,"turns":7.0},{"damage":0.0,"enemies":"Exordium Wildlife","floor":8.0,"turns":4.0},{"damage":5.0,"enemies":"3 Sentries","floor":16.0,"turns":4.0},{"damage":12.0,"enemies":"Hexaghost","floor":19.0,"turns":9.0},{"damage":5.0,"enemies":"3 Byrds","floor":21.0,"turns":5.0},{"damage":0,"enemies":"Spheric Guardian","floor":25,"turns":3},{"damage":8,"enemies":"Centurion and Healer","floor":27,"turns":6},{"damage":0,"enemies":"Book of Stabbing","floor":31,"turns":6},{"damage":0,"enemies":"3 Cultists","floor":32,"turns":5},{"damage":17,"enemies":"Gremlin Leader","floor":35,"turns":8},{"damage":13,"enemies":"Slavers","floor":37,"turns":4},{"damage":9,"enemies":"Collector","floor":39,"turns":8},{"damage":3,"enemies":"3 Shapes","floor":41,"turns":7},{"damage":9,"enemies":"3 Darklings","floor":47,"turns":6},{"damage":8,"enemies":"Transient","floor":52,"turns":4},{"damage":46,"enemies":"Writhing Mass","floor":53,"turns":6},{"damage":22,"enemies":"Reptomancer","floor":55,"turns":4},{"damage":49,"enemies":"Awakened One","floor":57,"turns":11}],"seed_played":"3753425139305431735","potions_obtained":[{"floor":4.0,"key":"DistilledChaos"},{"floor":8.0,"key":"LiquidBronze"},{"floor":16.0,"key":"Dexterity Potion"},{"floor":19.0,"key":"BlessingOfTheForge"},{"floor":21.0,"key":"SmokeBomb"},{"floor":53,"key":"ColorlessPotion"}],"is_trial":false,"path_per_floor":["M","M","?","M","M","R","E","M","T","T","R","$","?","$","?","E","R","R","B",null,"M","?","$","?","M","R","M","?","T","T","E","M","R","?","E","$","E","R","B",null,"M","?","?","?","$","R","M","$","T","T","?","M","M","?","E","R","B"],"character_chosen":"CHRONO_CLASS","items_purchased":["Vajra","BlueShift","Sundial","MasterKey","EscortCommand"],"campfire_rested":1,"item_purchase_floors":[12,23,36,45,48],"current_hp_per_floor":[65,65,65,65,64,64,64,64,64,64,65,65,49,49,49,44,53,62,50,65,60,60,60,70,70,75,67,67,67,67,67,67,75,75,58,73,60,75,66,75,72,78,78,77,77,77,68,77,77,77,77,69,23,23,1,39,0,0],"gold":122,"neow_bonus":"THREE_ENEMY_KILL","is_daily":false,"chose_seed":false,"campfire_upgraded":8,"win_rate":0.0,"timestamp":1611804819,"path_taken":["M","M","?","M","M","R","E","M","T","T","R","$","?","?","?","E","R","R","BOSS","M","?","$","?","?","R","M","?","T","T","E","M","R","?","E","?","E","R","BOSS","M","?","?","?","$","R","M","?","T","T","?","M","?","?","E","R","BOSS"],"items_purchased_type":["Relic","Card","Relic","Card","Card"],"build_version":"2020-12-22","purchased_purges":2,"victory":false,"max_hp_per_floor":[65,65,65,65,65,65,65,65,65,65,65,65,65,65,65,65,65,65,65,65,65,65,65,75,75,75,75,75,75,75,75,75,75,75,75,75,75,75,75,75,75,81,81,77,77,77,77,77,77,77,77,77,77,77,77,77,77,77],"relic_stats":{"Darkstone Periapt":6,"counters":[22,117],"Golden Idol":119,"Eternal Feather":62,"PreservedInsect":218,"Pen Nib":[7],"Orichalcum":[0],"Question Card":15,"MawBank":96,"Dream Catcher":1,"Sundial":[4],"MealTicket":24,"Black Star":4,"Kunai":[14],"obtain_stats":[{"Darkstone Periapt":31,"SlipperyGoo":29,"Vajra":12,"Bottled Tornado":42,"Dream Catcher":31,"HornCleat":16,"Sundial":36,"MealTicket":35,"Kunai":30,"Pear":24,"NeowsBlessing":0,"Golden Idol":13,"Eternal Feather":9,"PreservedInsect":7,"Pen Nib":37,"Orichalcum":55,"Question Card":10,"MawBank":37,"SlaversCollar":40,"Bottled Flame":55,"Chronometer":0,"MysticCrockPot":49,"Black Star":20,"Bottled Lightning":35,"IceCream?":3},{"Darkstone Periapt":12,"SlipperyGoo":11,"Vajra":6,"Bottled Tornado":17,"Dream Catcher":12,"HornCleat":7,"Sundial":14,"MealTicket":14,"Kunai":11,"Pear":9,"NeowsBlessing":0,"Golden Idol":6,"Eternal Feather":6,"PreservedInsect":5,"Pen Nib":15,"Orichalcum":21,"Question Card":6,"MawBank":15,"SlaversCollar":16,"Bottled Flame":21,"Chronometer":0,"MysticCrockPot":18,"Black Star":8,"Bottled Lightning":14,"IceCream?":2},{"Darkstone Periapt":54,"SlipperyGoo":48,"Vajra":21,"Bottled Tornado":86,"Dream Catcher":54,"HornCleat":25,"Sundial":67,"MealTicket":67,"Kunai":48,"Pear":39,"NeowsBlessing":0,"Golden Idol":21,"Eternal Feather":21,"PreservedInsect":17,"Pen Nib":71,"Orichalcum":106,"Question Card":21,"MawBank":71,"SlaversCollar":79,"Bottled Flame":106,"Chronometer":0,"MysticCrockPot":92,"Black Star":34,"Bottled Lightning":67,"IceCream?":3}]},"card_choices":[{"not_picked":["Tempo","Echoward"],"picked":"TickedOff","floor":1.0},{"not_picked":["HandsUpB","LockedScales"],"picked":"HandsUpC","floor":2.0},{"not_picked":["LockedMedicine","BlueShift"],"picked":"ReapSow","floor":4.0},{"not_picked":["LockedMedicine","LockedUrn"],"picked":"Accruing","floor":5.0},{"not_picked":["BlueShift","ReapSow"],"picked":"Tempo","floor":7.0},{"not_picked":["Parity","ResonantCall"],"picked":"Analog","floor":8.0},{"not_picked":["ReapSow","WindUp","Break"],"picked":"TiringSlam","floor":16.0},{"not_picked":["BackFourSeconds","LockedBell","LockedAstrolabe"],"picked":"OverTime","floor":19.0},{"not_picked":["Echoward","Parity","LockedMedicine+1"],"picked":"LockedTornado","floor":21.0},{"not_picked":["PrimeTime","HandsUpC","Goo"],"picked":"Parity+1","floor":25},{"not_picked":["PrimeTime","AlternateTimeline","LockedBlood+1","LockedOrichalcum"],"picked":"SKIP","floor":27},{"not_picked":["LockedWarPaint","Echoward+1","Fragmentalize"],"picked":"LockedPlans","floor":31},{"not_picked":["ReapSow","LockedMedicine","ExoVibe"],"picked":"LockedScales+1","floor":32},{"not_picked":["LockedWarPaint+1","Parity","WatchCommand"],"picked":"LockedFlame","floor":35},{"not_picked":["LockedOrichalcum","BiteCommand","CrunchTime"],"picked":"Break","floor":37},{"not_picked":["RageCommand","Fragmentalize","LockedFlame"],"picked":"OracleForm","floor":39},{"not_picked":["LockedMercury+1","CrunchTime","Parity+1"],"picked":"Cuckoo","floor":41},{"not_picked":["WindUp","Backlash+1","Echoward","LockedScales+1"],"picked":"SKIP","floor":47},{"not_picked":["VestedLegacy","LockedBlood+1","AlternateTimeline+1","LockedWhetstone+1"],"picked":"SKIP","floor":53},{"not_picked":["EscortCommand","VestedLegacy+1","LockedCalendar"],"picked":"WatchCommand","floor":55}],"player_experience":169785,"relics_obtained":[{"floor":7.0,"key":"PreservedInsect"},{"floor":9.0,"key":"Eternal Feather"},{"floor":10.0,"key":"Question Card"},{"floor":16.0,"key":"HornCleat"},{"floor":24,"key":"Pear"},{"floor":29,"key":"SlipperyGoo"},{"floor":30,"key":"Kunai"},{"floor":31,"key":"Dream Catcher"},{"floor":31,"key":"Darkstone Periapt"},{"floor":35,"key":"MealTicket"},{"floor":35,"key":"Bottled Lightning"},{"floor":37,"key":"Pen Nib"},{"floor":37,"key":"MawBank"},{"floor":49,"key":"MysticCrockPot"},{"floor":55,"key":"Orichalcum"},{"floor":55,"key":"Bottled Flame"}],"event_choices":[{"damage_healed":0.0,"max_hp_gain":0.0,"max_hp_loss":0.0,"gold_gain":0.0,"event_name":"Golden Idol","player_choice":"Take Damage","floor":13.0,"gold_loss":0.0,"damage_taken":16.0,"relics_obtained":["Golden Idol"]},{"damage_healed":0.0,"max_hp_gain":0.0,"max_hp_loss":0.0,"gold_gain":0.0,"event_name":"Living Wall","player_choice":"Grow","floor":15.0,"gold_loss":0.0,"damage_taken":0.0,"cards_upgraded":["ReapSow"]},{"damage_healed":0,"gold_gain":0,"cards_transformed":["Strike_Br","Strike_Br"],"player_choice":"Became Test Subject","damage_taken":0,"max_hp_gain":0,"max_hp_loss":0,"event_name":"Drug Dealer","floor":22,"gold_loss":0,"cards_obtained":["OverTime","Backlash"]},{"damage_healed":0,"gold_gain":0,"player_choice":"Relic","damage_taken":0,"max_hp_gain":0,"max_hp_loss":0,"event_name":"Wheel of Change","floor":24,"gold_loss":0},{"damage_healed":0,"gold_gain":0,"player_choice":"Simplicity","damage_taken":0,"max_hp_gain":0,"max_hp_loss":0,"event_name":"Back to Basics","floor":28,"gold_loss":0,"cards_upgraded":["Strike_Br","Strike_Br","Defend_Br","Defend_Br","Defend_Br","Defend_Br"]},{"damage_healed":0,"gold_gain":0,"player_choice":"Read","damage_taken":0,"max_hp_gain":0,"max_hp_loss":0,"event_name":"The Library","floor":34,"gold_loss":0,"cards_obtained":["TiringSlam"]},{"damage_healed":0,"gold_gain":0,"player_choice":"Ignored","damage_taken":0,"max_hp_gain":0,"max_hp_loss":0,"event_name":"Mysterious Sphere","floor":43,"gold_loss":0},{"damage_healed":0,"gold_gain":0,"player_choice":"Max HP","damage_taken":0,"max_hp_gain":0,"max_hp_loss":4,"event_name":"Winding Halls","floor":44,"gold_loss":0},{"cards_removed":["Dizzy"],"damage_healed":0,"gold_gain":0,"player_choice":"Removed Curses","damage_taken":0,"max_hp_gain":0,"max_hp_loss":0,"event_name":"Fountain of Cleansing","floor":51,"gold_loss":0},{"damage_healed":0,"gold_gain":0,"player_choice":"Copied","damage_taken":0,"max_hp_gain":0,"max_hp_loss":0,"event_name":"Duplicator","floor":54,"gold_loss":0,"cards_obtained":["Allargando"]}],"is_beta":false,"boss_relics":[{"not_picked":["Snecko Eye","Pandora\u0027s Box"],"picked":"Black Star"},{"not_picked":["Philosopher\u0027s Stone","Astrolabe"],"picked":"SlaversCollar"}],"items_purged_floors":[23,45],"is_endless":false,"potions_floor_spawned":[4,8,16,19,21,25,32,41,53],"killed_by":"Awakened One","ascension_level":0}}