{"host":"7jl348xfsxr8glry","time":1611839974,"event":{"mods":["AchievementEnabler","BaseMod","Colored Map","Minty Spire (QoL Compilation)","Random Character Button","Unceasing Turn Reminder"],"gold_per_floor":[112,112,112,124,0,0,20,20,20,20,195,222,242,260,260,362,362,378,378,24,0,0,0,35,35,60,97,109,109,131,193,205,335,347,379,391,415,114,165,165,178,178,178,178,178,207,227,251,251,251,251],"floor_reached":50,"language":"ENG","playtime":2966,"items_purged":["Strike_P","Strike_P"],"score":611,"play_id":"c4d8104a-761d-4712-821d-b3846643b43d","local_time":"20210129001934","is_ascension_mode":true,"campfire_choices":[{"floor":6,"key":"REST"},{"floor":8,"key":"REST"},{"floor":15,"key":"REST"},{"floor":23,"key":"REST"},{"floor":28,"key":"REST"},{"floor":32,"key":"REST"},{"floor":40,"key":"REST"},{"floor":42,"key":"REST"},{"floor":49,"key":"REST"}],"circlet_count":0,"master_deck":["Strike_P+1","Strike_P","Defend_P+1","Defend_P","Defend_P+1","Defend_P","Eruption+1","Vigilance","SashWhip+1","CrushJoints","SashWhip","FearNoEvil","Doubt","FollowUp","Prostrate","EmptyMind","Devotion","Evaluate+1","EmptyFist","Prostrate","CutThroughFate+1","Judgement","Adaptation+1","Perseverance+1","Flash of Steel","MentalFortress"],"relics":["PureWater","Pantograph","Tiny Chest","Potion Belt","SlaversCollar","HornCleat","Pen Nib","Anchor","MawBank","War Paint","VioletLotus","Torii","MealTicket","Vajra","Meat on the Bone","Oddly Smooth Stone"],"acts_visited":["Exordium","TheCity","TheBeyond"],"potions_floor_usage":[18,24,24,33,33,33,35,46,46],"damage_taken":[{"damage":3,"enemies":"Jaw Worm","floor":1,"turns":4},{"damage":0,"enemies":"2 Louse","floor":4,"turns":2},{"damage":0,"enemies":"Small Slimes","floor":7,"turns":1},{"damage":18,"enemies":"Lagavulin","floor":12,"turns":4},{"damage":15,"enemies":"Exordium Wildlife","floor":13,"turns":4},{"damage":6,"enemies":"Exordium Thugs","floor":14,"turns":4},{"damage":0,"enemies":"Slime Boss","floor":16,"turns":7},{"damage":27,"enemies":"3 Byrds","floor":18,"turns":5},{"damage":8,"enemies":"Book of Stabbing","floor":24,"turns":5},{"damage":8,"enemies":"2 Thieves","floor":29,"turns":4},{"damage":21,"enemies":"Snecko","floor":30,"turns":6},{"damage":29,"enemies":"Champ","floor":33,"turns":8},{"damage":33,"enemies":"3 Darklings","floor":35,"turns":9},{"damage":0,"enemies":"3 Shapes","floor":37,"turns":5},{"damage":14,"enemies":"Jaw Worm Horde","floor":41,"turns":6},{"damage":60,"enemies":"Giant Head","floor":46,"turns":10},{"damage":2,"enemies":"Maw","floor":47,"turns":8},{"damage":70,"enemies":"Time Eater","floor":50,"turns":9}],"seed_played":"-6212630803341010066","potions_obtained":[{"floor":1,"key":"Swift Potion"},{"floor":7,"key":"ColorlessPotion"},{"floor":13,"key":"DuplicationPotion"},{"floor":16,"key":"DistilledChaos"},{"floor":18,"key":"ColorlessPotion"},{"floor":29,"key":"Ancient Potion"},{"floor":33,"key":"BottledMiracle"},{"floor":35,"key":"Strength Potion"},{"floor":37,"key":"SteroidPotion"}],"is_trial":false,"path_per_floor":["M","?","?","M","$","R","M","R","T","?","?","E","M","M","R","B",null,"M","T","$","?","$","R","E","?","T","T","R","M","M","?","R","B",null,"M","?","M","$","T","R","M","R","T","?","$","E","M","T","R","B"],"character_chosen":"WATCHER","items_purchased":["SashWhip","Pen Nib","EmptyFist","Energy Potion","Torii"],"campfire_rested":9,"item_purchase_floors":[5,20,20,20,38],"current_hp_per_floor":[69,69,36,36,36,57,57,72,72,58,58,40,25,19,40,65,72,45,45,45,45,45,66,58,52,52,52,72,64,43,43,64,43,72,39,39,39,39,39,60,46,67,67,67,72,12,22,22,43,0,0],"gold":251,"neow_bonus":"UPGRADE_CARD","is_daily":false,"chose_seed":false,"campfire_upgraded":0,"win_rate":0.0,"timestamp":1611839974,"path_taken":["M","?","?","M","$","R","M","R","T","?","?","E","?","M","R","BOSS","M","?","$","?","?","R","E","?","T","?","R","?","M","?","R","BOSS","M","?","M","$","?","R","M","R","T","?","?","E","?","?","R","BOSS"],"items_purchased_type":["Card","Relic","Card","Potion","Relic"],"build_version":"2020-12-22","purchased_purges":2,"victory":false,"max_hp_per_floor":[72,72,72,72,72,72,72,72,72,72,72,72,72,72,72,72,72,72,72,72,72,72,72,72,72,72,72,72,72,72,72,72,72,72,72,72,72,72,72,72,72,72,72,72,72,72,72,72,72,72,72],"card_choices":[{"not_picked":["WindmillStrike","FlurryOfBlows"],"picked":"SashWhip","floor":1},{"not_picked":["JustLucky","FearNoEvil"],"picked":"CrushJoints","floor":4},{"not_picked":["Prostrate","JustLucky"],"picked":"FearNoEvil","floor":7},{"not_picked":["Consecrate","WreathOfFlame"],"picked":"FollowUp","floor":12},{"not_picked":["Fasting2","BowlingBash"],"picked":"Prostrate","floor":13},{"not_picked":["Halt","Fasting2"],"picked":"EmptyMind","floor":14},{"not_picked":["Blasphemy","DeusExMachina"],"picked":"Devotion","floor":16},{"not_picked":["Tantrum","Consecrate"],"picked":"Evaluate","floor":18},{"not_picked":["Consecrate","InnerPeace","DeusExMachina"],"picked":"SKIP","floor":24},{"not_picked":["FlurryOfBlows","BattleHymn"],"picked":"Prostrate","floor":29},{"not_picked":["FlurryOfBlows+1","InnerPeace"],"picked":"CutThroughFate+1","floor":30},{"not_picked":["DeusExMachina","LessonLearned"],"picked":"Judgement","floor":33},{"not_picked":["TalkToTheHand+1","Swivel+1"],"picked":"Adaptation+1","floor":35},{"not_picked":["FollowUp","BowlingBash"],"picked":"Perseverance+1","floor":37},{"not_picked":["CrushJoints+1","CutThroughFate","BowlingBash"],"picked":"SKIP","floor":41},{"not_picked":["Jack Of All Trades","Sadistic Nature"],"picked":"Flash of Steel","floor":44},{"not_picked":["CutThroughFate","Crescendo+1"],"picked":"MentalFortress","floor":46},{"not_picked":["FlyingSleeves+1","Crescendo+1","WreathOfFlame+1"],"picked":"SKIP","floor":47}],"player_experience":168851,"relics_obtained":[{"floor":9,"key":"Tiny Chest"},{"floor":12,"key":"Potion Belt"},{"floor":19,"key":"HornCleat"},{"floor":24,"key":"Anchor"},{"floor":26,"key":"MawBank"},{"floor":27,"key":"War Paint"},{"floor":39,"key":"MealTicket"},{"floor":43,"key":"Vajra"},{"floor":46,"key":"Meat on the Bone"},{"floor":48,"key":"Oddly Smooth Stone"}],"event_choices":[{"damage_healed":0,"gold_gain":0,"player_choice":"Grow","damage_taken":0,"max_hp_gain":0,"max_hp_loss":0,"event_name":"Living Wall","floor":2,"gold_loss":0,"cards_upgraded":["SashWhip"]},{"damage_healed":0,"gold_gain":0,"player_choice":"Success","damage_taken":33,"relics_obtained":["Pantograph"],"max_hp_gain":0,"max_hp_loss":0,"event_name":"Scrap Ooze","floor":3,"gold_loss":0},{"damage_healed":0,"gold_gain":0,"player_choice":"Entered Light","damage_taken":14,"max_hp_gain":0,"max_hp_loss":0,"event_name":"Shining Light","floor":10,"gold_loss":0,"cards_upgraded":["Defend_P","Strike_P"]},{"damage_healed":0,"gold_gain":175,"player_choice":"AGREE","damage_taken":0,"max_hp_gain":0,"max_hp_loss":0,"event_name":"Liars Game","floor":11,"gold_loss":0,"cards_obtained":["Doubt"]},{"damage_healed":0,"gold_gain":0,"player_choice":"Paid Fearfully","damage_taken":0,"max_hp_gain":0,"max_hp_loss":0,"event_name":"Masked Bandits","floor":21,"gold_loss":24},{"damage_healed":0,"gold_gain":0,"player_choice":"","damage_taken":6,"max_hp_gain":0,"max_hp_loss":0,"event_name":"Knowing Skull","floor":25,"potions_obtained":[],"gold_loss":0,"cards_obtained":[]},{"damage_healed":0,"gold_gain":100,"player_choice":"Bet on Murderer","damage_taken":0,"max_hp_gain":0,"max_hp_loss":0,"event_name":"The Joust","floor":31,"gold_loss":50},{"damage_healed":0,"gold_gain":0,"player_choice":"Ignored","damage_taken":0,"max_hp_gain":0,"max_hp_loss":0,"event_name":"Mysterious Sphere","floor":36,"gold_loss":0},{"damage_healed":0,"gold_gain":0,"player_choice":"Memory 1","damage_taken":0,"max_hp_gain":0,"max_hp_loss":0,"event_name":"SensoryStone","floor":44,"gold_loss":0}],"is_beta":false,"boss_relics":[{"not_picked":["Ectoplasm","HolyWater"],"picked":"SlaversCollar"},{"not_picked":["Fusion Hammer","Coffee Dripper"],"picked":"VioletLotus"}],"items_purged_floors":[5,20],"is_endless":false,"potions_floor_spawned":[1,7,13,16,18,29,33,35,37],"killed_by":"Time Eater","ascension_level":1}}