{"host":"6xsbn6ynqlzwllfm","time":1611870094,"event":{"mods":["2.2 Compatiblity","BaseMod","Bestiary","Colored Map","Colored Powertips","Curses Come First","Highlight Path","Keyboard Shortcuts","Minty Spire (QoL Compilation)","Relic Stats","Slay the Relics Exporter","StSLib","SuperFastMode"],"gold_per_floor":[110,125,138,157,170,170,196,196,243,243,243,226,226,226],"floor_reached":13,"language":"ENG","playtime":659,"items_purged":[],"score":174,"play_id":"41523ad8-d2aa-4666-8ce2-622ca776fcc0","local_time":"20210128164134","is_ascension_mode":true,"campfire_choices":[{"data":"Envenom","floor":6,"key":"SMITH"},{"floor":11,"key":"REST"}],"circlet_count":0,"master_deck":["AscendersBane","Strike_G","Strike_G","Strike_G","Strike_G","Strike_G","Defend_G","Defend_G","Defend_G+1","Defend_G","Defend_G+1","Survivor","Neutralize","Sucker Punch","Riddle With Holes","Underhanded Strike","Dagger Throw","Envenom+1","Crippling Poison","Pain","Poisoned Stab"],"relics":["Black Star","Toy Ornithopter","Matryoshka","Golden Idol","Bag of Preparation","War Paint","WarpedTongs"],"acts_visited":["Exordium"],"potions_floor_usage":[4,5,7,13],"damage_taken":[{"damage":8,"enemies":"Cultist","floor":1,"turns":4},{"damage":13,"enemies":"Small Slimes","floor":2,"turns":5},{"damage":1,"enemies":"2 Louse","floor":3,"turns":4},{"damage":19,"enemies":"Gremlin Gang","floor":4,"turns":6},{"damage":0,"enemies":"Exordium Wildlife","floor":5,"turns":3},{"damage":17,"enemies":"Lagavulin","floor":7,"turns":6},{"damage":12,"enemies":"Exordium Thugs","floor":12,"turns":5},{"damage":12,"enemies":"3 Sentries","floor":13,"turns":4}],"seed_played":"8458626782515230791","potions_obtained":[{"floor":1,"key":"Block Potion"},{"floor":4,"key":"Explosive Potion"},{"floor":5,"key":"CunningPotion"},{"floor":12,"key":"AttackPotion"}],"is_trial":false,"path_per_floor":["M","M","M","M","M","R","E","?","T","?","R","M","E"],"character_chosen":"THE_SILENT","items_purchased":[],"campfire_rested":1,"item_purchase_floors":[],"current_hp_per_floor":[51,38,37,18,18,18,1,1,1,1,19,7,0,0],"gold":226,"neow_bonus":"BOSS_RELIC","is_daily":false,"chose_seed":false,"campfire_upgraded":1,"win_rate":0.0,"timestamp":1611870094,"path_taken":["M","M","M","M","M","R","E","?","T","?","R","?","E"],"items_purchased_type":[],"build_version":"2020-12-22","purchased_purges":0,"victory":false,"max_hp_per_floor":[66,66,66,66,66,66,66,60,60,60,60,60,60,60],"relic_stats":{"counters":[8,37],"Golden Idol":5,"Black Star":1,"Bag of Preparation":[4],"War Paint":["Defend_G","Defend_G"],"obtain_stats":[{"Matryoshka":7,"Golden Idol":8,"Black Star":0,"Bag of Preparation":9,"War Paint":9,"Toy Ornithopter":7,"Ring of the Snake":0,"WarpedTongs":10},{"Matryoshka":6,"Golden Idol":6,"Black Star":0,"Bag of Preparation":6,"War Paint":6,"Toy Ornithopter":6,"Ring of the Snake":0,"WarpedTongs":6},{"Matryoshka":28,"Golden Idol":28,"Black Star":0,"Bag of Preparation":28,"War Paint":28,"Toy Ornithopter":28,"Ring of the Snake":0,"WarpedTongs":28}],"Toy Ornithopter":5,"WarpedTongs":[9]},"card_choices":[{"not_picked":["Choke","Prepared"],"picked":"Sucker Punch","floor":1},{"not_picked":["Cloak And Dagger","Accuracy"],"picked":"Riddle With Holes","floor":2},{"not_picked":["Backflip","Caltrops"],"picked":"Underhanded Strike","floor":3},{"not_picked":["Quick Slash","Catalyst"],"picked":"Dagger Throw","floor":4},{"not_picked":["Blade Dance","Cloak And Dagger"],"picked":"Envenom","floor":5},{"not_picked":["Dagger Spray","Deadly Poison"],"picked":"Crippling Poison","floor":7},{"not_picked":["Bane","Slice"],"picked":"Poisoned Stab","floor":12}],"player_experience":1197338,"relics_obtained":[{"floor":7,"key":"Toy Ornithopter"},{"floor":7,"key":"Matryoshka"},{"floor":9,"key":"Bag of Preparation"},{"floor":9,"key":"War Paint"}],"event_choices":[{"damage_healed":0,"gold_gain":0,"player_choice":"Lose Max HP","damage_taken":0,"relics_obtained":["Golden Idol"],"max_hp_gain":0,"max_hp_loss":6,"event_name":"Golden Idol","floor":8,"gold_loss":0},{"damage_healed":0,"gold_gain":0,"player_choice":"Rummage","damage_taken":0,"relics_obtained":["WarpedTongs"],"max_hp_gain":0,"max_hp_loss":0,"event_name":"Accursed Blacksmith","floor":10,"gold_loss":0,"cards_obtained":["Pain"]}],"is_beta":false,"boss_relics":[],"items_purged_floors":[],"is_endless":false,"potions_floor_spawned":[1,4,5,12],"killed_by":"3 Sentries","ascension_level":20}}