{"host":"pi8b3ffzwvxqztac","time":1611864740,"event":{"mods":["BaseMod","Colored Map","Downfall","Minty Spire (QoL Compilation)","StSLib"],"gold_per_floor":[99,99,99,111,111,111,111,128,28,41,57,3,3,32,43,145,195,95,110,120,120,137,137,137,37,37,37,37,70,80,80,94,94,94,94],"floor_reached":33,"language":"ENG","playtime":1399,"items_purged":[],"score":356,"play_id":"8d8a5d48-75a9-4591-9ed4-fda6999812d2","local_time":"20210129091220","is_ascension_mode":true,"campfire_choices":[{"data":"1","floor":1,"key":"LIFT"},{"data":"2","floor":9,"key":"LIFT"},{"data":"3","floor":13,"key":"LIFT"},{"floor":18,"key":"RECALL"},{"floor":23,"key":"REST"},{"data":"bronze:InfiniteLoop","floor":25,"key":"SMITH"},{"data":"Bite","floor":28,"key":"SMITH"}],"circlet_count":0,"master_deck":["bronze:Defend","bronze:Defend","bronze:Defend","bronze:Defend+1","bronze:Replicate","bronze:Goto","bronze:Boost","downfall:Malfunctioning","bronze:Return","bronze:Boost+1","bronze:InfiniteBeams","bronze:InfiniteLoop+1","bronze:Deprecate","bronze:Repulsor+1","Bite+1","Bite","Bite","Bite","Bite","bronze:FineTuning","bronze:Flail","bronze:Iterate"],"relics":["bronze:BronzeCore","Girya","Nunchaku","Vajra","downfall:HeartBlessingBlue","Bronze Scales","Tiny House","downfall:HeartBlessingGreen","MealTicket","downfall:HeartBlessingRed","Orichalcum"],"acts_visited":["Exordium","TheCity"],"potions_floor_usage":[14,16,16,20],"damage_taken":[{"damage":7,"enemies":"Small Slimes","floor":4,"turns":4},{"damage":7,"enemies":"2 Louse","floor":8,"turns":3},{"damage":1,"enemies":"Cultist","floor":10,"turns":3},{"damage":2,"enemies":"2 Fungi Beasts","floor":11,"turns":3},{"damage":2,"enemies":"downfall:FleeingMerchant","floor":12,"turns":4},{"damage":15,"enemies":"Gremlin Nob","floor":14,"turns":4},{"damage":2,"enemies":"3 Louse","floor":15,"turns":3},{"damage":20,"enemies":"WA_ARCHETYPE_RETAIN","floor":16,"turns":6},{"damage":4,"enemies":"3 Byrds","floor":19,"turns":3},{"damage":34,"enemies":"Snake Plant","floor":20,"turns":5},{"damage":6,"enemies":"Centurion and Healer","floor":22,"turns":6},{"damage":14,"enemies":"Book of Stabbing","floor":29,"turns":5},{"damage":5,"enemies":"3 Cultists","floor":30,"turns":6},{"damage":16,"enemies":"Snecko","floor":32,"turns":5},{"damage":30,"enemies":"DF_ARCHETYPE_CLAW","floor":33,"turns":3}],"seed_played":"-4276712993208207265","potions_obtained":[{"floor":4,"key":"LiquidMemories"},{"floor":8,"key":"hexamod:SoulburnPotion"},{"floor":11,"key":"BlessingOfTheForge"},{"floor":16,"key":"SkillPotion"},{"floor":17,"key":"bronze:BurnAndBuffPotion"},{"floor":20,"key":"Energy Potion"},{"floor":29,"key":"Ancient Potion"},{"floor":30,"key":"FearPotion"},{"floor":31,"key":"CultistPotion"}],"is_trial":false,"path_per_floor":["R","?","?","M","?","?","T","M","R","M","M","$","R","E","M","B",null,"R","M","M","?","M","R","T","R","?","?","R","E","M","?","M","B"],"character_chosen":"THE_AUTOMATON","items_purchased":["bronze:InfiniteBeams"],"campfire_rested":1,"item_purchase_floors":[12],"current_hp_per_floor":[63,63,60,53,53,53,53,46,56,55,53,51,51,36,34,14,63,63,59,25,25,27,43,43,43,43,43,43,31,36,36,22,0,0,0],"gold":94,"neow_bonus":"ONE_RARE_RELIC","is_daily":false,"chose_seed":false,"campfire_upgraded":2,"win_rate":0.0,"timestamp":1611864740,"path_taken":["R","?","?","M","?","?","T","M","R","M","?","$","R","E","M","BOSS","R","M","M","?","M","R","T","R","?","?","R","E","M","?","M","BOSS"],"items_purchased_type":["Card"],"build_version":"2020-12-22","purchased_purges":0,"victory":false,"max_hp_per_floor":[63,63,63,63,63,63,63,63,73,73,73,73,73,73,73,73,78,78,78,78,54,54,54,54,54,54,54,54,54,54,54,54,54,54,54],"card_choices":[{"not_picked":["bronze:Shield","bronze:DarkDash"],"picked":"bronze:Boost","floor":4},{"not_picked":["bronze:Shell","bronze:CutThrough"],"picked":"bronze:Return","floor":8},{"not_picked":["bronze:Shield","bronze:MaxOutput"],"picked":"bronze:Boost","floor":10},{"not_picked":["bronze:BugBarrage","bronze:MaxOutput","bronze:Shield"],"picked":"SKIP","floor":11},{"not_picked":["bronze:BitShift","bronze:Shield","bronze:BuggyMess"],"picked":"SKIP","floor":12},{"not_picked":["bronze:Return","bronze:Break","bronze:DarkDash"],"picked":"SKIP","floor":14},{"not_picked":["bronze:GetLatest","bronze:OilSpill","bronze:Shell"],"picked":"SKIP","floor":15},{"not_picked":["bronze:SpaghettiCode","bronze:TinkerersToolbox"],"picked":"bronze:InfiniteLoop","floor":16},{"not_picked":["bronze:Fortify","bronze:BitShift"],"picked":"bronze:Deprecate","floor":17},{"not_picked":["bronze:Return","bronze:ClassDefault"],"picked":"bronze:Repulsor+1","floor":19},{"not_picked":["bronze:Return","bronze:DelayedSlice","bronze:BronzeArmor"],"picked":"SKIP","floor":20},{"not_picked":["bronze:ChosenStrike","bronze:Invalidate+1","bronze:Deprecate"],"picked":"SKIP","floor":22},{"not_picked":["bronze:Hardcode","bronze:Turbo"],"picked":"bronze:FineTuning","floor":29},{"not_picked":["bronze:BuggyMess","bronze:WhirlingStrike"],"picked":"bronze:Flail","floor":30},{"not_picked":["bronze:CutThrough","bronze:Branch"],"picked":"bronze:Iterate","floor":32}],"player_experience":652184,"relics_obtained":[{"floor":14,"key":"Bronze Scales"},{"floor":24,"key":"MealTicket"},{"floor":29,"key":"Orichalcum"}],"event_choices":[{"damage_healed":0,"gold_gain":0,"player_choice":"Box","damage_taken":0,"relics_obtained":["Nunchaku"],"max_hp_gain":0,"max_hp_loss":0,"event_name":"Big Fish","floor":2,"gold_loss":0,"cards_obtained":["Regret"]},{"damage_healed":0,"gold_gain":0,"player_choice":"Success","damage_taken":3,"relics_obtained":["Vajra"],"max_hp_gain":0,"max_hp_loss":0,"event_name":"Scrap Ooze","floor":3,"gold_loss":0},{"damage_healed":0,"gold_gain":0,"player_choice":"Leave","damage_taken":0,"max_hp_gain":0,"max_hp_loss":0,"event_name":"FaceTrader","floor":6,"gold_loss":0},{"damage_healed":0,"gold_gain":0,"player_choice":"Became a vampire","damage_taken":0,"max_hp_gain":0,"max_hp_loss":24,"event_name":"Vampires","floor":21,"gold_loss":0,"cards_obtained":["Bite","Bite","Bite","Bite","Bite"]}],"is_beta":false,"boss_relics":[{"not_picked":["Astrolabe","Busted Crown"],"picked":"Tiny House"}],"items_purged_floors":[],"is_endless":false,"potions_floor_spawned":[4,8,11,16,20,29,30],"killed_by":"DF_ARCHETYPE_CLAW","ascension_level":5}}