{"host":"zk71suw73lg2r165","time":1611851938,"event":{"mods":["BaseMod","Colored Map","Minty Spire (QoL Compilation)","Permanent Neow","Relic Stats","StSLib"],"gold_per_floor":[115,135,150,166,131,156,156,186,186,202,215,272,306,322,322,398,398,418,298,298],"floor_reached":19,"language":"ENG","playtime":792,"items_purged":[],"score":382,"play_id":"ffe74460-b66d-492a-a451-2d845b28237b","local_time":"20210128113858","is_ascension_mode":true,"campfire_choices":[{"data":"True Grit","floor":7.0,"key":"SMITH"},{"floor":15,"key":"REST"}],"circlet_count":0,"master_deck":["AscendersBane","Bash","Carnage","Headbutt","Entrench","Disarm","Power Through","Impervious","Spot Weakness","Shrug It Off","Berserk","Metallicize","Clothesline","Shrug It Off","True Grit+1","Body Slam","Dual Wield","Twin Strike","Iron Wave","Metallicize","Armaments","Shockwave","Exhume","CurseOfTheBell"],"relics":["Pandora\u0027s Box","PreservedInsect","Dream Catcher","Bottled Lightning","Shovel","InkBottle","Calling Bell","Ancient Tea Set","Singing Bowl","StoneCalendar"],"acts_visited":["Exordium","TheCity"],"potions_floor_usage":[13,16,18,19],"damage_taken":[{"damage":0.0,"enemies":"Jaw Worm","floor":1.0,"turns":2.0},{"damage":0.0,"enemies":"2 Louse","floor":2.0,"turns":4.0},{"damage":7.0,"enemies":"Small Slimes","floor":3.0,"turns":4.0},{"damage":5.0,"enemies":"Blue Slaver","floor":4.0,"turns":4.0},{"damage":18.0,"enemies":"Lagavulin","floor":6.0,"turns":5.0},{"damage":10.0,"enemies":"Gremlin Nob","floor":8.0,"turns":4.0},{"damage":8.0,"enemies":"Looter","floor":10.0,"turns":3.0},{"damage":0.0,"enemies":"2 Fungi Beasts","floor":11.0,"turns":4.0},{"damage":21.0,"enemies":"Lagavulin Event","floor":12.0,"turns":4.0},{"damage":12,"enemies":"Lagavulin","floor":13,"turns":5},{"damage":1,"enemies":"Large Slime","floor":14,"turns":7},{"damage":23,"enemies":"Hexaghost","floor":16,"turns":10},{"damage":24,"enemies":"3 Byrds","floor":18,"turns":7},{"damage":35,"enemies":"2 Thieves","floor":19,"turns":3}],"seed_played":"3921746267518154605","potions_obtained":[{"floor":1.0,"key":"DuplicationPotion"},{"floor":6.0,"key":"SneckoOil"},{"floor":10.0,"key":"ColorlessPotion"},{"floor":12.0,"key":"FearPotion"},{"floor":14,"key":"SneckoOil"},{"floor":16,"key":"SkillPotion"},{"floor":18,"key":"SkillPotion"}],"is_trial":false,"path_per_floor":["M","M","M","M","?","E","R","E","T","M","M","?","E","M","R","B",null,"M","M"],"character_chosen":"IRONCLAD","items_purchased":[],"campfire_rested":1,"item_purchase_floors":[],"current_hp_per_floor":[68,68,61,56,74,56,56,46,46,38,38,17,5,4,26,3,57,35,0,0],"gold":298,"neow_bonus":"BOSS_RELIC","is_daily":false,"chose_seed":false,"campfire_upgraded":1,"win_rate":0.0,"timestamp":1611851938,"path_taken":["M","M","M","M","?","E","R","E","T","M","M","?","E","M","R","BOSS","M","M"],"items_purchased_type":[],"build_version":"2020-12-22","purchased_purges":0,"victory":false,"max_hp_per_floor":[75,75,75,75,75,75,75,75,75,75,75,75,75,75,75,75,75,77,77,77],"relic_stats":{"Dream Catcher":1,"Shovel":0,"Singing Bowl":2,"counters":[14,66],"Pandora\u0027s Box":["Carnage","Headbutt","Entrench","Disarm","Power Through","Impervious","Spot Weakness","Shrug It Off","Berserk"],"StoneCalendar":[42],"PreservedInsect":80,"obtain_stats":[{"Calling Bell":17,"Dream Catcher":8,"Shovel":12,"Singing Bowl":17,"Pandora\u0027s Box":0,"StoneCalendar":17,"PreservedInsect":6,"Bottled Lightning":9,"Ancient Tea Set":17,"Burning Blood":0,"InkBottle":13},{"Calling Bell":12,"Dream Catcher":6,"Shovel":9,"Singing Bowl":12,"Pandora\u0027s Box":0,"StoneCalendar":12,"PreservedInsect":5,"Bottled Lightning":6,"Ancient Tea Set":12,"Burning Blood":0,"InkBottle":10},{"Calling Bell":56,"Dream Catcher":23,"Shovel":34,"Singing Bowl":56,"Pandora\u0027s Box":0,"StoneCalendar":56,"PreservedInsect":19,"Bottled Lightning":23,"Ancient Tea Set":56,"Burning Blood":0,"InkBottle":39}],"InkBottle":[8]},"card_choices":[{"not_picked":["Cleave","Evolve"],"picked":"Metallicize","floor":1.0},{"not_picked":["Headbutt","Intimidate"],"picked":"Clothesline","floor":2.0},{"not_picked":["Sword Boomerang","Havoc"],"picked":"Shrug It Off","floor":3.0},{"not_picked":["Sentinel","Cleave"],"picked":"True Grit","floor":4.0},{"not_picked":["Pommel Strike","Double Tap"],"picked":"Body Slam","floor":6.0},{"not_picked":["Thunderclap","Shrug It Off"],"picked":"Dual Wield","floor":8.0},{"not_picked":["Dual Wield","True Grit"],"picked":"Twin Strike","floor":10.0},{"not_picked":["Rupture","Clash"],"picked":"Iron Wave","floor":11.0},{"not_picked":["Cleave","Clash"],"picked":"Metallicize","floor":12.0},{"not_picked":["Dark Embrace","Rupture"],"picked":"Armaments","floor":13},{"not_picked":["Body Slam","Sword Boomerang"],"picked":"Shockwave","floor":14},{"not_picked":["Infernal Blade","Anger"],"picked":"Exhume","floor":15},{"not_picked":["Iron Wave","Dark Embrace+1","Warcry+1"],"picked":"Singing Bowl","floor":18}],"player_experience":1396780,"relics_obtained":[{"floor":6.0,"key":"PreservedInsect"},{"floor":8.0,"key":"Dream Catcher"},{"floor":9.0,"key":"Bottled Lightning"},{"floor":12.0,"key":"Shovel"},{"floor":13,"key":"InkBottle"},{"floor":17,"key":"Ancient Tea Set"},{"floor":17,"key":"Singing Bowl"},{"floor":17,"key":"StoneCalendar"}],"event_choices":[{"damage_healed":18.0,"max_hp_gain":0.0,"max_hp_loss":0.0,"gold_gain":0.0,"event_name":"The Cleric","player_choice":"Healed","floor":5.0,"gold_loss":35.0,"damage_taken":0.0},{"damage_healed":0.0,"max_hp_gain":0.0,"max_hp_loss":0.0,"gold_gain":0.0,"event_name":"Dead Adventurer","player_choice":"Searched \u00272\u0027 times","floor":12.0,"gold_loss":0.0,"damage_taken":0.0}],"is_beta":false,"boss_relics":[{"not_picked":["Velvet Choker","Coffee Dripper"],"picked":"Calling Bell"}],"items_purged_floors":[],"is_endless":false,"potions_floor_spawned":[1,6,10,12,14,16,18],"killed_by":"2 Thieves","ascension_level":20}}