{"host":"121m0oxswv9tg9hk","time":1611864134,"event":{"mods":["AchievementEnabler","BaseMod","Better Third Choice","Downfall","Hermit","MarisaÅiñ∂âJÅ@ñÇóùçπÅj","Minty Spire (QoL Compilation)","Shade Mod","StSLib","The Construct","The Cursed","The Gatherer","The Hierophant","The Mystic"],"gold_per_floor":[199,215,231,247,266,299,299,332,343,243,269,269,293,443,467,467,467,467],"floor_reached":16,"language":"ENG","playtime":1109,"items_purged":[],"score":151,"play_id":"b1177db2-8933-4506-8101-e353b36ac23a","local_time":"20210128210214","is_ascension_mode":true,"campfire_choices":[{"floor":1,"key":"RECALL"}],"circlet_count":0,"master_deck":["sneckomod:Strike","sneckomod:Strike","sneckomod:Strike","sneckomod:Defend","sneckomod:Defend","sneckomod:Defend","sneckomod:TailWhip","sneckomod:SnekBite","sneckomod:Unknown","sneckomod:Unknown","sneckomod:UnknownBlock","sneckomod:UnknownCommonAttack","sneckomod:WideSting+1","sneckomod:UnendingSupply","sneckomod:CheapStock","hierophant:Doubloon","sneckomod:UnknownBlock","Shade:LyeBath+1","sneckomod:QuickMove","downfall:Icky","downfall:Icky","sneckomod:IronFang"],"relics":["sneckomod:SneckoSoul","StrikeDummy","Ginger","CaptainsWheel","downfall:HeartBlessingRed"],"acts_visited":["Exordium"],"potions_floor_usage":[4,11,13,16],"damage_taken":[{"damage":1,"enemies":"Cultist","floor":2,"turns":3},{"damage":0,"enemies":"2 Louse","floor":3,"turns":4},{"damage":0,"enemies":"Jaw Worm","floor":4,"turns":2},{"damage":4,"enemies":"3 Louse","floor":5,"turns":3},{"damage":20,"enemies":"Gremlin Nob","floor":6,"turns":4},{"damage":9,"enemies":"Lagavulin","floor":8,"turns":9},{"damage":6,"enemies":"Exordium Wildlife","floor":9,"turns":3},{"damage":14,"enemies":"Red Slaver","floor":11,"turns":4},{"damage":1,"enemies":"2 Fungi Beasts","floor":13,"turns":2},{"damage":0,"enemies":"3 Louse","floor":15,"turns":1},{"damage":32,"enemies":"DF_ARCHETYPE_STREAMLINE","floor":16,"turns":9}],"seed_played":"2845893703127952867","potions_obtained":[{"floor":3,"key":"Slimebound:ThreeZeroPotion"},{"floor":8,"key":"SpeedPotion"},{"floor":9,"key":"Fire Potion"},{"floor":13,"key":"hexamod:SoulburnPotion"}],"is_trial":false,"path_per_floor":["R","M","M","M","M","E","T","E","M","R","M","?","M","?","M","B"],"character_chosen":"THE_SNECKO","items_purchased":[],"campfire_rested":0,"item_purchase_floors":[],"current_hp_per_floor":[81,80,80,80,76,56,56,47,41,41,27,27,26,26,26,0,0,0],"gold":467,"neow_bonus":"HUNDRED_GOLD","is_daily":false,"chose_seed":false,"campfire_upgraded":0,"win_rate":0.0,"timestamp":1611864134,"path_taken":["R","M","M","?","M","E","T","E","M","R","M","?","?","?","M","BOSS"],"items_purchased_type":[],"build_version":"2020-12-22","purchased_purges":0,"victory":false,"max_hp_per_floor":[90,90,90,90,90,90,90,90,90,90,90,90,90,90,90,90,90,90],"card_choices":[{"not_picked":["sneckomod:DiceBlock","sneckomod:Nope"],"picked":"sneckomod:UnknownBlock","floor":2},{"not_picked":["sneckomod:UnknownUncommonSkill","sneckomod:DiceBlock"],"picked":"sneckomod:UnknownCommonAttack","floor":3},{"not_picked":["sneckomod:SoulExchange","sneckomod:UnknownExhaust"],"picked":"sneckomod:WideSting","floor":4},{"not_picked":["sneckomod:SnakeSap","sneckomod:ImprovisedAttack"],"picked":"sneckomod:UnendingSupply","floor":5},{"not_picked":["sneckomod:Rotation","sneckomod:UnknownDraw"],"picked":"sneckomod:CheapStock","floor":6},{"not_picked":["sneckomod:UnknownVulnerable","sneckomod:QuickBite"],"picked":"sneckomod:UnknownBlock","floor":8},{"not_picked":["sneckomod:Unknown1Cost","sneckomod:WideSting"],"picked":"sneckomod:UnknownDraw","floor":9},{"not_picked":["sneckomod:DiceCrush","sneckomod:GlitteringGambit"],"picked":"sneckomod:QuickMove","floor":11},{"not_picked":["sneckomod:DefensiveFlair","sneckomod:CheapStock","sneckomod:UnknownX"],"picked":"SKIP","floor":13},{"not_picked":["sneckomod:WideSting","sneckomod:DiceCrush"],"picked":"sneckomod:IronFang","floor":15}],"player_experience":2965614,"relics_obtained":[{"floor":6,"key":"StrikeDummy"},{"floor":7,"key":"Ginger"},{"floor":8,"key":"CaptainsWheel"}],"event_choices":[],"is_beta":false,"boss_relics":[],"items_purged_floors":[],"is_endless":false,"potions_floor_spawned":[3,8,9,13],"killed_by":"DF_ARCHETYPE_STREAMLINE","ascension_level":6}}