{"host":"3q8x5nua6nulvkr6","time":1611802256,"event":{"mods":["Aspiration","BaseMod","Better Note","BetterRewards","Colored Map","Colored Powertips","Conspire","GifTheSpireLib","Hubris","Infinite Spire","Minty Spire (QoL Compilation)","Rare Cards Sparkle","Replay The Spire","StSLib","Stuff the Spire","Wandering Minibosses"],"gold_per_floor":[119,44,74,67,82,130,130,169,196,261,273,324,336,372,384,503,515,554,617,629,641,613,625,675,687,753,765,466,466,498,539,539,650,650,671,721,721,330,330,379,379,402,402,402,422,470,495,533,533,541],"floor_reached":51,"language":"ENG","playtime":3050,"items_purged":["Twin Strike","Cleave","hubris:CleavingFinish"],"score":1011,"play_id":"c1046fce-c66d-41b7-9f5a-2d2f7a906e0b","local_time":"20210127215056","daily_mods":["SealedDeck"],"is_ascension_mode":true,"campfire_choices":[{"data":"Heavy Blade","floor":7,"key":"SMITH"},{"floor":11,"key":"REST"},{"floor":15,"key":"REST"},{"floor":23,"key":"REST"},{"floor":25,"key":"REST"},{"data":"Spot Weakness","floor":27,"key":"SMITH"},{"data":"Shrug It Off","floor":29,"key":"SMITH"},{"data":"Pommel Strike","floor":32,"key":"SMITH"},{"data":"Inflame","floor":41,"key":"SMITH"},{"data":"Headbutt","floor":44,"key":"SMITH"},{"floor":49,"key":"REST"}],"circlet_count":0,"master_deck":["Warcry+1","ReplayTheSpireMod:Stacked+1","Spot Weakness+1","Pommel Strike+1","Shrug It Off+1","Rampage+1","Inflame+1","Heavy Blade+1","Headbutt+1","Shockwave+1"],"relics":["Replay:Bandana","infinitespire:Lucky Rock","MawBank","Oddly Smooth Stone","Potion Belt","SlaversCollar","wanderingMiniBosses:ThiefScarf","Burning Blood","Replay:WaspNest","aspiration:FetidBarrel","Juzu Bracelet","hubris:ToyBattleship","infinitespire:Beetle Shell","conspire:SlowCooker","War Paint","Tiny House","hubris:IronBody","hubris:Towel","aspiration:Lifesprig","Letter Opener","conspire:Boomerang","aspiration:HatOfInfinitePower"],"acts_visited":["Exordium","TheCity","TheBeyond"],"potions_floor_usage":[8,8,8,16,16,18,19,24,31,35,40,40,40,45,45,46,48],"damage_taken":[{"damage":7,"enemies":"Small Slimes","floor":1,"turns":2},{"damage":10,"enemies":"conspire:MimicChest","floor":3,"turns":4},{"damage":0,"enemies":"Cultist","floor":4,"turns":5},{"damage":0,"enemies":"2 Louse","floor":5,"turns":2},{"damage":14,"enemies":"Gremlin Nob","floor":6,"turns":3},{"damage":9,"enemies":"Lagavulin","floor":8,"turns":5},{"damage":9,"enemies":"3 Sentries","floor":10,"turns":3},{"damage":24,"enemies":"Lagavulin","floor":12,"turns":5},{"damage":0,"enemies":"2 Fungi Beasts","floor":14,"turns":2},{"damage":36,"enemies":"Hexaghost","floor":16,"turns":5},{"damage":14,"enemies":"Spheric Guardian","floor":18,"turns":4},{"damage":27,"enemies":"Shell Parasite","floor":19,"turns":7},{"damage":18,"enemies":"Book of Stabbing","floor":24,"turns":4},{"damage":0,"enemies":"Chosen and Byrds","floor":30,"turns":4},{"damage":60,"enemies":"Gremlin Leader","floor":31,"turns":5},{"damage":4,"enemies":"Champ","floor":33,"turns":5},{"damage":7,"enemies":"Orb Walker","floor":35,"turns":3},{"damage":27,"enemies":"Reptomancer","floor":40,"turns":3},{"damage":8,"enemies":"3 Shapes","floor":42,"turns":4},{"damage":26,"enemies":"Writhing Mass","floor":45,"turns":4},{"damage":8,"enemies":"R_Hoarder","floor":46,"turns":5},{"damage":15,"enemies":"4 Shapes","floor":47,"turns":5},{"damage":12,"enemies":"Nemesis","floor":48,"turns":5},{"damage":5,"enemies":"conspire:OrnateMirror","floor":50,"turns":15}],"seed_played":"-1130515485884090776","potions_obtained":[{"floor":4,"key":"ColorlessPotion"},{"floor":5,"key":"ColorlessPotion"},{"floor":6,"key":"EssenceOfSteel"},{"floor":12,"key":"LiquidMemories"},{"floor":14,"key":"Swift Potion"},{"floor":16,"key":"Flashbang"},{"floor":22,"key":"conspire:TimeTravelPotion"},{"floor":22,"key":"AttackPotion"},{"floor":22,"key":"infinitespire:BlackPotion"},{"floor":30,"key":"Block Potion"},{"floor":31,"key":"FearPotion"},{"floor":33,"key":"Fire Potion"},{"floor":36,"key":"SneckoOil"},{"floor":45,"key":"BloodPotion"},{"floor":47,"key":"DistilledChaos"},{"floor":48,"key":"AttackPotion"}],"is_trial":true,"path_per_floor":["M","$","?","M","M","E","R","E","T","E","R","E","?","M","R","B",null,"M","M","?","?","?","R","E","R","T","R","$","R","M","E","R","B",null,"M","AVR","?","$","?","E","R","M","T","R","M","E","M","E","R","B",null],"character_chosen":"IRONCLAD","items_purchased":["hubris:ToyBattleship","infinitespire:Beetle Shell","hubris:IronBody","Explosive Potion"],"campfire_rested":5,"item_purchase_floors":[28,28,38,38],"current_hp_per_floor":[79,79,75,75,75,61,61,52,52,43,67,43,43,43,67,31,80,66,39,33,33,33,57,55,79,79,79,79,79,80,59,59,61,80,80,85,85,85,85,64,64,62,62,62,42,57,48,42,67,68],"gold":541,"neow_bonus":"","is_daily":false,"chose_seed":false,"campfire_upgraded":6,"win_rate":0.0,"timestamp":1611802256,"path_taken":["M","$","?","?","M","E","R","E","T","E","R","E","?","M","R","BOSS","M","M","?","?","?","R","E","R","T","R","$","R","M","E","R","BOSS","M","AVR","?","$","?","E","R","M","T","R","M","E","M","E","R","BOSS"],"items_purchased_type":["Relic","Relic","Relic","Potion"],"build_version":"2020-12-22","purchased_purges":3,"victory":true,"max_hp_per_floor":[80,80,80,80,80,80,80,80,80,80,80,80,80,80,80,80,80,80,80,80,80,80,80,80,80,80,80,80,80,80,80,80,80,80,80,85,85,85,85,85,85,85,85,85,85,85,85,85,85,85],"card_choices":[{"not_picked":["Replay:Undeath\u0027s Touch","Havoc","hubris:ReadiedAction"],"picked":"SKIP","floor":1},{"not_picked":["Clash","Perfected Strike"],"picked":"Heavy Blade","floor":4},{"not_picked":["Barricade","Iron Wave","Flex"],"picked":"SKIP","floor":5},{"not_picked":["Fire Breathing","Searing Blow","Heavy Blade"],"picked":"SKIP","floor":6},{"not_picked":["Entrench","Sword Boomerang","Power Through"],"picked":"SKIP","floor":8},{"not_picked":["Perfected Strike","Run Through","Anger"],"picked":"SKIP","floor":10},{"not_picked":["StuffTheSpire:TitanForm","Heavy Blade","hubris:CleavingFinish"],"picked":"SKIP","floor":12},{"not_picked":["StuffTheSpire:RockThrow","Havoc","Armaments"],"picked":"SKIP","floor":14},{"not_picked":["Iron Wave","ReplayTheSpireMod:Strike From Hell+1","Heavy Blade+1"],"picked":"SKIP","floor":18},{"not_picked":["StuffTheSpire:RagingBull","Fire Breathing","ReplayTheSpireMod:Corrosion Curse"],"picked":"SKIP","floor":19},{"not_picked":["Infernal Blade","Battle Trance","Bloodletting"],"picked":"SKIP","floor":24},{"not_picked":["Pommel Strike+1","Demonic Infusion"],"picked":"Headbutt","floor":30},{"not_picked":["StuffTheSpire:RagingBull","StuffTheSpire:RockThrow","Carnage"],"picked":"SKIP","floor":31},{"not_picked":["StuffTheSpire:RagingBull","StuffTheSpire:RockThrow","Carnage"],"picked":"SKIP","floor":31},{"not_picked":["StuffTheSpire:RagingBull+1","Battle Trance"],"picked":"Shockwave+1","floor":35},{"not_picked":["hubris:ReadiedAction","StuffTheSpire:Pyroclast","Berserk"],"picked":"SKIP","floor":40},{"not_picked":["Anger","Iron Wave+1","Uppercut"],"picked":"SKIP","floor":42},{"not_picked":["ReplayTheSpireMod:Corrosion Curse","Headbutt+1","Warcry"],"picked":"SKIP","floor":45},{"not_picked":["Warcry+1","Battle Trance","Hemokinesis+1"],"picked":"SKIP","floor":46},{"not_picked":["Shrug It Off","hubris:ReadiedAction","ReplayTheSpireMod:Stacked"],"picked":"SKIP","floor":47},{"not_picked":["Barricade","Sword Boomerang","Reckless Charge+1"],"picked":"SKIP","floor":48}],"player_experience":1064874,"relics_obtained":[{"floor":3,"key":"Replay:Bandana"},{"floor":6,"key":"Replay:WaspNest"},{"floor":8,"key":"infinitespire:Lucky Rock"},{"floor":9,"key":"MawBank"},{"floor":10,"key":"Oddly Smooth Stone"},{"floor":12,"key":"Potion Belt"},{"floor":19,"key":"wanderingMiniBosses:ThiefScarf"},{"floor":19,"key":"Burning Blood"},{"floor":19,"key":"Replay:WaspNest"},{"floor":24,"key":"aspiration:FetidBarrel"},{"floor":26,"key":"Juzu Bracelet"},{"floor":40,"key":"aspiration:Lifesprig"},{"floor":43,"key":"Letter Opener"},{"floor":46,"key":"conspire:Boomerang"},{"floor":48,"key":"aspiration:HatOfInfinitePower"}],"event_choices":[{"damage_healed":0,"gold_gain":0,"player_choice":"","damage_taken":6,"max_hp_gain":0,"max_hp_loss":0,"event_name":"Knowing Skull","floor":20,"potions_obtained":[],"gold_loss":0,"cards_obtained":[]},{"damage_healed":0,"gold_gain":0,"player_choice":"0 cards matched","damage_taken":0,"max_hp_gain":0,"max_hp_loss":0,"event_name":"Match and Keep!","floor":21,"gold_loss":0,"cards_obtained":[]},{"damage_healed":0,"gold_gain":0,"player_choice":"Bought 3 Potions","damage_taken":0,"max_hp_gain":0,"max_hp_loss":0,"event_name":"The Woman in Blue","floor":22,"gold_loss":0},{"damage_healed":0,"gold_gain":0,"player_choice":"Ignored","damage_taken":0,"max_hp_gain":0,"max_hp_loss":0,"event_name":"Tomb of Lord Red Mask","floor":37,"gold_loss":0}],"is_beta":false,"boss_relics":[{"not_picked":["Calling Bell","aspiration:RunicSpoon"],"picked":"SlaversCollar"},{"not_picked":["Astrolabe","Cursed Key"],"picked":"conspire:SlowCooker"}],"items_purged_floors":[2,36,38],"is_endless":false,"potions_floor_spawned":[4,5,6,12,14,16,30,31,33,45,47,48],"ascension_level":1}}