{"host":"6vv0uythevi5qk1w","time":1611812867,"event":{"mods":["Act Like it!","BaseMod","Downfall","Gensokyo","Minty Spire (QoL Compilation)","StSLib"],"gold_per_floor":[0,16,36,52,52,52,52,71,82,101,128,128,228,296,313,413,413,413,430,449,499,549,154,154,174,224,124,153,303,303,135,152,248,248,248,262,312,322,342,373,398,413,313,325,325,344,344,389,301,313,325,369,100,100,100,100],"floor_reached":57,"language":"ZHS","playtime":5782,"items_purged":["bronze:Replicate","bronze:InfiniteLoop","bronze:Allocate+1"],"score":1501,"play_id":"509cce1c-f452-45b6-8a53-2cf82cfe547a","local_time":"20210128134747","is_ascension_mode":true,"campfire_choices":[{"data":"bronze:Goto","floor":1.0,"key":"SMITH"},{"data":"bronze:Turbo","floor":12.0,"key":"SMITH"},{"floor":18.0,"key":"RECALL"},{"data":"bronze:Turbo","floor":27.0,"key":"SMITH"},{"data":"bronze:Allocate","floor":30.0,"key":"SMITH"},{"data":"bronze:Shell","floor":35,"key":"SMITH"},{"floor":43,"key":"DIG"},{"floor":45,"key":"DIG"},{"floor":47,"key":"DIG"},{"floor":49,"key":"DIG"},{"floor":54,"key":"DIG"}],"circlet_count":0,"master_deck":["bronze:DelayedGuard","bronze:Boost","bronze:Overload","bronze:MaxOutput","bronze:FineTuning","bronze:Turbo+1","bronze:ItsAFeature","bronze:Turbo+1","bronze:Verify","bronze:Shell+1","bronze:Safeguard","bronze:CloningBeam","bronze:Backtrace","bronze:Invalidate","bronze:ChildClass","bronze:Iterate","Creative AI+1","bronze:BronzeArmor","bronze:FindAndReplace"],"relics":["bronze:BronzeCore","Kunai","Odd Mushroom","downfall:CloakOfManyFaces","CultistMask","FaceOfCleric","NlothsMask","SsserpentHead","Pandora\u0027s Box","Gensokyo:FoxMask","bronze:Mallet","downfall:HeartBlessingRed","Turnip","Shovel","Bird Faced Urn","Centennial Puzzle","Thread and Needle","Busted Crown","CeramicFish","downfall:HeartBlessingBlue","Nunchaku","Slimebound:StickyStick","MawBank","Vajra","downfall:HeartBlessingGreen","Gremlin Horn","TungstenRod","Chemical X","Pantograph"],"acts_visited":["Exordium","Exordium","Gensokyo:Gensokyoer","TheEnding"],"potions_floor_usage":[40,56,56,56],"damage_taken":[{"damage":0.0,"enemies":"Cultist","floor":2.0,"turns":2.0},{"damage":2.0,"enemies":"2 Louse","floor":3.0,"turns":2.0},{"damage":0.0,"enemies":"Small Slimes","floor":4.0,"turns":3.0},{"damage":10.0,"enemies":"Exordium Thugs","floor":8.0,"turns":3.0},{"damage":0.0,"enemies":"Exordium Wildlife","floor":9.0,"turns":3.0},{"damage":9.0,"enemies":"2 Fungi Beasts","floor":10.0,"turns":2.0},{"damage":0.0,"enemies":"The Mushroom Lair","floor":11.0,"turns":4.0},{"damage":0.0,"enemies":"downfall:FaceTrader","floor":13.0,"turns":8.0},{"damage":0.0,"enemies":"Large Slime","floor":14.0,"turns":3.0},{"damage":0.0,"enemies":"3 Louse","floor":15.0,"turns":4.0},{"damage":9.0,"enemies":"DF_ARCHETYPE_STREAMLINE","floor":16.0,"turns":9.0},{"damage":0.0,"enemies":"Gensokyo:Chomper","floor":19.0,"turns":4.0},{"damage":0.0,"enemies":"Gensokyo:AngelMirror","floor":20.0,"turns":2.0},{"damage":0.0,"enemies":"downfall:FleeingMerchant","floor":23.0,"turns":4.0},{"damage":1.0,"enemies":"Gensokyo:Monolith_and_Dog","floor":25.0,"turns":3.0},{"damage":5.0,"enemies":"Gensokyo:Tenshi","floor":28.0,"turns":3.0},{"damage":2.0,"enemies":"Gensokyo:Tenshi","floor":29.0,"turns":6.0},{"damage":0.0,"enemies":"downfall:FleeingMerchant","floor":31.0,"turns":3.0},{"damage":0.0,"enemies":"Gensokyo:Swordslinger","floor":32.0,"turns":2.0},{"damage":0.0,"enemies":"IC_MUSHROOM_ARCHETYPE","floor":33.0,"turns":8.0},{"damage":0,"enemies":"Gensokyo:3_Bats","floor":36,"turns":3},{"damage":0,"enemies":"Gensokyo:3_Boulders","floor":38,"turns":6},{"damage":0,"enemies":"Gensokyo:AtlasGolem","floor":39,"turns":5},{"damage":14,"enemies":"Gensokyo:Marisa","floor":40,"turns":3},{"damage":10,"enemies":"Gensokyo:4_Bats","floor":42,"turns":4},{"damage":12,"enemies":"Gensokyo:3_Boulders","floor":44,"turns":6},{"damage":0,"enemies":"Gensokyo:AtlasGolem","floor":46,"turns":2},{"damage":0,"enemies":"Gensokyo:Doremy","floor":48,"turns":5},{"damage":13,"enemies":"SI_POISON_ARCHETYPE","floor":50,"turns":6},{"damage":3,"enemies":"downfall:CharBossMerchant","floor":52,"turns":8},{"damage":0,"enemies":"downfall:NeowBoss","floor":55,"turns":8},{"damage":23,"enemies":"downfall:NeowBossFinal","floor":56,"turns":6}],"seed_played":"1835914769530426489","potions_obtained":[{"floor":2.0,"key":"Swift Potion"},{"floor":6.0,"key":"Fruit Juice"},{"floor":6.0,"key":"EssenceOfSteel"},{"floor":6.0,"key":"CultistPotion"},{"floor":11.0,"key":"LiquidMemories"},{"floor":19.0,"key":"AttackPotion"},{"floor":32.0,"key":"DuplicationPotion"},{"floor":38,"key":"DuplicationPotion"},{"floor":44,"key":"Fire Potion"},{"floor":48,"key":"DistilledChaos"}],"is_trial":false,"path_per_floor":["R","M","M","M","?","?","T","M","M","M","?","R","?","M","M","B",null,"R","M","M","?","?","$","T","M","?","R","E","?","R","$","M","B",null,"R","M","?","M","M","E","T","M","R","M","R","M","R","E","R","B",null,"E","$","R","B","B",null],"character_chosen":"THE_AUTOMATON","items_purchased":["bronze:Mallet","Centennial Puzzle","Thread and Needle","Chemical X"],"campfire_rested":0,"item_purchase_floors":[23,31,31,53],"current_hp_per_floor":[70,70,68,68,68,73,73,63,63,54,54,54,54,55,56,48,78,78,79,80,80,80,81,81,81,81,81,77,76,76,85,86,87,87,87,88,88,89,90,85,85,86,96,103,103,104,104,105,105,105,106,107,107,107,108,90],"gold":100,"neow_bonus":"TRANSFORM_TWO_CARDS","is_daily":false,"chose_seed":false,"campfire_upgraded":5,"win_rate":0.0,"timestamp":1611812867,"path_taken":["R","M","M","M","?","?","T","M","?","M","?","R","?","?","M","BOSS","R","M","M","?","?","$","T","M","?","R","E","?","R","?","M","BOSS","R","M","?","M","M","E","T","M","R","M","R","M","R","E","R","BOSS","E","$","R","BOSS","BOSS"],"items_purchased_type":["Relic","Relic","Relic","Relic"],"build_version":"2020-12-22","purchased_purges":3,"victory":true,"max_hp_per_floor":[70,70,70,70,70,75,75,75,75,75,75,75,75,76,77,78,78,78,79,80,80,80,81,81,82,82,82,83,84,84,85,86,87,87,87,88,88,89,90,91,91,92,102,103,103,104,104,105,105,106,106,107,107,107,108,109],"card_choices":[{"not_picked":["bronze:WildBeam","bronze:FollowUp","bronze:BuggyMess"],"picked":"SKIP","floor":2.0},{"not_picked":["bronze:Deprecate","bronze:Constructor"],"picked":"bronze:Boost","floor":3.0},{"not_picked":["bronze:NullPointer","bronze:FollowUp"],"picked":"bronze:Overload","floor":4.0},{"not_picked":["bronze:ForceShield","bronze:DelayedSlice"],"picked":"bronze:MaxOutput","floor":8.0},{"not_picked":["bronze:ChosenStrike","bronze:Separator"],"picked":"bronze:FineTuning","floor":9.0},{"not_picked":["bronze:BuggyMess","bronze:Deprecate"],"picked":"bronze:Turbo","floor":10.0},{"not_picked":["bronze:FineTuning","bronze:DelayedSlice"],"picked":"bronze:ItsAFeature","floor":11.0},{"not_picked":["bronze:Frontload","bronze:WildBeam"],"picked":"bronze:Turbo","floor":14.0},{"not_picked":["bronze:BugBarrage","bronze:Turbo","bronze:OilSpill"],"picked":"SKIP","floor":15.0},{"not_picked":["bronze:InfiniteLoop","bronze:FindAndReplace"],"picked":"bronze:Verify","floor":16.0},{"not_picked":["bronze:Shield+1","bronze:Fortify"],"picked":"bronze:ChildClass","floor":19.0},{"not_picked":["bronze:CloningBeam","bronze:DelayedSlice","bronze:BuggyMess"],"picked":"SKIP","floor":20.0},{"not_picked":["bronze:ForLoop","bronze:Safeguard","bronze:Boost"],"picked":"SKIP","floor":23.0},{"not_picked":["bronze:DelayedSlice","bronze:ChildClass","bronze:Constructor+1"],"picked":"SKIP","floor":25.0},{"not_picked":["bronze:OilSpill","bronze:Mutator"],"picked":"bronze:BronzeArmor","floor":28.0},{"not_picked":["bronze:Deprecate","bronze:Frontload","bronze:Constructor"],"picked":"SKIP","floor":31.0},{"not_picked":["bronze:Constructor","bronze:OilSpill","bronze:DelayedSlice"],"picked":"SKIP","floor":32.0},{"not_picked":["bronze:HardenedForm","bronze:InfiniteLoop"],"picked":"bronze:FindAndReplace","floor":33.0},{"not_picked":["bronze:Refactor"],"picked":"SKIP","floor":36},{"not_picked":["bronze:Safeguard+1"],"picked":"SKIP","floor":38},{"not_picked":["bronze:Safeguard+1"],"picked":"SKIP","floor":38},{"not_picked":["bronze:Return"],"picked":"SKIP","floor":39},{"not_picked":["bronze:FollowUp"],"picked":"SKIP","floor":40},{"not_picked":["bronze:Overheat+1"],"picked":"SKIP","floor":42},{"not_picked":["bronze:WhirlingStrike+1"],"picked":"SKIP","floor":44},{"not_picked":["bronze:BronzeArmor+1"],"picked":"SKIP","floor":46},{"not_picked":["bronze:ForceShield+1"],"picked":"SKIP","floor":48},{"not_picked":["bronze:BuggyMess"],"picked":"SKIP","floor":52}],"player_experience":499351,"relics_obtained":[{"floor":7.0,"key":"Kunai"},{"floor":11.0,"key":"Odd Mushroom"},{"floor":13.0,"key":"downfall:CloakOfManyFaces"},{"floor":28.0,"key":"Turnip"},{"floor":29.0,"key":"Shovel"},{"floor":29.0,"key":"Bird Faced Urn"},{"floor":40,"key":"CeramicFish"},{"floor":43,"key":"Nunchaku"},{"floor":45,"key":"Slimebound:StickyStick"},{"floor":47,"key":"MawBank"},{"floor":48,"key":"Vajra"},{"floor":49,"key":"Gremlin Horn"},{"floor":52,"key":"TungstenRod"},{"floor":54,"key":"Pantograph"}],"event_choices":[{"damage_healed":0.0,"max_hp_gain":0.0,"max_hp_loss":0.0,"gold_gain":0.0,"event_name":"Lab","player_choice":"Got Potions","floor":6.0,"gold_loss":0.0,"damage_taken":0.0},{"damage_healed":0.0,"max_hp_gain":0.0,"max_hp_loss":0.0,"gold_gain":0.0,"event_name":"Mushrooms","player_choice":"Fought Mushrooms","floor":11.0,"gold_loss":0.0,"damage_taken":0.0}],"is_beta":false,"boss_relics":[{"not_picked":["bronze:MakeshiftBattery","Sozu"],"picked":"Pandora\u0027s Box"},{"not_picked":["Empty Cage","Calling Bell"],"picked":"Busted Crown"}],"items_purged_floors":[23,31,53],"is_endless":false,"potions_floor_spawned":[2,8,11,13,14,19,20,32,33,38,39,44,48,52],"ascension_level":1}}