{"host":"fvux6yoihym3ucic","time":1611803363,"event":{"mods":["BaseMod","Curses Come First","Downfall","Energized Spire","Hermit","Infinite Spire","Minty Spire (QoL Compilation)","Rare Cards Sparkle","Replay The Spire","Spire Arcade","StSLib","The Cursed"],"gold_per_floor":[10,10,20,20,20,20,53,53,78,89,89,102,27,39,39,39,39],"floor_reached":16,"language":"ENG","playtime":486,"items_purged":["Strike_R"],"score":125,"play_id":"9ebfed35-30f6-452f-b3bd-c06a6a1d40b9","local_time":"20210127220923","is_ascension_mode":false,"campfire_choices":[{"data":"Feed","floor":6,"key":"SMITH"},{"floor":8,"key":"REST"},{"floor":11,"key":"RECALL"},{"data":"Bash","floor":15,"key":"SMITH"}],"circlet_count":0,"master_deck":["Strike_R","Strike_R","Strike_R","Defend_R","Defend_R","Defend_R","Bash+1","Feed+1"],"relics":["Burning Blood","Self Forming Clay","PreservedInsect"],"acts_visited":["Exordium"],"potions_floor_usage":[7,16,16],"damage_taken":[{"damage":12,"enemies":"Small Slimes","floor":1,"turns":4},{"damage":0,"enemies":"2 Louse","floor":3,"turns":2},{"damage":35,"enemies":"3 Sentries","floor":7,"turns":7},{"damage":6,"enemies":"Cultist","floor":10,"turns":3},{"damage":14,"enemies":"Blue Slaver","floor":12,"turns":5},{"damage":20,"enemies":"Exordium Thugs","floor":14,"turns":4},{"damage":89,"enemies":"Fading Forest","floor":16,"turns":10}],"seed_played":"940354622143365316","potions_obtained":[{"floor":1,"key":"Explosive Potion"},{"floor":3,"key":"ColorlessPotion"},{"floor":12,"key":"LiquidMemories"}],"is_trial":false,"path_per_floor":["M","?","M","?","?","R","E","R","T","M","R","M","$","M","R","B"],"character_chosen":"IRONCLAD","items_purchased":[],"campfire_rested":1,"item_purchase_floors":[],"current_hp_per_floor":[77,77,86,86,86,86,61,88,88,92,92,88,88,78,78,0,0],"gold":39,"neow_bonus":"THREE_RARE_CARDS","is_daily":false,"chose_seed":false,"campfire_upgraded":2,"win_rate":0.0,"timestamp":1611803363,"path_taken":["M","?","M","?","?","R","E","R","T","M","R","M","?","?","R","BOSS"],"items_purchased_type":[],"build_version":"2020-12-22","purchased_purges":1,"victory":false,"max_hp_per_floor":[83,83,86,86,86,86,90,90,90,94,94,98,98,102,102,102,102],"card_choices":[{"not_picked":["Double Tap","Fiend Fire"],"picked":"Feed","floor":0},{"not_picked":["ReplayTheSpireMod:Stacked","Clash","ReplayTheSpireMod:Muscle Training"],"picked":"SKIP","floor":1},{"not_picked":["Perfected Strike","Disarm","Whirlwind"],"picked":"SKIP","floor":3},{"not_picked":["Warcry","Intimidate","Spot Weakness"],"picked":"SKIP","floor":7},{"not_picked":["Ghostly Armor","Clash","Run Through"],"picked":"SKIP","floor":10},{"not_picked":["Clothesline","Cleave","Body Slam"],"picked":"SKIP","floor":12},{"not_picked":["Warcry","Combust","Shrug It Off"],"picked":"SKIP","floor":14}],"player_experience":31917,"relics_obtained":[{"floor":7,"key":"Self Forming Clay"},{"floor":9,"key":"PreservedInsect"}],"event_choices":[],"is_beta":false,"boss_relics":[],"items_purged_floors":[13],"is_endless":false,"potions_floor_spawned":[1,3,12],"killed_by":"Fading Forest","ascension_level":0}}