{"host":"qxeepl7ydvsgmfdb","time":1611848631,"event":{"mods":["AchievementEnabler","BaseMod","Colored Powertips","Minty Spire (QoL Compilation)","Quick Restart","slay the spire mod where everything is the same but ironclad has a cowboy hat"],"gold_per_floor":[119,166,18,34,44,44,44,44,69,144,144,163,163,173,173,276,276,294,294,294,144,144,144,164,11,38,70,70,70,70,89,89,193,193,213,262,15,15,15,15,26,55,55,55,330,330,380,398,398,398,398],"floor_reached":50,"language":"ENG","playtime":1299,"items_purged":["Writhe"],"score":524,"play_id":"562b8fe7-b1cf-4bd1-a9d4-49bce4d0ff35","local_time":"20210128104351","is_ascension_mode":false,"campfire_choices":[{"floor":8.0,"key":"RECALL"},{"data":"Blade Dance","floor":11.0,"key":"SMITH"},{"data":"Cloak And Dagger","floor":13.0,"key":"SMITH"},{"data":"Backstab","floor":15.0,"key":"SMITH"},{"data":"Accuracy","floor":23.0,"key":"SMITH"},{"data":"Finisher","floor":30.0,"key":"SMITH"},{"data":"Die Die Die","floor":32.0,"key":"SMITH"},{"floor":40,"key":"REST"},{"floor":49,"key":"REST"}],"circlet_count":0,"master_deck":["Strike_G","Strike_G","Strike_G","Strike_G","Strike_G","Defend_G","Defend_G","Defend_G","Defend_G","Survivor","Neutralize","Blade Dance+1","Cloak And Dagger","Cloak And Dagger+1","Backstab+1","Die Die Die+1","All Out Attack","Accuracy+1","Finisher+1","Backstab","Poisoned Stab","Regret"],"relics":["Ring of the Snake","NeowsBlessing","Ancient Tea Set","Toy Ornithopter","Pen Nib","Regal Pillow","Black Star","Singing Bowl","PrismaticShard","Bronze Scales","Juzu Bracelet","Bottled Tornado","HoveringKite","Dead Branch","Kunai","Snake Skull","Bag of Marbles","Calipers"],"acts_visited":["Exordium","TheCity","TheBeyond"],"potions_floor_usage":[38,42,50],"damage_taken":[{"damage":0.0,"enemies":"Cultist","floor":1.0,"turns":1.0},{"damage":0.0,"enemies":"2 Louse","floor":4.0,"turns":1.0},{"damage":0.0,"enemies":"Small Slimes","floor":5.0,"turns":1.0},{"damage":0.0,"enemies":"2 Fungi Beasts","floor":12.0,"turns":2.0},{"damage":3.0,"enemies":"Large Slime","floor":14.0,"turns":4.0},{"damage":41.0,"enemies":"The Guardian","floor":16.0,"turns":22.0},{"damage":5.0,"enemies":"Shell Parasite","floor":18.0,"turns":5.0},{"damage":0.0,"enemies":"Chosen","floor":24.0,"turns":3.0},{"damage":9.0,"enemies":"Book of Stabbing","floor":27.0,"turns":3.0},{"damage":11.0,"enemies":"Snake Plant","floor":31.0,"turns":2.0},{"damage":47.0,"enemies":"Collector","floor":33.0,"turns":7.0},{"damage":17.0,"enemies":"3 Shapes","floor":35.0,"turns":3.0},{"damage":47.0,"enemies":"2 Orb Walkers","floor":36.0,"turns":4.0},{"damage":0,"enemies":"3 Darklings","floor":38,"turns":1},{"damage":1,"enemies":"4 Shapes","floor":41,"turns":3},{"damage":23,"enemies":"Reptomancer","floor":42,"turns":4},{"damage":0,"enemies":"Mind Bloom Boss Battle","floor":47,"turns":2},{"damage":30,"enemies":"Maw","floor":48,"turns":5},{"damage":69,"enemies":"Time Eater","floor":50,"turns":5}],"seed_played":"7520184037633997470","potions_obtained":[{"floor":14.0,"key":"Regen Potion"},{"floor":16.0,"key":"LiquidBronze"},{"floor":22.0,"key":"CunningPotion"},{"floor":22.0,"key":"SmokeBomb"},{"floor":22.0,"key":"Strength Potion"},{"floor":27.0,"key":"Explosive Potion"},{"floor":31.0,"key":"PowerPotion"},{"floor":35.0,"key":"BlessingOfTheForge"},{"floor":36.0,"key":"Energy Potion"},{"floor":48,"key":"PowerPotion"}],"is_trial":false,"path_per_floor":["M","T","$","M","M","T","$","R","T","?","R","M","R","M","R","B",null,"M","?","?","$","?","R","M","$","T","E","?","?","R","M","R","B",null,"M","?","$","M","?","R","M","E","T","$","?","?","?","M","R","B"],"character_chosen":"THE_SILENT","items_purchased":["Toy Ornithopter","Accuracy","PrismaticShard","Kunai"],"campfire_rested":2,"item_purchase_floors":[3,21,25,37],"current_hp_per_floor":[70,70,70,70,70,70,70,70,70,59,59,59,59,56,56,15,70,65,65,65,65,65,65,65,65,65,68,68,68,68,59,59,24,76,59,19,19,24,24,62,63,47,47,47,47,47,49,21,61,0,0],"gold":398,"neow_bonus":"THREE_ENEMY_KILL","is_daily":false,"chose_seed":false,"campfire_upgraded":6,"win_rate":0.0,"timestamp":1611848631,"path_taken":["M","?","?","M","?","?","$","R","T","?","R","M","R","M","R","BOSS","M","?","?","$","?","R","M","$","T","E","?","?","R","M","R","BOSS","M","?","$","M","?","R","M","E","T","$","?","?","?","M","R","BOSS"],"items_purchased_type":["Relic","Card","Relic","Relic"],"build_version":"2020-12-22","purchased_purges":1,"victory":false,"max_hp_per_floor":[70,70,70,70,70,70,70,70,70,70,70,70,70,70,70,70,70,70,70,70,70,70,70,70,70,70,72,72,72,72,74,74,76,76,76,78,78,78,78,78,80,82,82,82,82,82,84,86,86,86,86],"card_choices":[{"not_picked":["Bane","Catalyst"],"picked":"Blade Dance","floor":1.0},{"not_picked":["Calculated Gamble","Slice"],"picked":"Cloak And Dagger","floor":4.0},{"not_picked":["Deflect","Eviscerate"],"picked":"Cloak And Dagger","floor":5.0},{"not_picked":["Setup","Prepared","Concentrate"],"picked":"SKIP","floor":12.0},{"not_picked":["Dash","Deadly Poison"],"picked":"Backstab","floor":14.0},{"not_picked":["Malaise","Corpse Explosion"],"picked":"Die Die Die","floor":16.0},{"not_picked":["Quick Slash","Catalyst+1"],"picked":"All Out Attack","floor":18.0},{"not_picked":["Cloak And Dagger+1","Sucker Punch"],"picked":"Finisher","floor":24.0},{"not_picked":["CrushJoints+1","Blur","Deep Breath"],"picked":"Singing Bowl","floor":27.0},{"not_picked":["Vengeance+1","Acrobatics","Crescendo+1"],"picked":"Singing Bowl","floor":31.0},{"not_picked":["DevaForm","Brilliance","Multi-Cast"],"picked":"Singing Bowl","floor":33.0},{"not_picked":["Sucker Punch+1","Tempest+1"],"picked":"Poisoned Stab","floor":35.0},{"not_picked":["Clash","Weave","Capacitor+1"],"picked":"Singing Bowl","floor":36.0},{"not_picked":["Cleave","Havoc+1","Thunderclap+1"],"picked":"Singing Bowl","floor":41},{"not_picked":["Sweeping Beam","Pommel Strike+1","Steam Power+1"],"picked":"Singing Bowl","floor":42},{"not_picked":["Discovery","Uppercut","EmptyBody"],"picked":"Singing Bowl","floor":47},{"not_picked":["Wild Strike","Coolheaded","Dodge and Roll"],"picked":"Singing Bowl","floor":48}],"player_experience":247929,"relics_obtained":[{"floor":2.0,"key":"Ancient Tea Set"},{"floor":6.0,"key":"Pen Nib"},{"floor":9.0,"key":"Regal Pillow"},{"floor":26.0,"key":"Bronze Scales"},{"floor":27.0,"key":"Juzu Bracelet"},{"floor":27.0,"key":"Bottled Tornado"},{"floor":36.0,"key":"Dead Branch"},{"floor":42,"key":"Snake Skull"},{"floor":42,"key":"Bag of Marbles"},{"floor":47,"key":"Calipers"}],"event_choices":[{"damage_healed":0.0,"max_hp_gain":0.0,"max_hp_loss":0.0,"gold_gain":75.0,"event_name":"World of Goop","player_choice":"Gather Gold","floor":10.0,"gold_loss":0.0,"damage_taken":11.0},{"damage_healed":0.0,"max_hp_gain":0.0,"max_hp_loss":0.0,"gold_gain":0.0,"event_name":"The Mausoleum","player_choice":"Opened","floor":19.0,"gold_loss":0.0,"damage_taken":0.0,"relics_obtained":["Singing Bowl"],"cards_obtained":["Writhe"]},{"damage_healed":0.0,"max_hp_gain":0.0,"max_hp_loss":0.0,"gold_gain":0.0,"event_name":"Vampires","player_choice":"Ignored","floor":20.0,"gold_loss":0.0,"damage_taken":0.0},{"damage_healed":0.0,"max_hp_gain":0.0,"max_hp_loss":0.0,"gold_gain":0.0,"event_name":"Lab","player_choice":"Got Potions","floor":22.0,"gold_loss":0.0,"damage_taken":0.0},{"damage_healed":0.0,"max_hp_gain":0.0,"max_hp_loss":0.0,"gold_gain":0.0,"event_name":"The Library","player_choice":"Read","floor":28.0,"gold_loss":0.0,"damage_taken":0.0,"cards_obtained":["Backstab"]},{"cards_removed":["Defend_G"],"damage_healed":0.0,"max_hp_gain":0.0,"max_hp_loss":0.0,"gold_gain":0.0,"event_name":"Back to Basics","player_choice":"Elegance","floor":29.0,"gold_loss":0.0,"damage_taken":0.0},{"damage_healed":0.0,"max_hp_gain":0.0,"max_hp_loss":0.0,"gold_gain":0.0,"event_name":"Mysterious Sphere","player_choice":"Fight","floor":36.0,"gold_loss":0.0,"damage_taken":0.0},{"damage_healed":0,"gold_gain":0,"player_choice":"Ignored","damage_taken":0,"max_hp_gain":0,"max_hp_loss":0,"event_name":"The Moai Head","floor":39,"gold_loss":0},{"damage_healed":0,"gold_gain":275,"player_choice":"Desecrate","damage_taken":0,"max_hp_gain":0,"max_hp_loss":0,"event_name":"Golden Shrine","floor":45,"gold_loss":0,"cards_obtained":["Regret"]},{"damage_healed":0,"gold_gain":0,"player_choice":"Ignored","damage_taken":0,"max_hp_gain":0,"max_hp_loss":0,"event_name":"Tomb of Lord Red Mask","floor":46,"gold_loss":0},{"damage_healed":0,"gold_gain":0,"player_choice":"Fight","damage_taken":0,"max_hp_gain":0,"max_hp_loss":0,"event_name":"MindBloom","floor":47,"gold_loss":0}],"is_beta":false,"boss_relics":[{"not_picked":["Ectoplasm","Fusion Hammer"],"picked":"Black Star"},{"not_picked":["Runic Pyramid","Astrolabe"],"picked":"HoveringKite"}],"items_purged_floors":[21],"is_endless":false,"potions_floor_spawned":[14,16,27,31,35,36,48],"killed_by":"Time Eater","ascension_level":0}}