{"host":"9l1knhxfturzliqa","time":1611832053,"event":{"mods":["BaseMod","Colored Map","Colored Powertips","DeckTracker","Highlight Path","Keyboard Shortcuts","Minty Spire (QoL Compilation)","Random Character Button"],"gold_per_floor":[118,68,85,10,185,196,96,121,121,121,146,146,161,174,174,279,279,299,314,330,138,63,63,82,82,155,155,175,175,201,215,215,314,314,328,340,340,355,53,87,87,116,139,139,170,186,202,216,216,216],"floor_reached":51,"language":"KOR","playtime":2993,"items_purged":["Defend_P","Doubt","Strike_P","Strike_P"],"score":1143,"play_id":"2231a1ff-c39b-478a-81e3-3ef33ba52806","local_time":"20210128200733","is_ascension_mode":true,"campfire_choices":[{"data":"Eruption","floor":10.0,"key":"SMITH"},{"data":"Vault","floor":12.0,"key":"SMITH"},{"data":"Halt","floor":15.0,"key":"SMITH"},{"data":"Crescendo","floor":23.0,"key":"SMITH"},{"data":"Ragnarok","floor":27.0,"key":"SMITH"},{"data":"Fasting2","floor":29.0,"key":"SMITH"},{"data":"MentalFortress","floor":32.0,"key":"SMITH"},{"data":"Scrawl","floor":41.0,"key":"SMITH"},{"data":"Tantrum","floor":44.0,"key":"SMITH"},{"data":"Omniscience","floor":49,"key":"SMITH"}],"circlet_count":0,"master_deck":["Defend_P","Eruption+1","Vigilance","BowlingBash","Indignation","Vault+1","EmptyFist","Halt+1","Ragnarok+1","MentalFortress+1","FlurryOfBlows+1","CrushJoints+1","Crescendo+1","Tantrum+1","Vault+1","Fasting2+1","Scrawl+1","TalkToTheHand","Omniscience+1"],"relics":["PureWater","Prayer Wheel","Pear","Pen Nib","VioletLotus","Sundial","Blue Candle","Coffee Dripper","ClockworkSouvenir","Pantograph","Anchor","Dream Catcher","Bottled Lightning"],"acts_visited":["TheCity","TheBeyond"],"potions_floor_usage":[45,46,46,50],"damage_taken":[{"damage":2.0,"enemies":"Jaw Worm","floor":1.0,"turns":4.0},{"damage":0.0,"enemies":"Small Slimes","floor":3.0,"turns":3.0},{"damage":0.0,"enemies":"2 Louse","floor":6.0,"turns":1.0},{"damage":2.0,"enemies":"3 Sentries","floor":8.0,"turns":4.0},{"damage":27.0,"enemies":"Lagavulin","floor":11.0,"turns":6.0},{"damage":0.0,"enemies":"Large Slime","floor":13.0,"turns":3.0},{"damage":0.0,"enemies":"Gremlin Gang","floor":14.0,"turns":3.0},{"damage":12.0,"enemies":"The Guardian","floor":16.0,"turns":9.0},{"damage":0.0,"enemies":"3 Byrds","floor":18.0,"turns":4.0},{"damage":8.0,"enemies":"Shell Parasite","floor":19.0,"turns":3.0},{"damage":0.0,"enemies":"Centurion and Healer","floor":20.0,"turns":2.0},{"damage":0.0,"enemies":"Snake Plant","floor":24.0,"turns":3.0},{"damage":4.0,"enemies":"Chosen and Byrds","floor":28.0,"turns":3.0},{"damage":0.0,"enemies":"Gremlin Leader","floor":30.0,"turns":4.0},{"damage":7.0,"enemies":"Cultist and Chosen","floor":31.0,"turns":3.0},{"damage":0.0,"enemies":"Champ","floor":33.0,"turns":5.0},{"damage":0.0,"enemies":"Orb Walker","floor":35.0,"turns":2.0},{"damage":0.0,"enemies":"3 Darklings","floor":36.0,"turns":3.0},{"damage":0.0,"enemies":"Jaw Worm Horde","floor":38.0,"turns":4.0},{"damage":0.0,"enemies":"Giant Head","floor":40.0,"turns":3.0},{"damage":0.0,"enemies":"Reptomancer","floor":42.0,"turns":2.0},{"damage":0,"enemies":"Nemesis","floor":45,"turns":3},{"damage":0,"enemies":"Writhing Mass","floor":46,"turns":3},{"damage":0,"enemies":"Sphere and 2 Shapes","floor":47,"turns":5},{"damage":0,"enemies":"Maw","floor":48,"turns":2},{"damage":1,"enemies":"Awakened One","floor":50,"turns":6}],"seed_played":"8074522798737261563","potions_obtained":[{"floor":1.0,"key":"BottledMiracle"},{"floor":3.0,"key":"DistilledChaos"},{"floor":11.0,"key":"Dexterity Potion"},{"floor":16.0,"key":"Energy Potion"},{"floor":18.0,"key":"EssenceOfSteel"},{"floor":24.0,"key":"LiquidBronze"},{"floor":31.0,"key":"SpeedPotion"},{"floor":35.0,"key":"EntropicBrew"},{"floor":36.0,"key":"Swift Potion"}],"is_trial":false,"path_per_floor":["M","?","M","$","?","M","$","E","T","R","E","R","M","M","R","B",null,"M","M","M","$","?","R","M","?","T","R","M","R","E","M","R","B",null,"M","M","?","M","$","E","R","E","T","R","E","M","M","M","R","B",null],"character_chosen":"WATCHER","items_purchased":["Tantrum","ClockworkSouvenir"],"campfire_rested":0,"item_purchase_floors":[21,39],"current_hp_per_floor":[49,49,49,49,49,49,49,47,57,57,30,30,30,30,30,18,66,66,58,58,58,58,58,58,58,58,58,54,54,54,47,47,47,73,73,73,73,73,73,73,73,73,73,73,73,73,73,73,73,81],"gold":216,"neow_bonus":"REMOVE_TWO","is_daily":false,"chose_seed":false,"campfire_upgraded":10,"win_rate":0.0,"timestamp":1611832053,"path_taken":["M","?","M","?","?","M","$","E","T","R","E","R","?","M","R","BOSS","M","M","M","$","?","R","M","?","T","R","M","R","E","M","R","BOSS","M","?","?","?","?","E","R","E","T","R","E","M","M","M","R","BOSS"],"items_purchased_type":["Card","Relic"],"build_version":"2020-12-22","purchased_purges":4,"victory":true,"max_hp_per_floor":[72,72,72,72,72,72,72,72,82,82,82,82,82,82,82,82,82,82,82,82,82,82,82,82,82,82,82,82,82,82,82,82,82,82,82,82,82,82,82,82,82,82,82,82,82,82,82,82,82,82],"card_choices":[{"not_picked":["WreathOfFlame","Wallop"],"picked":"BowlingBash","floor":1.0},{"not_picked":["Consecrate","SandsOfTime","Crescendo"],"picked":"SKIP","floor":3.0},{"not_picked":["FollowUp","ClearTheMind","FlyingSleeves"],"picked":"SKIP","floor":6.0},{"not_picked":["WindmillStrike","Conclude"],"picked":"Indignation","floor":8.0},{"not_picked":["BowlingBash","Halt"],"picked":"Vault","floor":11.0},{"not_picked":["WheelKick","FollowUp"],"picked":"EmptyFist","floor":13.0},{"not_picked":["Evaluate","WheelKick","Swivel"],"picked":"SKIP","floor":13.0},{"not_picked":["SandsOfTime","ForeignInfluence"],"picked":"Halt","floor":14.0},{"not_picked":["SashWhip","Perseverance","SignatureMove"],"picked":"SKIP","floor":14.0},{"not_picked":["DevaForm","Establishment"],"picked":"Ragnarok","floor":16.0},{"not_picked":["EmptyBody","InnerPeace"],"picked":"MentalFortress","floor":18.0},{"not_picked":["Protect","Evaluate","FlyingSleeves"],"picked":"SKIP","floor":18.0},{"not_picked":["WreathOfFlame","PathToVictory+1"],"picked":"FlurryOfBlows+1","floor":19.0},{"not_picked":["FlyingSleeves","SpiritShield","SignatureMove"],"picked":"SKIP","floor":19.0},{"not_picked":["Consecrate+1","JustLucky"],"picked":"CrushJoints+1","floor":20.0},{"not_picked":["Evaluate","WindmillStrike"],"picked":"Crescendo","floor":20.0},{"not_picked":["MentalFortress","EmptyFist","Sanctity"],"picked":"SKIP","floor":24.0},{"not_picked":["Weave","Prostrate","PathToVictory+1"],"picked":"SKIP","floor":24.0},{"not_picked":["MentalFortress","EmptyFist","Sanctity"],"picked":"SKIP","floor":24.0},{"not_picked":["Weave","Prostrate","PathToVictory+1"],"picked":"SKIP","floor":24.0},{"not_picked":["LikeWater","SashWhip"],"picked":"Fasting2","floor":28.0},{"not_picked":["DeusExMachina","Evaluate+1","Nirvana"],"picked":"SKIP","floor":28.0},{"not_picked":["Prostrate","Swivel","Pray+1"],"picked":"SKIP","floor":30.0},{"not_picked":["Indignation+1","Pray","SashWhip"],"picked":"SKIP","floor":31.0},{"not_picked":["Protect+1","FlyingSleeves","Ragnarok"],"picked":"SKIP","floor":31.0},{"not_picked":["SpiritShield","Ragnarok"],"picked":"Scrawl","floor":33.0},{"not_picked":["PathToVictory","EmptyBody+1","Protect+1"],"picked":"SKIP","floor":35.0},{"not_picked":["Tantrum","FollowUp","PathToVictory"],"picked":"SKIP","floor":35.0},{"not_picked":["Consecrate","FlurryOfBlows","Perseverance"],"picked":"SKIP","floor":36.0},{"not_picked":["BattleHymn+1","EmptyMind","Sanctity+1"],"picked":"SKIP","floor":36.0},{"not_picked":["Consecrate","SandsOfTime","Protect+1"],"picked":"SKIP","floor":38.0},{"not_picked":["ReachHeaven","BowlingBash","Halt+1"],"picked":"SKIP","floor":38.0},{"not_picked":["WheelKick+1","Wireheading+1","EmptyFist"],"picked":"SKIP","floor":40.0},{"not_picked":["EmptyBody+1","BowlingBash+1","CrushJoints"],"picked":"SKIP","floor":42.0},{"not_picked":["Worship","Crescendo+1","Collect+1"],"picked":"SKIP","floor":45},{"not_picked":["SignatureMove+1","CrushJoints+1"],"picked":"TalkToTheHand","floor":46},{"not_picked":["FollowUp","PathToVictory+1","MentalFortress+1"],"picked":"SKIP","floor":46},{"not_picked":["BowlingBash","JustLucky+1"],"picked":"Omniscience","floor":47},{"not_picked":["Prostrate","FollowUp+1","Consecrate+1"],"picked":"SKIP","floor":47},{"not_picked":["Prostrate","CutThroughFate","ThirdEye+1"],"picked":"SKIP","floor":48},{"not_picked":["JustLucky","WheelKick","WindmillStrike+1"],"picked":"SKIP","floor":48}],"player_experience":532194,"relics_obtained":[{"floor":8.0,"key":"Prayer Wheel"},{"floor":9.0,"key":"Pear"},{"floor":11.0,"key":"Pen Nib"},{"floor":26.0,"key":"Sundial"},{"floor":30.0,"key":"Blue Candle"},{"floor":40.0,"key":"Pantograph"},{"floor":42.0,"key":"Anchor"},{"floor":43.0,"key":"Dream Catcher"},{"floor":45,"key":"Bottled Lightning"}],"event_choices":[{"cards_removed":["Strike_P"],"damage_healed":0.0,"max_hp_gain":0.0,"max_hp_loss":0.0,"gold_gain":0.0,"event_name":"The Cleric","player_choice":"Card Removal","floor":2.0,"gold_loss":50.0,"damage_taken":0.0},{"damage_healed":0.0,"max_hp_gain":0.0,"max_hp_loss":0.0,"gold_gain":175.0,"event_name":"Liars Game","player_choice":"AGREE","floor":5.0,"gold_loss":0.0,"damage_taken":0.0,"cards_obtained":["Doubt"]},{"cards_removed":["Defend_P"],"damage_healed":0.0,"max_hp_gain":0.0,"max_hp_loss":0.0,"gold_gain":0.0,"event_name":"Beggar","player_choice":"Gave Gold","floor":22.0,"gold_loss":75.0,"damage_taken":0.0},{"damage_healed":0.0,"max_hp_gain":0.0,"max_hp_loss":0.0,"gold_gain":0.0,"event_name":"Duplicator","player_choice":"Copied","floor":25.0,"gold_loss":0.0,"damage_taken":0.0,"cards_obtained":["Vault"]},{"damage_healed":0.0,"max_hp_gain":0.0,"max_hp_loss":0.0,"gold_gain":0.0,"event_name":"The Woman in Blue","player_choice":"Bought 0 Potions","floor":37.0,"gold_loss":0.0,"damage_taken":0.0}],"is_beta":false,"boss_relics":[{"not_picked":["Snecko Eye","Empty Cage"],"picked":"VioletLotus"},{"not_picked":["Runic Pyramid","Sozu"],"picked":"Coffee Dripper"}],"items_purged_floors":[4,7,21,39],"is_endless":false,"potions_floor_spawned":[1,3,11,16,18,24,31,35,36,40,42],"ascension_level":5}}