{"host":"4jkyggjfmxcpengt","time":1611813361,"event":{"mods":["AchievementEnabler","BaseMod","Better Note","Block Reminder","Colored Powertips","Fiend Mod","Hermit","Minty Spire (QoL Compilation)","Quick Restart","Replay The Spire","SacredBarkPlus","StSLib","The Animator","Transform Curses","Unceasing Turn Reminder"],"gold_per_floor":[115,135,135,135,135,135,170,196,241,196,210,229,11,30,30,128,128,148,162,181,196,136,136,59,59,59],"floor_reached":25,"language":"SPA","playtime":1133,"items_purged":[],"score":315,"play_id":"9d3237bc-d7d6-465a-8f17-e6f0399bc786","local_time":"20210128065601","is_ascension_mode":true,"campfire_choices":[{"floor":6,"key":"REST"},{"floor":15,"key":"REST"},{"floor":23,"key":"REST"}],"circlet_count":0,"master_deck":["AscendersBane","Strike_B","Strike_B","Strike_B","Defend_B","Defend_B","Defend_B","Defend_B","Zap+1","Dualcast","ReplayGash","Skim","ReplayTheSpireMod:Calculation Training+1","Coolheaded+1","Stack+1","Electrodynamics","Double Energy+1","White Noise+1","Creative AI","Turbo+1","Steam+1","Ball Lightning+1","Barrage","BootSequence+1"],"relics":["Cracked Core","Toxic Egg 2","Mirror","Odd Mushroom","Replay:Antivirus Software","Replay:Frozen Program","ChewingGum"],"acts_visited":["Exordium","TheCity"],"potions_floor_usage":[12,20],"damage_taken":[{"damage":20,"enemies":"Small Slimes","floor":1,"turns":4},{"damage":12,"enemies":"2 Louse","floor":2,"turns":3},{"damage":25,"enemies":"Lagavulin","floor":7,"turns":7},{"damage":16,"enemies":"The Mushroom Lair","floor":8,"turns":3},{"damage":5,"enemies":"Jaw Worm","floor":11,"turns":4},{"damage":3,"enemies":"3 Louse","floor":12,"turns":3},{"damage":1,"enemies":"Looter","floor":14,"turns":4},{"damage":20,"enemies":"Slime Boss","floor":16,"turns":8},{"damage":22,"enemies":"Chosen","floor":18,"turns":5},{"damage":23,"enemies":"Shell Parasite","floor":19,"turns":7},{"damage":6,"enemies":"Snake Plant","floor":20,"turns":3},{"damage":0,"enemies":"3 Cultists","floor":21,"turns":3},{"damage":36,"enemies":"Cultist and Chosen","floor":25,"turns":5}],"seed_played":"4842737831466137599","potions_obtained":[{"floor":7,"key":"Venom Potion"},{"floor":11,"key":"SkillPotion"},{"floor":12,"key":"Reflective Coating"},{"floor":21,"key":"Doom Potion"}],"is_trial":false,"path_per_floor":["M","M","?","?","T","R","E","?","T","?","M","M","$","M","R","B",null,"M","M","M","M","?","R","$","M"],"character_chosen":"DEFECT","items_purchased":["Double Energy+1","Replay:Frozen Program","BootSequence+1"],"campfire_rested":3,"item_purchase_floors":[13,13,24],"current_hp_per_floor":[48,36,36,29,29,51,26,10,10,10,5,2,2,1,23,3,57,35,12,6,6,6,28,28,0,0],"gold":59,"neow_bonus":"UPGRADE_CARD","is_daily":false,"chose_seed":false,"campfire_upgraded":0,"win_rate":0.0,"timestamp":1611813361,"path_taken":["M","M","?","?","?","R","E","?","T","?","?","M","$","?","R","BOSS","M","?","M","M","?","R","$","M"],"items_purchased_type":["Card","Relic","Card"],"build_version":"2020-12-22","purchased_purges":0,"victory":false,"max_hp_per_floor":[75,75,75,75,75,75,75,75,75,75,75,75,75,75,75,75,75,75,75,75,75,75,75,75,75,75],"card_choices":[{"not_picked":["Ball Lightning","Hologram"],"picked":"ReplayGash","floor":1},{"not_picked":["Reprogram","BasicCrystalCard"],"picked":"Skim","floor":2},{"not_picked":["Blizzard","Beam Cell"],"picked":"ReplayTheSpireMod:Calculation Training+1","floor":7},{"not_picked":["Barrage","Panic Button+1"],"picked":"Coolheaded+1","floor":8},{"not_picked":["ReplaySolidLightProjector+1","Streamline"],"picked":"Stack+1","floor":11},{"not_picked":["Sweeping Beam","Gash"],"picked":"Electrodynamics","floor":12},{"not_picked":["Streamline","Genetic Algorithm+1"],"picked":"White Noise+1","floor":14},{"not_picked":["Rainbow+1","Mirror Shield+1"],"picked":"Creative AI","floor":16},{"not_picked":["Leap+1","ReplayTheSpireMod:Reroute Power+1"],"picked":"Turbo+1","floor":18},{"not_picked":["Stack+1","Heatsinks"],"picked":"Steam+1","floor":19},{"not_picked":["Leap+1","Barrage"],"picked":"Ball Lightning+1","floor":20},{"not_picked":["Blizzard","Scrape"],"picked":"Barrage","floor":21}],"player_experience":1022874,"relics_obtained":[{"floor":5,"key":"Toxic Egg 2"},{"floor":7,"key":"Mirror"},{"floor":8,"key":"Odd Mushroom"},{"floor":9,"key":"Replay:Antivirus Software"}],"event_choices":[{"damage_healed":0,"gold_gain":0,"player_choice":"Ignored","damage_taken":0,"max_hp_gain":0,"max_hp_loss":0,"event_name":"Shining Light","floor":3,"gold_loss":0},{"cards_removed":["Strike_B"],"damage_healed":0,"gold_gain":0,"player_choice":"Card Removal","damage_taken":7,"max_hp_gain":0,"max_hp_loss":0,"event_name":"Golden Wing","floor":4,"gold_loss":0},{"damage_healed":0,"gold_gain":0,"player_choice":"Fought Mushrooms","damage_taken":0,"max_hp_gain":0,"max_hp_loss":0,"event_name":"Mushrooms","floor":8,"gold_loss":0},{"damage_healed":0,"gold_gain":0,"player_choice":"Left Gold","damage_taken":0,"max_hp_gain":0,"max_hp_loss":0,"event_name":"World of Goop","floor":10,"gold_loss":45}],"is_beta":false,"boss_relics":[{"not_picked":["SlaversCollar","FrozenCore"],"picked":"ChewingGum"}],"items_purged_floors":[],"is_endless":false,"potions_floor_spawned":[7,11,12,18,21],"killed_by":"Cultist and Chosen","ascension_level":11}}