{"host":"pi8b3ffzwvxqztac","time":1611808035,"event":{"mods":["BaseMod","Colored Map","Downfall","Minty Spire (QoL Compilation)","StSLib"],"gold_per_floor":[0,10,22,22,22,53,53,68,68,94,104,4,24,55,70,144,144,44,57,57,77,77,77,77],"floor_reached":22,"language":"ENG","playtime":1553,"items_purged":[],"score":412,"play_id":"f6e3d944-5685-47e7-ae47-1f4c8ea5f549","local_time":"20210128172715","is_ascension_mode":true,"campfire_choices":[{"floor":1,"key":"RECALL"},{"floor":9,"key":"REST"},{"data":"Guardian:DecasProtection","floor":12,"key":"SMITH"},{"data":"Guardian:CompilePackage","floor":18,"key":"SMITH"}],"circlet_count":0,"master_deck":["AscendersBane","Guardian:Strike_Guardian","Guardian:Strike_Guardian","Guardian:Strike_Guardian","Guardian:Defend_Guardian","Guardian:Defend_Guardian","Guardian:Defend_Guardian","Guardian:Defend_Guardian","Guardian:CurlUp","Guardian:TwinSlam","Guardian:CompilePackage+1","Guardian:Reroute","Guardian:PiercingHide","Guardian:Recover","Guardian:DecasProtection+1","Guardian:Incinerate","Guardian:Suspension","Guardian:ShieldSpikes","Guardian:FierceBash","Guardian:SphericShield"],"relics":["Guardian:ModeShifter","Blue Candle","downfall:HeartBlessingRed","Boot","Guardian:StasisSlotReductionRelic","downfall:HeartBlessingGreen"],"acts_visited":["Exordium","TheCity"],"potions_floor_usage":[10,10,15],"damage_taken":[{"damage":0,"enemies":"2 Louse","floor":2,"turns":1},{"damage":7,"enemies":"Small Slimes","floor":3,"turns":4},{"damage":41,"enemies":"Gremlin Nob","floor":6,"turns":6},{"damage":0,"enemies":"Jaw Worm","floor":8,"turns":5},{"damage":4,"enemies":"3 Sentries","floor":10,"turns":11},{"damage":6,"enemies":"Exordium Thugs","floor":11,"turns":8},{"damage":1,"enemies":"Blue Slaver","floor":13,"turns":5},{"damage":10,"enemies":"Lagavulin","floor":14,"turns":11},{"damage":15,"enemies":"Exordium Wildlife","floor":15,"turns":4},{"damage":1,"enemies":"WA_ARCHETYPE_RETAIN","floor":16,"turns":12},{"damage":11,"enemies":"Shell Parasite","floor":19,"turns":6},{"damage":11,"enemies":"Chosen","floor":21,"turns":8},{"damage":55,"enemies":"3 Cultists","floor":22,"turns":6}],"seed_played":"7953044249324865175","potions_obtained":[{"floor":2,"key":"Guardian:BlockOnCardUsePotion"},{"floor":3,"key":"EssenceOfSteel"},{"floor":13,"key":"SteroidPotion"},{"floor":14,"key":"champ:CounterPotion"}],"is_trial":false,"path_per_floor":["R","M","M","?","?","E","T","M","R","E","M","R","M","E","M","B",null,"R","M","?","M","M"],"character_chosen":"GUARDIAN","items_purchased":[],"campfire_rested":1,"item_purchase_floors":[],"current_hp_per_floor":[65,65,58,58,58,17,17,17,38,34,28,28,27,17,2,1,54,54,43,43,32,0,0,0],"gold":77,"neow_bonus":"THREE_RARE_CARDS","is_daily":false,"chose_seed":false,"campfire_upgraded":2,"win_rate":0.0,"timestamp":1611808035,"path_taken":["R","M","M","?","?","E","T","M","R","E","M","R","M","E","M","BOSS","R","M","?","M","M"],"items_purchased_type":[],"build_version":"2020-12-22","purchased_purges":0,"victory":false,"max_hp_per_floor":[72,72,72,72,72,72,72,72,72,72,72,72,72,72,72,72,72,72,72,72,72,72,72,72],"card_choices":[{"not_picked":["Guardian:StasisEngine","Guardian:GatlingBeam"],"picked":"Guardian:CompilePackage","floor":0},{"not_picked":["Guardian:Gem_Lightblue","Guardian:EvasiveProtocol"],"picked":"Guardian:Reroute","floor":2},{"not_picked":["Guardian:Suspension","Guardian:SpikerProtocol"],"picked":"Guardian:Gem_Cyan","floor":3},{"not_picked":["Guardian:Gem_Blue","Guardian:ChargeUp"],"picked":"Guardian:PiercingHide","floor":6},{"not_picked":["Guardian:BronzeArmor","Guardian:Reroute"],"picked":"Guardian:Recover","floor":8},{"not_picked":["Guardian:StasisField","Guardian:Reroute"],"picked":"Guardian:DecasProtection","floor":10},{"not_picked":["Guardian:PrimingBeam","Guardian:Gem_Blue","Guardian:Emergency"],"picked":"Guardian:Incinerate","floor":11},{"not_picked":["Guardian:ArmoredProtocol","Guardian:Gem_Cyan","Guardian:Gem_Yellow"],"picked":"Guardian:Suspension","floor":13},{"not_picked":["Guardian:PrismaticBarrier","Guardian:WalkerClaw","Guardian:CrystalBeam","Guardian:SpikerProtocol"],"picked":"SKIP","floor":14},{"not_picked":["Guardian:Suspension","Guardian:VentSteam","Guardian:WalkerClaw"],"picked":"Guardian:ShieldSpikes","floor":15},{"not_picked":["Guardian:GatlingBeam","Guardian:AncientConstruct","Guardian:TimeSifter"],"picked":"Guardian:FierceBash","floor":16},{"not_picked":["Guardian:ShieldCharger+1","Guardian:TemporalStrike+1","Guardian:Suspension","Guardian:Planning"],"picked":"SKIP","floor":19},{"not_picked":["Guardian:PrismaticBeam","Guardian:SentryBeam","Guardian:ArmoredProtocol"],"picked":"SKIP","floor":21}],"player_experience":647746,"relics_obtained":[{"floor":6,"key":"Blue Candle"},{"floor":10,"key":"Question Card"},{"floor":14,"key":"Boot"}],"event_choices":[],"is_beta":false,"boss_relics":[{"not_picked":["Coffee Dripper","SacredBark"],"picked":"Guardian:StasisSlotReductionRelic"}],"items_purged_floors":[],"is_endless":false,"potions_floor_spawned":[2,3,8,13,14],"killed_by":"3 Cultists","ascension_level":20}}