{"host":"4a6fro0of1ie0h2w","time":1611855137,"event":{"mods":["Aspiration","BaseMod","CCEM2","Colored Map","Conspire","Downfall","GifTheSpireLib","Halation","Highlight Path","Hubris","Infinite Spire","Marisa????????","Minty Spire (QoL Compilation)","Permanent Neow","Replay The Spire","StSLib","Stuff the Spire","The Servant 0.9.4"],"gold_per_floor":[99,110,127,138,157,157,226,238,238,271,171,171,171,199,213,310,310,310,328,21,6,20,20,20,20],"floor_reached":23,"language":"ENG","playtime":1209,"items_purged":[],"score":211,"play_id":"775d4fe6-6a8b-431b-8a94-4353e062adf1","local_time":"20210128193216","is_ascension_mode":true,"campfire_choices":[{"data":"sneckomod:TailWhip","floor":1,"key":"SMITH"},{"floor":9,"key":"RECALL"},{"data":"sneckomod:SnakeSap","floor":11,"key":"SMITH"},{"data":"sneckomod:SnekBite","floor":13,"key":"SMITH"},{"data":"sneckomod:ImprovisedAttack","floor":18,"key":"SMITH"}],"circlet_count":0,"master_deck":["sneckomod:Strike","sneckomod:Strike","sneckomod:Strike","sneckomod:Defend","sneckomod:Defend","sneckomod:Defend","sneckomod:TailWhip+1","sneckomod:SnekBite+1","sneckomod:Unknown","sneckomod:Unknown","Bandage Up","sneckomod:UnknownClassSILVER","sneckomod:UnknownColorless","sneckomod:QuickBite","sneckomod:SnakeSap+1","Injury","sneckomod:UnknownClassGUARDIAN","sneckomod:UnknownClassTHE_CHAMP_GRAY","sneckomod:SerpentMind+1","sneckomod:Unknown2Cost","sneckomod:ImprovisedAttack+1","sneckomod:UnlimitedRolls+1","sneckomod:UnknownDexterity","sneckomod:UnendingSupply+1","sneckomod:UnknownUncommonPower+1","sneckomod:SoulCleanse","sneckomod:UnknownClassTHE_BRONZE_AUTOMATON","sneckomod:UnknownClassMARISA_COLOR"],"relics":["sneckomod:SneckoSoul","Frozen Egg 2","Replay:WaspNest","hubris:ToyBattleship","downfall:HeartBlessingRed","Regal Pillow","CCEMRelics:DarkMatter","CCEMRelics:BiPhaseBiplane"],"acts_visited":["Exordium","TheCity"],"potions_floor_usage":[10,16,16,23,23],"damage_taken":[{"damage":5,"enemies":"Small Slimes","floor":2,"turns":5},{"damage":0,"enemies":"2 Louse","floor":3,"turns":2},{"damage":0,"enemies":"Cultist","floor":4,"turns":2},{"damage":13,"enemies":"Red Slaver","floor":5,"turns":3},{"damage":12,"enemies":"Blue Slaver","floor":8,"turns":3},{"damage":18,"enemies":"Gremlin Nob","floor":10,"turns":3},{"damage":26,"enemies":"3 Sentries","floor":14,"turns":6},{"damage":0,"enemies":"2 Fungi Beasts","floor":15,"turns":2},{"damage":26,"enemies":"WA_ARCHETYPE_RETAIN","floor":16,"turns":6},{"damage":21,"enemies":"conspire:FuzzyDice","floor":19,"turns":5},{"damage":0,"enemies":"downfall:FleeingMerchant","floor":20,"turns":4},{"damage":18,"enemies":"downfall:FleeingMerchant","floor":21,"turns":6},{"damage":20,"enemies":"Chosen","floor":22,"turns":4},{"damage":69,"enemies":"Slavers","floor":23,"turns":3}],"seed_played":"8523988830390783994","potions_obtained":[{"floor":3,"key":"Languid Potion"},{"floor":4,"key":"Death Potion"},{"floor":10,"key":"Adrenaline Potion"},{"floor":15,"key":"DuplicationPotion"},{"floor":22,"key":"Swift Potion"}],"is_trial":false,"path_per_floor":["R","M","M","M","M","?","T","M","R","E","R","?","R","E","M","B",null,"R","M","$","$","M","E"],"character_chosen":"THE_SNECKO","items_purchased":["sneckomod:UnknownUncommonPower+1","CCEMRelics:BiPhaseBiplane","sneckomod:SoulCleanse"],"campfire_rested":0,"item_purchase_floors":[20,20,20],"current_hp_per_floor":[90,89,89,90,90,90,90,78,78,64,64,64,64,42,42,20,90,90,90,90,81,65,0,0,0],"gold":20,"neow_bonus":"RANDOM_COLORLESS","is_daily":false,"chose_seed":false,"campfire_upgraded":4,"win_rate":0.0,"timestamp":1611855136,"path_taken":["R","M","M","M","M","?","T","M","R","E","R","?","R","E","M","BOSS","R","M","?","$","M","E"],"items_purchased_type":["Card","Relic","Card"],"build_version":"2020-12-22","purchased_purges":0,"victory":false,"max_hp_per_floor":[90,90,90,90,90,90,90,90,90,90,90,90,90,90,90,90,90,90,91,91,91,91,91,91,91],"card_choices":[{"not_picked":["PanicButton","ReplayTheSpireMod:Uncanny Aura"],"picked":"Bandage Up","floor":0},{"not_picked":["sneckomod:UnknownClassINFINITE_BLACK","sneckomod:ImprovisedGuard"],"picked":"sneckomod:UnknownClassSILVER","floor":2},{"not_picked":["sneckomod:Nope","sneckomod:UnknownClassGREEN"],"picked":"sneckomod:UnknownColorless","floor":3},{"not_picked":["sneckomod:UnknownDexterity","sneckomod:PureSnecko"],"picked":"sneckomod:QuickBite","floor":4},{"not_picked":["sneckomod:DiceBoulder","sneckomod:UnknownClassSLIMEBOUND"],"picked":"sneckomod:SnakeSap","floor":5},{"not_picked":["sneckomod:UnknownClassMARISA_DERIVATIONS","sneckomod:SoulExchange"],"picked":"sneckomod:UnknownClassGUARDIAN","floor":8},{"not_picked":["sneckomod:Nope","sneckomod:SlitherStrike"],"picked":"sneckomod:UnknownClassTHE_CHAMP_GRAY","floor":10},{"not_picked":["sneckomod:UnknownClassMARISA_DERIVATIONS","sneckomod:Unknown2Cost","sneckomod:MixItUp"],"picked":"SKIP","floor":14},{"not_picked":["sneckomod:UnknownClassMARISA_DERIVATIONS","sneckomod:MixItUp"],"picked":"sneckomod:Unknown2Cost","floor":14},{"not_picked":["sneckomod:QuickMove","sneckomod:SoulRoll"],"picked":"sneckomod:ImprovisedAttack","floor":15},{"not_picked":["sneckomod:GlitteringGambit","sneckomod:UnknownBoss"],"picked":"sneckomod:UnlimitedRolls+1","floor":16},{"not_picked":["sneckomod:TrashToTreasure","sneckomod:QuickMove"],"picked":"sneckomod:UnknownDexterity","floor":19},{"not_picked":["sneckomod:DiceBlock+1","sneckomod:SnekBeam"],"picked":"sneckomod:UnendingSupply+1","floor":20},{"not_picked":["sneckomod:ImprovisedAttack+1","sneckomod:UnknownClassBLESSING+1"],"picked":"sneckomod:UnknownClassTHE_BRONZE_AUTOMATON","floor":21},{"not_picked":["sneckomod:UnknownDraw","sneckomod:UnknownClassBLUE"],"picked":"sneckomod:UnknownClassMARISA_COLOR","floor":22}],"player_experience":225050,"relics_obtained":[{"floor":7,"key":"Replay:WaspNest"},{"floor":10,"key":"hubris:ToyBattleship"},{"floor":14,"key":"Regal Pillow"}],"event_choices":[],"is_beta":false,"boss_relics":[{"not_picked":["infinitespire:Cupcake","CCEMRelics:ReaperScythe"],"picked":"CCEMRelics:DarkMatter"}],"items_purged_floors":[],"is_endless":false,"potions_floor_spawned":[3,4,10,15,22],"killed_by":"Slavers","ascension_level":1}}