{"host":"344lv32hnei0mdhu","time":1611860297,"event":{"mods":["Act Like it!","BaseMod","Better Match","Better Sensory Stone","Better Skull","Better Third Choice","Better Vampires","Colored Powertips","Highlight Path","Minty Spire (QoL Compilation)","Quick Restart","Random Character Button","Rare Cards Sparkle","StSLib"],"gold_per_floor":[110,32,52,52,26,26,54,64,89,118,129,147,165,9,9,106,106,125,143,143,143,155,171,171,205,230,264,38,50,50,50,50,50,50],"floor_reached":33,"language":"ENG","playtime":1284,"items_purged":["Strike_R"],"score":499,"play_id":"1b1f7b3f-a576-4e58-b4bd-ca655647dcf0","local_time":"20210128125817","is_ascension_mode":true,"campfire_choices":[{"data":"Inflame","floor":6,"key":"SMITH"},{"floor":15,"key":"REST"},{"floor":24,"key":"REST"},{"floor":30,"key":"REST"},{"floor":32,"key":"RECALL"}],"circlet_count":0,"master_deck":["AscendersBane","Strike_R","Strike_R","Strike_R","Strike_R","Defend_R","Defend_R","Defend_R","Defend_R","Bash","Flex","Inflame+1","Twin Strike","Shrug It Off","Twin Strike","Heavy Blade","Whirlwind","Armaments","Intimidate","Double Tap","Infernal Blade","Dark Shackles"],"relics":["Burning Blood","NeowsBlessing","Ancient Tea Set","Oddly Smooth Stone","Red Skull","Bag of Marbles","Velvet Choker","MutagenicStrength","Mercury Hourglass","PreservedInsect","Regal Pillow","Pen Nib"],"acts_visited":["Exordium","TheCity"],"potions_floor_usage":[10,16,19,25,29,33],"damage_taken":[{"damage":0,"enemies":"2 Louse","floor":1,"turns":1},{"damage":0,"enemies":"Jaw Worm","floor":3,"turns":1},{"damage":0,"enemies":"3 Sentries","floor":7,"turns":1},{"damage":4,"enemies":"Small Slimes","floor":8,"turns":3},{"damage":14,"enemies":"Lagavulin","floor":10,"turns":5},{"damage":34,"enemies":"Exordium Wildlife","floor":11,"turns":5},{"damage":11,"enemies":"Looter","floor":12,"turns":2},{"damage":0,"enemies":"2 Fungi Beasts","floor":13,"turns":2},{"damage":32,"enemies":"The Guardian","floor":16,"turns":14},{"damage":5,"enemies":"3 Byrds","floor":18,"turns":4},{"damage":11,"enemies":"Spheric Guardian","floor":19,"turns":3},{"damage":36,"enemies":"Snake Plant","floor":22,"turns":3},{"damage":2,"enemies":"Centurion and Healer","floor":23,"turns":3},{"damage":18,"enemies":"Slavers","floor":25,"turns":5},{"damage":4,"enemies":"Book of Stabbing","floor":27,"turns":3},{"damage":35,"enemies":"Snecko","floor":29,"turns":7},{"damage":103,"enemies":"Collector","floor":33,"turns":8}],"seed_played":"4064616788747630529","potions_obtained":[{"floor":8,"key":"DuplicationPotion"},{"floor":12,"key":"SpeedPotion"},{"floor":13,"key":"BlessingOfTheForge"},{"floor":16,"key":"DuplicationPotion"},{"floor":22,"key":"SteroidPotion"},{"floor":25,"key":"Regen Potion"},{"floor":29,"key":"BlessingOfTheForge"}],"is_trial":false,"path_per_floor":["M","$","M","?","$","R","E","M","T","E","M","M","M","$","R","B",null,"M","M","?","?","M","M","R","E","T","E","$","M","R","?","R","B"],"character_chosen":"IRONCLAD","items_purchased":["Inflame","Shrug It Off","Bag of Marbles","Pen Nib"],"campfire_rested":3,"item_purchase_floors":[2,5,14,28],"current_hp_per_floor":[78,78,80,77,77,77,80,80,80,72,44,39,45,45,69,43,71,72,67,67,67,37,41,65,53,53,55,55,41,80,80,80,0,0],"gold":50,"neow_bonus":"THREE_ENEMY_KILL","is_daily":false,"chose_seed":false,"campfire_upgraded":1,"win_rate":0.0,"timestamp":1611860297,"path_taken":["M","$","M","?","$","R","E","M","T","E","M","M","M","$","R","BOSS","M","M","?","?","M","M","R","E","T","E","$","M","R","?","R","BOSS"],"items_purchased_type":["Card","Card","Relic","Relic"],"build_version":"2020-12-22","purchased_purges":1,"victory":false,"max_hp_per_floor":[80,80,80,80,80,80,80,80,80,80,80,80,80,80,80,80,80,80,80,80,80,80,80,80,80,80,80,80,80,80,80,80,80,80],"card_choices":[{"not_picked":["Perfected Strike","Dark Embrace"],"picked":"Flex","floor":1},{"not_picked":["Heavy Blade","Warcry"],"picked":"Twin Strike","floor":3},{"not_picked":["Cleave","Feel No Pain"],"picked":"Twin Strike","floor":7},{"not_picked":["Cleave","Flex"],"picked":"Heavy Blade","floor":8},{"not_picked":["Hemokinesis","Dark Embrace"],"picked":"Whirlwind","floor":10},{"not_picked":["Havoc","Clothesline","Second Wind"],"picked":"SKIP","floor":11},{"not_picked":["Evolve","Wild Strike"],"picked":"Armaments","floor":12},{"not_picked":["Seeing Red","Sentinel"],"picked":"Intimidate","floor":13},{"not_picked":["Juggernaut","Fiend Fire"],"picked":"Double Tap","floor":16},{"not_picked":["Clash","Blood for Blood"],"picked":"Infernal Blade","floor":18},{"not_picked":["Anger","Headbutt","Battle Trance+1"],"picked":"SKIP","floor":19},{"not_picked":["Good Instincts","Deep Breath"],"picked":"Dark Shackles","floor":21},{"not_picked":["Anger","Armaments","Body Slam+1"],"picked":"SKIP","floor":22},{"not_picked":["Anger","Shrug It Off","Cleave"],"picked":"SKIP","floor":23},{"not_picked":["Warcry","Rupture","Clothesline"],"picked":"SKIP","floor":25},{"not_picked":["Intimidate","Combust+1","Body Slam"],"picked":"SKIP","floor":27},{"not_picked":["Warcry+1","Headbutt","Barricade"],"picked":"SKIP","floor":29}],"player_experience":385592,"relics_obtained":[{"floor":7,"key":"Oddly Smooth Stone"},{"floor":10,"key":"Red Skull"},{"floor":25,"key":"Mercury Hourglass"},{"floor":26,"key":"PreservedInsect"},{"floor":27,"key":"Regal Pillow"}],"event_choices":[{"damage_healed":0,"gold_gain":0,"player_choice":"Relic ","damage_taken":3,"max_hp_gain":0,"max_hp_loss":0,"event_name":"betterThird:BetterScrap","floor":4,"gold_loss":0,"cards_obtained":["WaveOfTheHand"]},{"damage_healed":0,"gold_gain":0,"player_choice":"Inject Mutagens","damage_taken":0,"relics_obtained":["MutagenicStrength"],"max_hp_gain":0,"max_hp_loss":0,"event_name":"Drug Dealer","floor":20,"gold_loss":0},{"damage_healed":0,"gold_gain":2,"player_choice":"1","damage_taken":0,"max_hp_gain":0,"max_hp_loss":0,"event_name":"betterStone:BetterStone","floor":21,"gold_loss":0},{"damage_healed":0,"gold_gain":0,"player_choice":"Ignored","damage_taken":0,"max_hp_gain":0,"max_hp_loss":0,"event_name":"Ghosts","floor":31,"gold_loss":0}],"is_beta":false,"boss_relics":[{"not_picked":["Empty Cage","Runic Pyramid"],"picked":"Velvet Choker"}],"items_purged_floors":[28],"is_endless":false,"potions_floor_spawned":[8,12,13,16,18,22,25,27,29],"killed_by":"Collector","ascension_level":11}}