{"host":"lq2h7q9ca6uwu60x","time":1611841121,"event":{"mods":["Act Like it!","BaseMod","Gensokyo","Koishi","Marisa£®ÏF”Í°°ƒß¿Ì…≥£©","Minty Spire (QoL Compilation)","StSLib"],"gold_per_floor":[115,115,40,120,26,26,39,68,68,68,68,68],"floor_reached":11,"language":"ZHS","playtime":290,"items_purged":["Koishi:BasicStrike"],"score":87,"play_id":"caf4a497-85c4-43e9-80d5-c74cdca902dc","local_time":"20210128213841","is_ascension_mode":true,"campfire_choices":[{"data":"Koishi:UnseenTerror","floor":6,"key":"SMITH"}],"circlet_count":0,"master_deck":["Koishi:BasicStrike","Koishi:BasicStrike","Koishi:BasicStrike","Koishi:BasicDefend","Koishi:BasicDefend","Koishi:BasicDefend","Koishi:BasicDefend","Koishi:Provoke","Koishi:HauntingSlash","Koishi:UnseenTerror+1","Gensokyo:TarnishedGold","Gensokyo:RustyChest","Gensokyo:DepletedGenerator"],"relics":["Koishi:ImaginaryFriend","Strawberry","PreservedInsect","Girya","Kunai"],"acts_visited":["Exordium"],"potions_floor_usage":[8],"damage_taken":[{"damage":7,"enemies":"Gensokyo:2_Kodama","floor":1,"turns":5},{"damage":27,"enemies":"Gensokyo:Python","floor":7,"turns":6},{"damage":20,"enemies":"Gensokyo:Aya","floor":8,"turns":4},{"damage":7,"enemies":"Gensokyo:Cirno","floor":11,"turns":4}],"seed_played":"1393070323711417023","potions_obtained":[{"floor":1,"key":"PowerPotion"}],"is_trial":false,"path_per_floor":["M","?","$","?","COS","R","M","E","T","T","E"],"character_chosen":"KOISHI","items_purchased":[],"campfire_rested":0,"item_purchase_floors":[],"current_hp_per_floor":[57,44,44,44,44,44,22,9,9,9,2,2],"gold":68,"neow_bonus":"RANDOM_COMMON_RELIC","is_daily":false,"chose_seed":false,"campfire_upgraded":1,"win_rate":0.0,"timestamp":1611841121,"path_taken":["M","?","$","?","COS","R","M","E","T","?","E"],"items_purchased_type":[],"build_version":"2020-12-22","purchased_purges":1,"victory":false,"max_hp_per_floor":[67,67,67,67,67,67,67,67,67,67,67,67],"card_choices":[{"not_picked":["Koishi:PhantomBarrier","Koishi:UnansweredLove"],"picked":"Koishi:UnseenTerror","floor":1},{"not_picked":["Koishi:StingingMind","Koishi:JumpScare","Koishi:VengefulSpirit"],"picked":"SKIP","floor":7},{"not_picked":["Koishi:UnansweredLove","Koishi:RorschachInDanmaku","Koishi:StingingMind"],"picked":"SKIP","floor":8}],"player_experience":833229,"relics_obtained":[{"floor":8,"key":"Girya"},{"floor":9,"key":"Kunai"}],"event_choices":[],"is_beta":false,"boss_relics":[],"items_purged_floors":[3],"is_endless":false,"potions_floor_spawned":[1],"killed_by":"Gensokyo:Cirno","ascension_level":6}}