{"host":"meib18gsulage5jw","time":1611818183,"event":{"mods":["AchievementEnabler","Aspiration","BaseMod","BetterRewards","Clockwork Mod","Colored Map","Colored Powertips","Conspire","Defuse TimeMaze Blight","Energized Spire","Halation","Highlight Path","Hubris","Infinite Spire","Minty Spire (QoL Compilation)","Permanent Neow","Quick Restart","Relic Sorter","Reliquary","Replay The Spire","Spikes Relics","StSLib","The Blue Laboratory","The Jungle","Uncapped"],"gold_per_floor":[112,112,127,127,139,139,39,52,52,62,62,46,57,70,70,175,175,192,107,127,127,127,154,170,170,170,184,4,31,31,44,44,141,141,164,164,144,165,194,242,242,275,300,660,660,735,798,861,861,1012,1012,1055,1055,1125,1125,1125,1204,1204,1284,1355,1436,1436,1524,1605,1702,1702,1762,1762,1855,1855,1855,1855,1855,1855,1988,2112,2112,2227,2355,2491,2491,2646,2646,2865,2865,3030,2568,2568,2568,2718,2718,2904,2904,2904,3092,3281,3281,3504,3716,3716,4005,4005,4414,3288,3482,3447,3644,3863,13563,14453,14505,15446,15446,16454,17499,18644,18644,19876,19876,21144,21144,22513,23951,23450,23403,23403],"floor_reached":125,"language":"ENG","playtime":11244,"items_purged":["Clockwork:Shield","Pain","Amnesia","aspiration:Polymerization"],"score":3590,"play_id":"c2b0ff1a-1dae-4a75-8048-5862bc6cbc67","local_time":"20210128171623","is_ascension_mode":false,"campfire_choices":[{"data":"Clockwork:RevUp","floor":6.0,"key":"SMITH"},{"data":"Clockwork:QuantumStrike","floor":15.0,"key":"SMITH"},{"floor":32.0,"key":"REST"},{"data":"Clockwork:Shield","floor":41.0,"key":"PURGE"},{"floor":45.0,"key":"REST"},{"data":"Clockwork:UnlimitedCogworks","floor":49.0,"key":"SMITH"},{"data":"Injury","floor":58.0,"key":"PURGE"},{"data":"hubris:Rewind","floor":62.0,"key":"SMITH"},{"data":"Clockwork:TimeWalk","floor":66.0,"key":"SMITH"},{"data":"infinitespire:SevenWalls","floor":74.0,"key":"SMITH"},{"data":"Redo","floor":81.0,"key":"SMITH"},{"data":"Clockwork:TimeWalk","floor":83.0,"key":"SMITH"},{"data":"Redo","floor":91.0,"key":"SMITH"},{"data":"Redo","floor":93.0,"key":"SMITH"},{"data":"Clockwork:Randomization","floor":97.0,"key":"SMITH"},{"data":"Clockwork:Randomization","floor":100.0,"key":"SMITH"},{"floor":117,"key":"RECALL"}],"circlet_count":0,"master_deck":["Clockwork:Tinker","Clockwork:WarmUp+1","Clockwork:CogBarrier","infinitespire:Collect+1","Clockwork:RevUp+1","Clockwork:CogBarrier","Clockwork:Pluck+1","Clockwork:ChargingBlade","Clockwork:Pluck","Clockwork:CogShield","Clockwork:QuantumStrike+1","Clockwork:TimeWalk+1","Defragment+1","Beam Cell+1","Conserve Battery","Clockwork:TimeOut+1","Clockwork:CogShield","conspire:SharedLibrary+1","Genetic Algorithm","Clockwork:AssemblyLine","Clockwork:ReactiveNanites","Redo+1","infinitespire:Execution","Coolheaded+1","Clockwork:ChargingShield+1","Sweeping Beam+1","Clockwork:LiteraryArmor","hubris:Rewind+1","Clockwork:UnlimitedCogworks+1","Clockwork:Pluck+1","Stack","Clockwork:InertialShield+1","Ball Lightning","Redo+1","Clockwork:Strangle","Rebound","Clockwork:Roundhouse","Clockwork:HoardingStrike+1","Clockwork:Randomization+1","DiskWipe+1","Clockwork:EnthusiasticStrike","Creative AI+1","Clockwork:CogToss","Shame","infinitespire:DeathsTouch","infinitespire:Starlight","infinitespire:FinalStrike","infinitespire:SevenWalls+1","Sunder","Redo+1","DiskWipe+1","Clockwork:LiteraryArmor+1","Clockwork:EnthusiasticStrike","Lockon","Rip and Tear+1","Clockwork:Pluck","ReplaySolidLightProjector","Clockwork:Randomization+1","Stack","Clockwork:TimeWalk+1","Clockwork:KaliMa","Clockwork:SpurOn+1","Clockwork:RevUp+1","DiskWipe+1","Clockwork:PerfectedStrike+1","Clockwork:Pluck+1","Clockwork:AssemblyLine+1","Ball Lightning","Clockwork:SiegeStrike","RefreshScreen+1","Clockwork:MechanicalBulk+1","Clockwork:UnlimitedCogworks+1","hubris:PowerSurge+1","Clockwork:Redundancy","Defragment+1","Melter","ReplayTheSpireMod:Necrogeddon","All For One","ReplaySort","DiskWipe+1","Static Discharge+1","Go for the Eyes","Aggregate","Rebound","Beam Cell","Force Field","Clockwork:CraftVarja","Double Energy","Doom and Gloom","Rainbow","Clockwork:HoardingStrike+1","ReplayTheSpireMod:Dual Polarity","Clockwork:Redundancy","Ball Lightning","Clockwork:TimeOut+1","Crystallizer+1","Doom and Gloom"],"relics":["Clockwork:MomentumEngine","ReplayTheSpireMod:Ring of Addiction","hubris:Icosahedron","theJungle:SneckoAutograph","hubris:CrystalStatue","Prayer Wheel","aspiration:Stellarator","aspiration:RitualStick","aspiration:Nostalgia","infinitespire:DarkRift","reliquary:SharkskinSheath","Potion Belt","ReplayTheSpireMod:Ring of Sloth","SacredBark","aspiration:DefectSkillbook","SnailShell","Clockwork:GoldenCog","Peace Pipe","WarpedTongs","PreservedInsect","infinitespire:Blanks Blanky","hubris:TerracottaHorce","infinitespire:EvilPickle","SpikesRelics:ToyHorsey","Vajra","Old Coin","Sundial","reliquary:RedCape","Frozen Egg 2","GremlinMask","Dream Catcher","Replay:PocketPolymizer","infinitespire:Bottled Soul","Pet Ghost","Clockwork:CopperScales","infinitespire:Satchel","Ancient Tea Set","Replay:Kaleidoscope","ChewingGum","StoneCalendar","Medical Kit","hubris:MobiusCoin","hubris:Towel","ReplayTheSpireMod:TigerMarble","Mango","hubris:TenFootPole","Clockwork:BeatingHeart","MiniBlackHole","Clockwork:BootleggersToolkit","Frozen Eye","Shovel","Happy Flower","infinitespire:Broken Mirror","aspiration:TomeofQuesting","reliquary:Boomerang","Incense Burner","conspire:BottledYoYo","Onion Ring","Replay:Fungal Core","Strange Spoon","Meat on the Bone"],"acts_visited":["Exordium","TheCity","TheBeyond","Exordium","Exordium","TheBeyond","Exordium","Exordium"],"potions_floor_usage":[105,107,110,116,118,125],"damage_taken":[{"damage":0.0,"enemies":"2 Louse","floor":1.0,"turns":4.0},{"damage":1.0,"enemies":"Small Slimes","floor":3.0,"turns":5.0},{"damage":0.0,"enemies":"Cultist","floor":5.0,"turns":3.0},{"damage":3.0,"enemies":"Blue Slaver","floor":8.0,"turns":7.0},{"damage":0.0,"enemies":"2 Fungi Beasts","floor":10.0,"turns":7.0},{"damage":9.0,"enemies":"Exordium Thugs","floor":12.0,"turns":5.0},{"damage":5.0,"enemies":"Looter","floor":13.0,"turns":4.0},{"damage":2.0,"enemies":"Lots of Slimes","floor":14.0,"turns":3.0},{"damage":29.0,"enemies":"Fading Forest","floor":16.0,"turns":11.0},{"damage":12.0,"enemies":"Chosen","floor":18.0,"turns":5.0},{"damage":2.0,"enemies":"Shell Parasite","floor":20.0,"turns":4.0},{"damage":5.0,"enemies":"Gremlin Leader","floor":23.0,"turns":4.0},{"damage":0.0,"enemies":"Centurion and Healer","floor":24.0,"turns":4.0},{"damage":6.0,"enemies":"3 Cultists","floor":27.0,"turns":4.0},{"damage":0.0,"enemies":"Nightmare","floor":29.0,"turns":6.0},{"damage":4.0,"enemies":"Chosen and Byrds","floor":31.0,"turns":8.0},{"damage":13.0,"enemies":"Pondfish","floor":33.0,"turns":9.0},{"damage":12.0,"enemies":"3 Darklings","floor":35.0,"turns":4.0},{"damage":0.0,"enemies":"3 Shapes","floor":38.0,"turns":4.0},{"damage":33.0,"enemies":"3 Darklings","floor":39.0,"turns":4.0},{"damage":0.0,"enemies":"Nemesis","floor":40.0,"turns":5.0},{"damage":5.0,"enemies":"Transient","floor":42.0,"turns":5.0},{"damage":0.0,"enemies":"infinitespire:Three Voidlings","floor":44.0,"turns":4.0},{"damage":4.0,"enemies":"Nightmare_Alpha","floor":44.0,"turns":6.0},{"damage":23.0,"enemies":"Giant Head","floor":46.0,"turns":6.0},{"damage":3.0,"enemies":"Writhing Mass","floor":47.0,"turns":3.0},{"damage":0.0,"enemies":"Spire Growth","floor":48.0,"turns":3.0},{"damage":0.0,"enemies":"Donu and Deca","floor":50.0,"turns":5.0},{"damage":0.0,"enemies":"Cultist","floor":52.0,"turns":5.0},{"damage":0.0,"enemies":"2 Louse","floor":54.0,"turns":1.0},{"damage":4.0,"enemies":"Gremlin Nob","floor":57.0,"turns":4.0},{"damage":21.0,"enemies":"3 Sentries","floor":59.0,"turns":3.0},{"damage":0.0,"enemies":"Lagavulin","floor":61.0,"turns":4.0},{"damage":0.0,"enemies":"Jaw Worm","floor":63.0,"turns":2.0},{"damage":5.0,"enemies":"3 Sentries","floor":64.0,"turns":5.0},{"damage":0.0,"enemies":"2 Fungi Beasts","floor":65.0,"turns":3.0},{"damage":0.0,"enemies":"Fading Forest","floor":67.0,"turns":10.0},{"damage":0.0,"enemies":"theJungle:5_Spyders","floor":69.0,"turns":5.0},{"damage":0.0,"enemies":"theJungle:MamaSnecko","floor":75.0,"turns":3.0},{"damage":0.0,"enemies":"theJungle:MUSHROOMGANG","floor":76.0,"turns":2.0},{"damage":19.0,"enemies":"theJungle:2_Snecko_Cultists","floor":78.0,"turns":4.0},{"damage":0.0,"enemies":"theJungle:SlimyTreeVines","floor":79.0,"turns":3.0},{"damage":0.0,"enemies":"Nightmare","floor":80.0,"turns":5.0},{"damage":0.0,"enemies":"Snake Plant","floor":82.0,"turns":1.0},{"damage":40.0,"enemies":"theJungle:TotemBoss","floor":84.0,"turns":6.0},{"damage":0.0,"enemies":"3 Shapes","floor":86.0,"turns":3.0},{"damage":6.0,"enemies":"3 Darklings","floor":90.0,"turns":3.0},{"damage":0.0,"enemies":"R_Hoarder","floor":92.0,"turns":2.0},{"damage":0.0,"enemies":"Nemesis","floor":95.0,"turns":3.0},{"damage":0.0,"enemies":"Writhing Mass","floor":96.0,"turns":2.0},{"damage":1.0,"enemies":"Reptomancer","floor":98.0,"turns":2.0},{"damage":0.0,"enemies":"Jaw Worm Horde","floor":99.0,"turns":3.0},{"damage":18.0,"enemies":"Time Eater","floor":101.0,"turns":6.0},{"damage":0.0,"enemies":"Small Slimes","floor":103.0,"turns":2.0},{"damage":0,"enemies":"Jaw Worm","floor":105,"turns":2},{"damage":0,"enemies":"Cultist","floor":107,"turns":2},{"damage":0,"enemies":"3 Sentries","floor":108,"turns":2},{"damage":0,"enemies":"Gremlin Nob","floor":110,"turns":2},{"damage":0,"enemies":"2 Fungi Beasts","floor":112,"turns":1},{"damage":0,"enemies":"Lagavulin","floor":114,"turns":2},{"damage":0,"enemies":"Large Slime","floor":115,"turns":2},{"damage":0,"enemies":"Gremlin Nob","floor":116,"turns":2},{"damage":0,"enemies":"Fading Forest","floor":118,"turns":7},{"damage":6,"enemies":"theJungle:MUSHROOMGANG","floor":120,"turns":2},{"damage":0,"enemies":"theJungle:GiantWrat","floor":122,"turns":1},{"damage":0,"enemies":"theJungle:2_Flameangoes","floor":123,"turns":2},{"damage":89,"enemies":"Nightmare","floor":125,"turns":4}],"seed_played":"1437327247360548823","potions_obtained":[{"floor":1.0,"key":"Weak Potion"},{"floor":4.0,"key":"blueLaboratory:FruitPunch"},{"floor":4.0,"key":"DuplicationPotion"},{"floor":10.0,"key":"PowerPotion"},{"floor":11.0,"key":"blueLaboratory:PhilterOfMotion"},{"floor":11.0,"key":"blueLaboratory:Moonshine"},{"floor":14.0,"key":"EntropicBrew"},{"floor":16.0,"key":"EssenceOfSteel"},{"floor":20.0,"key":"blueLaboratory:HorrorPotion"},{"floor":27.0,"key":"DistilledChaos"},{"floor":29.0,"key":"Weak Potion"},{"floor":31.0,"key":"SkillPotion"},{"floor":35.0,"key":"blueLaboratory:Moonshine"},{"floor":37.0,"key":"blueLaboratory:BottleOfVodka"},{"floor":38.0,"key":"Swift Potion"},{"floor":40.0,"key":"Adrenaline Potion"},{"floor":44.0,"key":"blueLaboratory:PyrophylliteBrew"},{"floor":44.0,"key":"blueLaboratory:BubblePotion"},{"floor":44.0,"key":"Elixir"},{"floor":46.0,"key":"blueLaboratory:HummingbirdPotion"},{"floor":57.0,"key":"blueLaboratory:PyrophylliteBrew"},{"floor":63.0,"key":"blueLaboratory:BottledHope"},{"floor":64.0,"key":"blueLaboratory:FrostheartPotion"},{"floor":65.0,"key":"blueLaboratory:EnragingPotion"},{"floor":76.0,"key":"EssenceOfSteel"},{"floor":78.0,"key":"LifebloodPotion"},{"floor":79.0,"key":"EntropicBrew"},{"floor":82.0,"key":"blueLaboratory:TrueEctoplasm"},{"floor":92.0,"key":"SneckoOil"},{"floor":95.0,"key":"blueLaboratory:FrostheartPotion"},{"floor":96.0,"key":"blueLaboratory:SavagePotion"},{"floor":98.0,"key":"Swift Potion"},{"floor":103,"key":"blueLaboratory:RememoryPotion"},{"floor":107,"key":"blueLaboratory:BubblePotion"},{"floor":108,"key":"Block Potion"},{"floor":112,"key":"blueLaboratory:BottleOfRum"},{"floor":116,"key":"Fire Potion"},{"floor":122,"key":"Dexterity Potion"},{"floor":123,"key":"DuplicationPotion"}],"is_trial":false,"path_per_floor":["M","?","M","?","M","R","$","M","T","M","?","M","M","M","R","B",null,"M","?","M","?","?","E","M","?","T","M","$","NM","?","M","R","B",null,"M","AVR","?","M","M","E","R","M","T","?","R","E","M","M","R","B",null,"M","?","M","?","?","E","R","E","T","E","R","M","E","M","R","B",null,"M","?","?","AVR","T","R","E","M","T","M","M","NM","R","M","R","B",null,"M","$","?","?","M","R","E","R","T","E","M","R","E","M","R","B",null,"M","$","M","?","M","E","?","E","T","M","T","E","M","E","R","B",null,"M","?","M","M","$","NM"],"character_chosen":"CLOCKWORK","items_purchased":["Clockwork:Pluck","Genetic Algorithm","Medical Kit","hubris:MobiusCoin","Clockwork:RevUp+1","Defragment+1","Melter","ReplayTheSpireMod:Necrogeddon","All For One","Frozen Eye","Shovel","Happy Flower","Flashbang","Strange Spoon","Meat on the Bone","Crystallizer+1","Doom and Gloom"],"campfire_rested":2,"item_purchase_floors":[7,28,87,87,87,104,104,104,104,104,104,104,104,124,124,124,124],"current_hp_per_floor":[85,64,63,63,65,65,65,72,72,72,72,63,58,56,56,43,87,75,75,73,57,57,52,52,52,52,56,56,56,39,35,75,62,80,68,68,68,68,35,35,35,30,30,26,66,43,40,40,40,40,72,82,80,80,80,78,74,74,53,53,53,53,53,48,48,48,56,71,71,71,71,71,71,71,71,71,71,62,65,65,65,65,65,25,60,60,60,60,60,54,54,64,64,78,80,80,80,79,79,79,61,75,75,75,75,80,80,80,80,80,80,80,80,78,78,78,78,78,78,72,72,72,72,72,0,0],"gold":23403,"neow_bonus":"NOSTALGIA","is_daily":false,"chose_seed":false,"campfire_upgraded":12,"win_rate":0.0,"timestamp":1611818183,"path_taken":["M","?","M","?","M","R","$","M","T","?","?","M","M","M","R","BOSS","M","?","M","?","?","E","?","?","T","M","?","NM","?","M","R","BOSS","M","AVR","?","M","?","E","R","M","T","?","R","E","M","M","R","BOSS","M","?","M","?","?","E","R","E","T","E","R","M","E","M","R","BOSS","M","?","?","AVR","?","R","E","M","T","M","?","NM","R","M","R","BOSS","M","$","?","?","M","R","E","R","T","E","M","R","E","M","R","BOSS","M","$","M","?","M","E","?","E","T","M","?","E","M","E","R","BOSS","M","?","M","M","$","NM"],"items_purchased_type":["Card","Card","Relic","Relic","Card","Card","Card","Card","Card","Relic","Relic","Relic","Potion","Relic","Relic","Card","Card"],"build_version":"2020-12-22","purchased_purges":4,"victory":false,"max_hp_per_floor":[85,85,85,85,87,87,87,87,87,87,87,87,87,87,87,87,87,87,87,85,90,90,88,88,88,88,86,86,86,86,86,86,86,86,86,86,86,86,86,86,86,84,84,84,84,84,84,84,84,82,82,82,80,80,80,78,78,78,78,78,78,78,78,78,76,76,76,76,76,76,74,74,74,72,72,72,72,72,72,72,72,72,72,72,72,72,72,70,70,70,70,68,68,82,80,80,80,80,80,80,80,80,80,80,80,80,80,80,80,80,80,80,80,78,78,78,78,78,78,78,78,76,76,76,74,74],"card_choices":[{"not_picked":["Clockwork:LiteraryArmor","Clockwork:SystemScan"],"picked":"Clockwork:CogBarrier","floor":1.0},{"not_picked":["ReplayTheSpireMod:Chaos Vortex","infinitespire:FinalStrike"],"picked":"infinitespire:Collect","floor":2.0},{"not_picked":["Clockwork:SearchingStrike","Clockwork:RitualDaggerMk0"],"picked":"Clockwork:RevUp","floor":3.0},{"not_picked":["Clockwork:Improve","Clockwork:Efficiency"],"picked":"Clockwork:CogBarrier","floor":5.0},{"not_picked":["Clockwork:Friction","Clockwork:Minimalism"],"picked":"Clockwork:ChargingBlade","floor":8.0},{"not_picked":["Clockwork:ZeroPointEnergy","Clockwork:AdaptiveCannon","Clockwork:ForgeStrike"],"picked":"SKIP","floor":10.0},{"not_picked":["Clockwork:SystemHardening","Clockwork:CogToss"],"picked":"Clockwork:Pluck","floor":12.0},{"not_picked":["Clockwork:SnapKeep","Clockwork:AdaptiveCannon"],"picked":"Clockwork:CogShield","floor":13.0},{"not_picked":["Clockwork:ChargingBlade","Clockwork:SystemHardening"],"picked":"Clockwork:QuantumStrike","floor":14.0},{"not_picked":["Clockwork:PerfectForm","Clockwork:DefectiveParts"],"picked":"Clockwork:TimeWalk","floor":16.0},{"not_picked":["Cold Snap","Clockwork:ChargingBlade","Clockwork:TimeOut"],"picked":"Defragment+1","floor":18.0},{"not_picked":["Streamline","Clockwork:Roundhouse+1","Clockwork:AdaptiveShield"],"picked":"Beam Cell","floor":20.0},{"not_picked":["Clockwork:AdaptiveCannon","Clockwork:Minimalism+1","Clockwork:Selectivity"],"picked":"Clockwork:TimeOut+1","floor":23.0},{"not_picked":["Aggregate","Reprogram+1","Glacier"],"picked":"Clockwork:CogShield","floor":24.0},{"not_picked":["Coolheaded","ReplayRNGCard","aspiration:Polymerization"],"picked":"conspire:SharedLibrary","floor":27.0},{"not_picked":["Clockwork:SpringShield","Sunder","Clockwork:ForgeStrike+1"],"picked":"aspiration:Polymerization","floor":29.0},{"not_picked":["Barrage+1","Steam","Clockwork:ChargingBlade+1"],"picked":"Clockwork:AssemblyLine","floor":31.0},{"not_picked":["Clockwork:WindupStrike","Machine Learning","Clockwork:Inspiration"],"picked":"Clockwork:ReactiveNanites","floor":33.0},{"not_picked":["Clockwork:ReserveSystems","Clockwork:CogShield","ReplayTheSpireMod:GoodbyeWorld+1"],"picked":"Redo","floor":35.0},{"not_picked":["Beam Cell+1","Clockwork:ChargingBlade+1","Clockwork:SnapKeep"],"picked":"Coolheaded+1","floor":38.0},{"not_picked":["ReplayTheSpireMod:Repulse+1","FTL+1","Clockwork:CogBarrier"],"picked":"Clockwork:ChargingShield+1","floor":39.0},{"not_picked":["Self Repair","Turbo","Clockwork:SearingStrike"],"picked":"Sweeping Beam+1","floor":40.0},{"not_picked":["Clockwork:TestingEnvironment","aspiration:Polymerization","Sweeping Beam+1"],"picked":"Clockwork:LiteraryArmor","floor":42.0},{"not_picked":["infinitespire:Execution","ReplayTheSpireMod:Haul"],"picked":"hubris:Rewind","floor":44.0},{"not_picked":["Clockwork:AdaptiveShield","Panic Button","Clockwork:CogShield","Steam+1"],"picked":"SKIP","floor":46.0},{"not_picked":["Cold Snap+1","Clockwork:SystemScan","Loop"],"picked":"Clockwork:UnlimitedCogworks","floor":47.0},{"not_picked":["Clockwork:Improve+1","Clockwork:Enhance","Clockwork:RampUp+1"],"picked":"Clockwork:Pluck+1","floor":48.0},{"not_picked":["Clockwork:WindupStrike","Machine Learning","Clockwork:TimeWalk"],"picked":"ReplayTheSpireMod:Fabricate Wheel","floor":50.0},{"not_picked":["Reprogram","Clockwork:SystemScan","Clockwork:MechanicalMass"],"picked":"Stack","floor":52.0},{"not_picked":["conspire:Rain","Clockwork:SystemScan","Sunder","Clockwork:ChargingBlade"],"picked":"SKIP","floor":52.0},{"not_picked":["Go for the Eyes","Steam","aspiration:Polymerization"],"picked":"Clockwork:InertialShield","floor":54.0},{"not_picked":["Clockwork:TimeOut","Turbo","Chaos"],"picked":"Ball Lightning","floor":54.0},{"not_picked":["Glacier","Clockwork:MechanicalMass","Conserve Battery"],"picked":"Clockwork:CraftCopperScales","floor":57.0},{"not_picked":["ReplayTheSpireMod:Reroute Power","Stack","Cold Snap"],"picked":"Redo","floor":59.0},{"not_picked":["Streamline","Clockwork:SystemHardening","Crystallizer+1"],"picked":"Clockwork:Strangle","floor":61.0},{"not_picked":["Rip and Tear","Gash","Compile Driver"],"picked":"Clockwork:Roundhouse","floor":63.0},{"not_picked":["Clockwork:MechanicalMass","Barrage","Sweeping Beam"],"picked":"Clockwork:HoardingStrike","floor":63.0},{"not_picked":["Clockwork:WindupStrike","Clockwork:TiltAWhirl","Clockwork:Enhance","Steam"],"picked":"SKIP","floor":64.0},{"not_picked":["Clockwork:AdaptiveShield","Clockwork:Downsize","Darkness"],"picked":"Clockwork:Randomization","floor":65.0},{"not_picked":["Conserve Battery","Genetic Algorithm","Clockwork:ElasticNanites+1"],"picked":"DiskWipe+1","floor":65.0},{"not_picked":["Reboot","Echo Form+1","Biased Cognition+1"],"picked":"Creative AI+1","floor":67.0},{"not_picked":["Clockwork:ChargingShield","Panic Button+1","Seek"],"picked":"Clockwork:CogToss","floor":69.0},{"not_picked":["Clockwork:ChargingBlade+1","Undo","Clockwork:FalseStart","Beam Cell"],"picked":"SKIP","floor":69.0},{"not_picked":["infinitespire:NeuralNetwork","hubris:Fate"],"picked":"infinitespire:SevenWalls","floor":72.0},{"not_picked":["Clockwork:Minimalism","Clockwork:Enhance","Machine Learning+1"],"picked":"Redo","floor":75.0},{"not_picked":["Clockwork:ReserveSystems","Hologram+1","Beam Cell+1"],"picked":"DiskWipe+1","floor":76.0},{"not_picked":["Rebound","Clockwork:StasisBreak+1","Clockwork:Efficiency"],"picked":"Clockwork:LiteraryArmor+1","floor":76.0},{"not_picked":["Clockwork:SnapKeep+1","Clockwork:Minimalism","BasicCrystalCard"],"picked":"Clockwork:EnthusiasticStrike","floor":78.0},{"not_picked":["Clockwork:ChargingBlade","Clockwork:CogBarrier+1","Genetic Algorithm+1"],"picked":"Lockon","floor":78.0},{"not_picked":["Clockwork:Friction","Hologram","Clockwork:AdaptiveShield"],"picked":"Rip and Tear+1","floor":79.0},{"not_picked":["Clockwork:SystemScan+1","Clockwork:ForgeStrike+1","Clockwork:Roundhouse"],"picked":"Clockwork:Pluck","floor":79.0},{"not_picked":["Clockwork:AdaptiveShield","Clockwork:Selectivity","Hologram+1","Clockwork:CogShield"],"picked":"SKIP","floor":80.0},{"not_picked":["Clockwork:Minimalism","BasicCrystalCard","Clockwork:SearchingStrike"],"picked":"Clockwork:Randomization","floor":82.0},{"not_picked":["Clockwork:Enhance","Clockwork:Roundhouse+1","Barrage"],"picked":"Stack","floor":82.0},{"not_picked":["All For One","Fission","Clockwork:AeonShield"],"picked":"Clockwork:KaliMa","floor":84.0},{"not_picked":["Clockwork:ChargingShield","ReplayTheSpireMod:System Scan+1","Clockwork:Redundancy+1"],"picked":"Clockwork:SpurOn+1","floor":86.0},{"not_picked":["Auto Shields+1","FTL+1","Clockwork:ReserveSystems","Darkness"],"picked":"SKIP","floor":86.0},{"not_picked":["Clockwork:CogToss+1","Clockwork:SearingStrike+1","Clockwork:Halt"],"picked":"DiskWipe+1","floor":90.0},{"not_picked":["Clockwork:Roundhouse","Compile Driver","Clockwork:ChargingShield+1"],"picked":"Clockwork:PerfectedStrike+1","floor":90.0},{"not_picked":["Aggregate","Clockwork:SystemHardening+1","Clockwork:SystemScan"],"picked":"Clockwork:Pluck+1","floor":92.0},{"not_picked":["Clockwork:CogShield+1","Glacier+1","Clockwork:ChargingShield"],"picked":"Clockwork:AssemblyLine+1","floor":95.0},{"not_picked":["ReplayTheSpireMod:GoodbyeWorld+1","Clockwork:CogToss+1","Clockwork:Inspiration"],"picked":"Clockwork:SmithsMallet+1","floor":96.0},{"not_picked":["Clockwork:CogShield","Cold Snap","Clockwork:Redundancy+1"],"picked":"Ball Lightning","floor":96.0},{"not_picked":["Go for the Eyes","Auto Shields","Streamline"],"picked":"Clockwork:SiegeStrike","floor":98.0},{"not_picked":["Conserve Battery+1","White Noise+1","Genetic Algorithm+1"],"picked":"RefreshScreen+1","floor":99.0},{"not_picked":["Ball Lightning+1","Rip and Tear","Compile Driver+1"],"picked":"Clockwork:MechanicalBulk+1","floor":99.0},{"not_picked":["Clockwork:Inspiration","Clockwork:KaliMa","Clockwork:SiegeStrike"],"picked":"Clockwork:UnlimitedCogworks+1","floor":101.0},{"not_picked":["Reinforced Body","Clockwork:SnapKeep","Clockwork:SpringShield"],"picked":"hubris:PowerSurge+1","floor":103},{"not_picked":["Clockwork:ChargingBlade","Clockwork:WindupStrike","Streamline"],"picked":"Clockwork:Redundancy","floor":103},{"not_picked":["Clockwork:Minimalism","Clockwork:SpringShield","ReplayGash"],"picked":"ReplaySort","floor":105},{"not_picked":["Clockwork:Improve","Clockwork:ChargingBlade","Clockwork:MechanicalBulk"],"picked":"DiskWipe+1","floor":105},{"not_picked":["Compile Driver","Clockwork:OccamsRazor+1","hubris:Prefetch"],"picked":"Static Discharge+1","floor":107},{"not_picked":["Hologram","Clockwork:AdaptiveCannon","Clockwork:Minimalism"],"picked":"Go for the Eyes","floor":107},{"not_picked":["Undo","Clockwork:Pluck","Clockwork:ForgeStrike"],"picked":"Aggregate","floor":108},{"not_picked":["Recycle","Consume","Go for the Eyes"],"picked":"Rebound","floor":110},{"not_picked":["Go for the Eyes","Clockwork:CogBarrier","Clockwork:Friction"],"picked":"Beam Cell","floor":112},{"not_picked":["Clockwork:OccamsRazor+1","Chaos","Clockwork:SearingStrike"],"picked":"Force Field","floor":112},{"not_picked":["Capacitor+1","Clockwork:Friction","Clockwork:AdaptiveCannon"],"picked":"Clockwork:CraftVarja","floor":114},{"not_picked":["Clockwork:Roundhouse","Sweeping Beam","Clockwork:SearingStrike"],"picked":"Double Energy","floor":115},{"not_picked":["Clockwork:AdaptiveCannon","White Noise","BasicCrystalCard"],"picked":"Doom and Gloom","floor":115},{"not_picked":["Clockwork:AdaptiveShield","Glacier","Clockwork:Minimalism","BootSequence"],"picked":"SKIP","floor":116},{"not_picked":["Clockwork:WindupStrike","ReplayTheSpireMod:Omega Cannon","Mirror Shield"],"picked":"Rainbow","floor":118},{"not_picked":["Clockwork:ChargingBlade","Clockwork:ReserveSystems","Rebound"],"picked":"Clockwork:HoardingStrike+1","floor":120},{"not_picked":["Clockwork:ReserveSystems+1","Chill","Clockwork:Improve"],"picked":"ReplayTheSpireMod:Dual Polarity","floor":120},{"not_picked":["Seek","Clockwork:CogToss","Steam"],"picked":"Clockwork:Redundancy","floor":122},{"not_picked":["Clockwork:Friction","Clockwork:Minimalism","Turbo","Clockwork:AdaptiveShield"],"picked":"SKIP","floor":122},{"not_picked":["Cold Snap","Fusion+1","Clockwork:KaliMa"],"picked":"Ball Lightning","floor":123},{"not_picked":["Leap","Conserve Battery","Glacier"],"picked":"Clockwork:TimeOut+1","floor":123}],"player_experience":340959,"relics_obtained":[{"floor":9.0,"key":"reliquary:SharkskinSheath"},{"floor":11.0,"key":"ReplayTheSpireMod:Ring of Addiction"},{"floor":11.0,"key":"Potion Belt"},{"floor":11.0,"key":"ReplayTheSpireMod:Ring of Sloth"},{"floor":11.0,"key":"SacredBark"},{"floor":23.0,"key":"Peace Pipe"},{"floor":26.0,"key":"PreservedInsect"},{"floor":29.0,"key":"Regal Pillow"},{"floor":40.0,"key":"SpikesRelics:ToyHorsey"},{"floor":43.0,"key":"Vajra"},{"floor":44.0,"key":"Old Coin"},{"floor":46.0,"key":"Sundial"},{"floor":57.0,"key":"Dream Catcher"},{"floor":59.0,"key":"Replay:PocketPolymizer"},{"floor":61.0,"key":"infinitespire:Bottled Soul"},{"floor":64.0,"key":"Pet Ghost"},{"floor":73.0,"key":"hubris:CrystalStatue"},{"floor":75.0,"key":"infinitespire:Satchel"},{"floor":77.0,"key":"Ancient Tea Set"},{"floor":80.0,"key":"Replay:Kaleidoscope"},{"floor":92.0,"key":"ReplayTheSpireMod:TigerMarble"},{"floor":94.0,"key":"Mango"},{"floor":95.0,"key":"hubris:TenFootPole"},{"floor":98.0,"key":"MiniBlackHole"},{"floor":108,"key":"infinitespire:Broken Mirror"},{"floor":110,"key":"aspiration:TomeofQuesting"},{"floor":111,"key":"reliquary:Boomerang"},{"floor":113,"key":"Incense Burner"},{"floor":114,"key":"conspire:BottledYoYo"},{"floor":116,"key":"Onion Ring"}],"event_choices":[{"damage_healed":0.0,"max_hp_gain":0.0,"max_hp_loss":0.0,"gold_gain":0.0,"event_name":"Lab","player_choice":"Got Potions","floor":4.0,"gold_loss":0.0,"damage_taken":0.0},{"damage_healed":0.0,"max_hp_gain":0.0,"max_hp_loss":0.0,"gold_gain":0.0,"event_name":"Addict","player_choice":"Obtained Relic","floor":19.0,"gold_loss":85.0,"damage_taken":0.0,"relics_obtained":["SnailShell"]},{"damage_healed":0.0,"max_hp_gain":5.0,"max_hp_loss":0.0,"gold_gain":0.0,"event_name":"Forgotten Altar","player_choice":"Shed Blood","floor":21.0,"gold_loss":0.0,"damage_taken":21.0},{"damage_healed":0.0,"max_hp_gain":0.0,"max_hp_loss":0.0,"gold_gain":0.0,"cards_transformed":["Clockwork:Strike"],"event_name":"Transmorgrifier","player_choice":"Transformed","floor":22.0,"gold_loss":0.0,"damage_taken":0.0,"cards_obtained":["Conserve Battery"]},{"damage_healed":0.0,"max_hp_gain":0.0,"max_hp_loss":0.0,"gold_gain":0.0,"event_name":"Accursed Blacksmith","player_choice":"Rummage","floor":25.0,"gold_loss":0.0,"damage_taken":0.0,"relics_obtained":["WarpedTongs"],"cards_obtained":["Pain"]},{"damage_healed":0.0,"max_hp_gain":0.0,"max_hp_loss":0.0,"gold_gain":0.0,"event_name":"The Woman in Blue","player_choice":"Bought 1 Potion","floor":37.0,"gold_loss":0.0,"damage_taken":0.0},{"damage_healed":0.0,"max_hp_gain":0.0,"max_hp_loss":0.0,"gold_gain":0.0,"event_name":"The Woman in Blue","player_choice":"Bought 3 Potions","floor":44.0,"gold_loss":0.0,"damage_taken":0.0},{"damage_healed":0.0,"max_hp_gain":0.0,"max_hp_loss":0.0,"gold_gain":0.0,"event_name":"conspire:Investor","player_choice":"Leave","floor":53.0,"gold_loss":0.0,"damage_taken":0.0},{"damage_healed":0.0,"max_hp_gain":0.0,"max_hp_loss":0.0,"gold_gain":0.0,"event_name":"FaceTrader","player_choice":"Trade","floor":56.0,"gold_loss":0.0,"damage_taken":0.0,"relics_obtained":["GremlinMask"]},{"damage_healed":20,"gold_gain":0,"player_choice":"Healed","damage_taken":0,"max_hp_gain":0,"max_hp_loss":0,"event_name":"The Cleric","floor":106,"gold_loss":35}],"is_beta":false,"boss_relics":[{"not_picked":["energizedSpire:NeverEndingSparkler","energizedSpire:MagnifyingGlass"],"picked":"aspiration:DefectSkillbook"},{"not_picked":["halation:Risk","hubris:BlackHole"],"picked":"hubris:TerracottaHorce"},{"not_picked":["Sozu","aspiration:FutureDiary"],"picked":"reliquary:RedCape"},{"not_picked":["halation:Yufonium","Sozu","hubris:BlackHole"]},{"not_picked":["halation:PinkAlligatorPlush","reliquary:RedPaperclip"],"picked":"ChewingGum"},{"not_picked":["Replay:Grab Bag","reliquary:KinkedSpring"],"picked":"Clockwork:BootleggersToolkit"},{"not_picked":["hubris:BlackHole","hubris:HollowSoul"],"picked":"Replay:Fungal Core"}],"items_purged_floors":[7,28,36,72],"is_endless":true,"potions_floor_spawned":[1,10,14,16,20,27,29,31,35,38,40,44,46,57,63,64,65,76,78,79,82,92,95,96,98,103,107,108,112,116,122,123],"killed_by":"Nightmare","ascension_level":0}}