{"host":"gobyjzz6xbwq9f9i","time":1611819286,"event":{"mods":["AchievementEnabler","BaseMod","Bestiary","Colored Map","Minty Spire (QoL Compilation)"],"gold_per_floor":[210,225,225,239,258,258,278,291,291,16,27,55,55,85,85,183,183,202,236,255,266,266,266,297,297,376,406,406,439,451,97,97,198,198,217,230,24,43,43,43,58,93,93,93,125,125,144,176,176,176],"floor_reached":51,"language":"ENG","playtime":2658,"items_purged":["Strike_R","Strike_R"],"score":1273,"play_id":"ecafb774-88a0-41df-b38b-f7aa326c243b","local_time":"20210127233446","is_ascension_mode":true,"campfire_choices":[{"data":"Twin Strike","floor":6.0,"key":"SMITH"},{"data":"Disarm","floor":15.0,"key":"SMITH"},{"data":"Immolate","floor":23.0,"key":"SMITH"},{"floor":25.0,"key":"REST"},{"data":"Armaments","floor":28.0,"key":"SMITH"},{"data":"Limit Break","floor":32.0,"key":"SMITH"},{"floor":40,"key":"REST"},{"floor":46,"key":"REST"},{"floor":49,"key":"REST"}],"circlet_count":0,"master_deck":["AscendersBane","Strike_R","Strike_R","Defend_R","Defend_R","Defend_R","Defend_R","Bash","Pummel","Headbutt","Combust","Twin Strike+1","Armaments+1","Shockwave","Shrug It Off","Disarm+1","Shrug It Off","Immolate+1","Pommel Strike","Flex+1","Limit Break+1","Feel No Pain+1","Feed","Spot Weakness","Offering","Battle Trance+1","Inflame+1","Shrug It Off+1"],"relics":["Burning Blood","Paper Frog","Lee\u0027s Waffle","Orichalcum","Mercury Hourglass","Runic Pyramid","Red Mask","Kunai","Blue Candle","Strawberry","StrikeDummy","Shuriken","Fusion Hammer","Vajra","White Beast Statue","Letter Opener","Sundial","Juzu Bracelet"],"acts_visited":["Exordium","TheCity","TheBeyond"],"potions_floor_usage":[42,45,48,50,50],"damage_taken":[{"damage":1.0,"enemies":"Cultist","floor":1.0,"turns":3.0},{"damage":7.0,"enemies":"Jaw Worm","floor":2.0,"turns":3.0},{"damage":4.0,"enemies":"2 Louse","floor":4.0,"turns":4.0},{"damage":15.0,"enemies":"2 Fungi Beasts","floor":5.0,"turns":5.0},{"damage":13.0,"enemies":"Red Slaver","floor":7.0,"turns":3.0},{"damage":6.0,"enemies":"Blue Slaver","floor":8.0,"turns":4.0},{"damage":6.0,"enemies":"Looter","floor":11.0,"turns":3.0},{"damage":37.0,"enemies":"3 Sentries","floor":12.0,"turns":6.0},{"damage":33.0,"enemies":"Gremlin Nob","floor":14.0,"turns":4.0},{"damage":5.0,"enemies":"Hexaghost","floor":16.0,"turns":11.0},{"damage":21.0,"enemies":"2 Thieves","floor":18.0,"turns":3.0},{"damage":28.0,"enemies":"Masked Bandits","floor":19.0,"turns":4.0},{"damage":3.0,"enemies":"3 Byrds","floor":20.0,"turns":4.0},{"damage":5.0,"enemies":"Snecko","floor":21.0,"turns":4.0},{"damage":21.0,"enemies":"Slavers","floor":24.0,"turns":4.0},{"damage":2.0,"enemies":"Gremlin Leader","floor":27.0,"turns":4.0},{"damage":38.0,"enemies":"Book of Stabbing","floor":29.0,"turns":4.0},{"damage":9.0,"enemies":"3 Cultists","floor":30.0,"turns":3.0},{"damage":45.0,"enemies":"Automaton","floor":33.0,"turns":8.0},{"damage":0.0,"enemies":"3 Shapes","floor":35.0,"turns":4.0},{"damage":7,"enemies":"3 Darklings","floor":36,"turns":3},{"damage":0,"enemies":"Maw","floor":38,"turns":5},{"damage":6,"enemies":"Jaw Worm Horde","floor":41,"turns":1},{"damage":12,"enemies":"Nemesis","floor":42,"turns":5},{"damage":33,"enemies":"Reptomancer","floor":45,"turns":4},{"damage":7,"enemies":"4 Shapes","floor":47,"turns":3},{"damage":9,"enemies":"Giant Head","floor":48,"turns":5},{"damage":79,"enemies":"Time Eater","floor":50,"turns":7}],"seed_played":"6736353158237758328","potions_obtained":[{"floor":4.0,"key":"DistilledChaos"},{"floor":7.0,"key":"PowerPotion"},{"floor":11.0,"key":"Ancient Potion"},{"floor":12.0,"key":"LiquidBronze"},{"floor":18.0,"key":"BloodPotion"},{"floor":24.0,"key":"SkillPotion"},{"floor":27.0,"key":"Block Potion"},{"floor":30.0,"key":"ColorlessPotion"},{"floor":33.0,"key":"PowerPotion"},{"floor":35.0,"key":"BloodPotion"},{"floor":42,"key":"FearPotion"},{"floor":45,"key":"Regen Potion"},{"floor":47,"key":"GamblersBrew"},{"floor":48,"key":"Strength Potion"}],"is_trial":false,"path_per_floor":["M","M","?","M","M","R","M","M","T","$","M","E","$","E","R","B",null,"M","?","M","M","?","R","E","R","T","E","R","E","M","$","R","B",null,"M","M","$","M","?","R","M","E","T","?","E","R","M","E","R","B",null],"character_chosen":"IRONCLAD","items_purchased":["Lee\u0027s Waffle","Shrug It Off","Shuriken","Vajra","Swift Potion"],"campfire_rested":4,"item_purchase_floors":[10,10,31,37,37],"current_hp_per_floor":[77,76,76,78,69,69,62,62,62,87,87,56,56,29,29,30,73,58,36,56,57,57,57,42,68,68,79,79,47,48,48,48,13,80,89,91,91,101,101,112,112,110,110,110,86,119,121,118,122,49],"gold":176,"neow_bonus":"HUNDRED_GOLD","is_daily":false,"chose_seed":false,"campfire_upgraded":5,"win_rate":0.0,"timestamp":1611819286,"path_taken":["M","?","?","M","M","R","M","M","T","$","M","E","$","E","R","BOSS","M","?","M","M","?","R","E","R","T","E","R","E","?","$","R","BOSS","M","M","$","M","?","R","M","E","T","?","E","R","M","E","R","BOSS"],"items_purchased_type":["Relic","Card","Relic","Relic","Potion"],"build_version":"2020-12-22","purchased_purges":2,"victory":true,"max_hp_per_floor":[80,80,80,80,80,80,80,80,80,87,87,87,87,87,87,87,87,87,87,87,87,87,87,87,87,87,94,94,94,98,98,98,102,102,105,108,108,112,112,112,112,116,116,116,119,119,122,122,122,122],"card_choices":[{"not_picked":["Sword Boomerang","Reckless Charge"],"picked":"Pummel","floor":1.0},{"not_picked":["Iron Wave","Pummel"],"picked":"Headbutt","floor":2.0},{"not_picked":["Clash","Havoc"],"picked":"Combust","floor":4.0},{"not_picked":["Pommel Strike","Clash"],"picked":"Twin Strike","floor":5.0},{"not_picked":["Dual Wield","Entrench"],"picked":"Armaments","floor":7.0},{"not_picked":["Headbutt","Twin Strike"],"picked":"Shockwave","floor":8.0},{"not_picked":["Warcry","Impervious"],"picked":"Disarm","floor":11.0},{"not_picked":["Dropkick","Headbutt","Second Wind"],"picked":"SKIP","floor":12.0},{"not_picked":["Fire Breathing","Power Through"],"picked":"Shrug It Off","floor":14.0},{"not_picked":["Bludgeon","Demon Form"],"picked":"Immolate","floor":16.0},{"not_picked":["Armaments","Power Through"],"picked":"Pommel Strike","floor":18.0},{"not_picked":["Warcry","Sword Boomerang+1"],"picked":"Flex+1","floor":20.0},{"not_picked":["Combust","Flex","Shrug It Off"],"picked":"SKIP","floor":21.0},{"not_picked":["Havoc","Flex"],"picked":"Limit Break","floor":24.0},{"not_picked":["Body Slam","Wild Strike"],"picked":"Feel No Pain+1","floor":27.0},{"not_picked":["Heavy Blade","Warcry"],"picked":"Feed","floor":29.0},{"not_picked":["Headbutt","Havoc"],"picked":"Spot Weakness","floor":30.0},{"not_picked":["Demon Form","Corruption"],"picked":"Offering","floor":33.0},{"not_picked":["Evolve+1","Clash+1","Entrench"],"picked":"SKIP","floor":35.0},{"not_picked":["Clash+1","Second Wind","Thunderclap"],"picked":"SKIP","floor":36},{"not_picked":["Havoc+1","Wild Strike+1","Cleave+1"],"picked":"SKIP","floor":38},{"not_picked":["True Grit","Fire Breathing","Entrench+1"],"picked":"SKIP","floor":41},{"not_picked":["Blood for Blood+1","Headbutt+1"],"picked":"Battle Trance+1","floor":42},{"not_picked":["Entrench","Armaments","Reckless Charge+1"],"picked":"SKIP","floor":45},{"not_picked":["Body Slam","Armaments"],"picked":"Inflame+1","floor":47},{"not_picked":["Twin Strike+1","Iron Wave+1"],"picked":"Shrug It Off+1","floor":48}],"player_experience":1189005,"relics_obtained":[{"floor":9.0,"key":"Paper Frog"},{"floor":12.0,"key":"Orichalcum"},{"floor":14.0,"key":"Mercury Hourglass"},{"floor":19.0,"key":"Red Mask"},{"floor":24.0,"key":"Kunai"},{"floor":26.0,"key":"Blue Candle"},{"floor":27.0,"key":"Strawberry"},{"floor":29.0,"key":"StrikeDummy"},{"floor":42,"key":"White Beast Statue"},{"floor":43,"key":"Letter Opener"},{"floor":45,"key":"Sundial"},{"floor":48,"key":"Juzu Bracelet"}],"event_choices":[{"damage_healed":0.0,"max_hp_gain":0.0,"max_hp_loss":0.0,"gold_gain":0.0,"event_name":"Liars Game","player_choice":"Ignored","floor":3.0,"gold_loss":0.0,"damage_taken":0.0},{"damage_healed":0.0,"max_hp_gain":0.0,"max_hp_loss":0.0,"gold_gain":0.0,"event_name":"Masked Bandits","player_choice":"Fought Bandits","floor":19.0,"gold_loss":0.0,"damage_taken":0.0},{"damage_healed":0.0,"max_hp_gain":0.0,"max_hp_loss":0.0,"gold_gain":0.0,"event_name":"FaceTrader","player_choice":"Leave","floor":22.0,"gold_loss":0.0,"damage_taken":0.0},{"cards_removed":["Strike_R"],"damage_healed":0,"gold_gain":0,"player_choice":"Removed Attack","damage_taken":0,"max_hp_gain":0,"max_hp_loss":0,"event_name":"Falling","floor":39,"gold_loss":0},{"damage_healed":0,"gold_gain":0,"player_choice":"Memory 1","damage_taken":0,"max_hp_gain":0,"max_hp_loss":0,"event_name":"SensoryStone","floor":44,"gold_loss":0}],"is_beta":false,"boss_relics":[{"not_picked":["Astrolabe","Snecko Eye"],"picked":"Runic Pyramid"},{"not_picked":["SacredBark","Tiny House"],"picked":"Fusion Hammer"}],"items_purged_floors":[10,31],"is_endless":false,"potions_floor_spawned":[4,7,11,12,18,24,27,30,33,35,42,45,47,48],"ascension_level":10}}