{"host":"2smcgt1ki1qcud40","time":1611830026,"event":{"mods":["BaseMod","Minty Spire (QoL Compilation)"],"gold_per_floor":[20,38,53,53,66,98,114,148,174,174,189,206,224,242,242,318,318,330,348,348,348],"floor_reached":20,"language":"ENG","playtime":915,"items_purged":[],"score":346,"play_id":"15c0ef60-aa86-4917-a519-a6d3636ae31c","local_time":"20210128113346","is_ascension_mode":true,"campfire_choices":[{"floor":10.0,"key":"REST"},{"floor":15.0,"key":"REST"}],"circlet_count":0,"master_deck":["AscendersBane","Strike_G","Strike_G","Strike_G","Strike_G","Strike_G","Defend_G","Defend_G","Defend_G","Defend_G","Defend_G","Survivor","Neutralize","Master of Strategy","Deadly Poison","Bane","PiercingWail","Skewer","Dagger Spray","Dagger Spray","Deadly Poison","Cloak And Dagger","Catalyst","Underhanded Strike","Corpse Explosion"],"relics":["Ring of the Snake","Gremlin Horn","The Courier","Toy Ornithopter","SlaversCollar"],"acts_visited":["Exordium","TheCity"],"potions_floor_usage":[16,16,20],"damage_taken":[{"damage":1.0,"enemies":"Small Slimes","floor":1.0,"turns":5.0},{"damage":1.0,"enemies":"Cultist","floor":2.0,"turns":4.0},{"damage":1.0,"enemies":"Jaw Worm","floor":3.0,"turns":4.0},{"damage":0.0,"enemies":"Large Slime","floor":5.0,"turns":6.0},{"damage":32.0,"enemies":"Lagavulin","floor":6.0,"turns":6.0},{"damage":5.0,"enemies":"Red Slaver","floor":7.0,"turns":4.0},{"damage":18.0,"enemies":"Gremlin Nob","floor":8.0,"turns":4.0},{"damage":13.0,"enemies":"Exordium Wildlife","floor":11.0,"turns":6.0},{"damage":1.0,"enemies":"Blue Slaver","floor":12.0,"turns":4.0},{"damage":2.0,"enemies":"2 Fungi Beasts","floor":13.0,"turns":3.0},{"damage":3.0,"enemies":"Looter","floor":14.0,"turns":3.0},{"damage":12,"enemies":"Slime Boss","floor":16,"turns":7},{"damage":46,"enemies":"Shell Parasite","floor":18,"turns":8},{"damage":0,"enemies":"Chosen","floor":19,"turns":4},{"damage":18,"enemies":"Centurion and Healer","floor":20,"turns":2}],"seed_played":"3720309572758808574","potions_obtained":[{"floor":3.0,"key":"GamblersBrew"},{"floor":4.0,"key":"DistilledChaos"},{"floor":4.0,"key":"SteroidPotion"},{"floor":5.0,"key":"Strength Potion"},{"floor":6.0,"key":"Dexterity Potion"},{"floor":7.0,"key":"BlessingOfTheForge"},{"floor":12.0,"key":"DuplicationPotion"},{"floor":13.0,"key":"FearPotion"},{"floor":19,"key":"AttackPotion"}],"is_trial":false,"path_per_floor":["M","M","M","?","M","E","M","E","T","R","M","M","M","M","R","B",null,"M","M","M"],"character_chosen":"THE_SILENT","items_purchased":[],"campfire_rested":2,"item_purchase_floors":[],"current_hp_per_floor":[58,57,56,56,56,24,19,1,1,20,7,6,4,1,20,18,54,8,8,0,0],"gold":348,"neow_bonus":"RANDOM_COLORLESS_2","is_daily":false,"chose_seed":false,"campfire_upgraded":0,"win_rate":0.0,"timestamp":1611830026,"path_taken":["M","M","M","?","M","E","M","E","T","R","M","?","M","M","R","BOSS","M","M","M"],"items_purchased_type":[],"build_version":"2020-12-22","purchased_purges":0,"victory":false,"max_hp_per_floor":[66,66,66,66,66,66,66,66,66,66,66,66,66,66,66,66,66,66,66,66,66],"card_choices":[{"not_picked":["Violence","Magnetism"],"picked":"Master of Strategy","floor":0.0},{"not_picked":["Acrobatics","PiercingWail"],"picked":"Deadly Poison","floor":1.0},{"not_picked":["Infinite Blades","Expertise"],"picked":"Bane","floor":2.0},{"not_picked":["Heel Hook","Acrobatics"],"picked":"PiercingWail","floor":3.0},{"not_picked":["PiercingWail","Outmaneuver"],"picked":"Skewer","floor":5.0},{"not_picked":["Expertise","Outmaneuver"],"picked":"Dagger Spray","floor":6.0},{"not_picked":["A Thousand Cuts","Accuracy"],"picked":"Dagger Spray","floor":7.0},{"not_picked":["Flying Knee","Infinite Blades"],"picked":"Deadly Poison","floor":8.0},{"not_picked":["Prepared","Expertise"],"picked":"Cloak And Dagger","floor":11.0},{"not_picked":["Concentrate","Distraction"],"picked":"Catalyst","floor":12.0},{"not_picked":["Deflect","Dodge and Roll"],"picked":"Underhanded Strike","floor":13.0},{"not_picked":["Poisoned Stab","Acrobatics","Skewer"],"picked":"SKIP","floor":14.0},{"not_picked":["Bullet Time","A Thousand Cuts"],"picked":"Corpse Explosion","floor":16},{"not_picked":["Deflect","Slice","Quick Slash"],"picked":"SKIP","floor":18},{"not_picked":["Poisoned Stab","Prepared","Backflip"],"picked":"SKIP","floor":19}],"player_experience":693397,"relics_obtained":[{"floor":6.0,"key":"Gremlin Horn"},{"floor":8.0,"key":"The Courier"},{"floor":9.0,"key":"Toy Ornithopter"}],"event_choices":[{"damage_healed":0.0,"max_hp_gain":0.0,"max_hp_loss":0.0,"gold_gain":0.0,"event_name":"Lab","player_choice":"Got Potions","floor":4.0,"gold_loss":0.0,"damage_taken":0.0}],"is_beta":false,"boss_relics":[{"not_picked":["WristBlade","Runic Dome"],"picked":"SlaversCollar"}],"items_purged_floors":[],"is_endless":false,"potions_floor_spawned":[3,5,6,7,12,13,19],"killed_by":"Centurion and Healer","ascension_level":16}}