{"host":"fogez99mhgto9ydu","time":1611796059,"event":{"mods":["AchievementEnabler","BaseMod","Colored Map","Colored Powertips","Minty Spire (QoL Compilation)","SuperFastMode"],"gold_per_floor":[113,131,206,224,302,302,332,344,344,374,374,390,17,17,17,119,119,133,144,69,69,69],"floor_reached":21,"language":"ENG","playtime":601,"items_purged":["Strike_B"],"score":189,"play_id":"bcd7812c-e0ec-4b94-aa8f-b32044f57823","local_time":"20210128020739","is_ascension_mode":false,"campfire_choices":[{"floor":6.0,"key":"RECALL"},{"floor":11.0,"key":"REST"},{"floor":15.0,"key":"REST"}],"circlet_count":0,"master_deck":["Strike_B","Strike_B","Strike_B","Defend_B","Defend_B","Defend_B","Defend_B","Zap","Dualcast","Redo","Multi-Cast","Lockon","Redo","Heatsinks","Buffer","Conserve Battery","BootSequence+1"],"relics":["Cracked Core","NeowsBlessing","Mercury Hourglass","Mummified Hand","Ornamental Fan","Emotion Chip","Sozu"],"acts_visited":[],"potions_floor_usage":[],"damage_taken":[{"damage":0.0,"enemies":"Cultist","floor":1.0,"turns":1.0},{"damage":0.0,"enemies":"Jaw Worm","floor":2.0,"turns":1.0},{"damage":0.0,"enemies":"2 Louse","floor":4.0,"turns":1.0},{"damage":31.0,"enemies":"Lagavulin","floor":7.0,"turns":5.0},{"damage":8.0,"enemies":"Blue Slaver","floor":8.0,"turns":5.0},{"damage":24.0,"enemies":"Gremlin Nob","floor":10.0,"turns":4.0},{"damage":1.0,"enemies":"Exordium Thugs","floor":12.0,"turns":4.0},{"damage":40.0,"enemies":"The Guardian","floor":16.0,"turns":11.0},{"damage":10.0,"enemies":"3 Byrds","floor":18.0,"turns":3.0},{"damage":10.0,"enemies":"Spheric Guardian","floor":19.0,"turns":4.0},{"damage":8,"enemies":"Centurion and Healer","floor":21,"turns":5}],"seed_played":"8219786566818656432","potions_obtained":[{"floor":2.0,"key":"SkillPotion"},{"floor":4.0,"key":"Energy Potion"},{"floor":12.0,"key":"Dexterity Potion"},{"floor":16.0,"key":"BlessingOfTheForge"}],"is_trial":false,"path_per_floor":["M","M","?","M","T","R","E","M","T","E","R","M","$","$","R","B",null,"M","M","$","M"],"character_chosen":"DEFECT","items_purchased":["Emotion Chip","Heatsinks"],"campfire_rested":2,"item_purchase_floors":[13,13],"current_hp_per_floor":[75,75,64,64,64,64,33,25,25,1,23,22,22,22,44,4,75,65,55,55,47,47],"gold":69,"neow_bonus":"THREE_ENEMY_KILL","is_daily":false,"chose_seed":false,"campfire_upgraded":0,"win_rate":0.0,"timestamp":1611796059,"path_taken":["M","?","?","M","?","R","E","M","T","E","R","?","?","$","R","BOSS","M","M","$","M"],"items_purchased_type":["Relic","Card"],"build_version":"2020-12-22","purchased_purges":1,"victory":false,"max_hp_per_floor":[75,75,75,75,75,75,75,75,75,75,75,75,75,75,75,75,75,75,75,75,75,75],"card_choices":[{"not_picked":["Streamline","Hologram","Heatsinks"],"picked":"SKIP","floor":1.0},{"not_picked":["Compile Driver","Chaos"],"picked":"Redo","floor":2.0},{"not_picked":["Gash","Coolheaded","Glacier"],"picked":"SKIP","floor":4.0},{"not_picked":["Glacier","Go for the Eyes"],"picked":"Multi-Cast","floor":7.0},{"not_picked":["Chill","Hologram","Stack"],"picked":"SKIP","floor":8.0},{"not_picked":["Beam Cell","Biased Cognition"],"picked":"Lockon","floor":10.0},{"not_picked":["Hologram","Streamline"],"picked":"Redo","floor":12.0},{"not_picked":["Seek","Machine Learning"],"picked":"Buffer","floor":16.0},{"not_picked":["Streamline+1","Rebound"],"picked":"Conserve Battery","floor":18.0},{"not_picked":["Rebound","Rip and Tear"],"picked":"BootSequence+1","floor":19.0}],"player_experience":428463,"relics_obtained":[{"floor":5.0,"key":"Mercury Hourglass"},{"floor":7.0,"key":"Mummified Hand"},{"floor":10.0,"key":"Ornamental Fan"}],"event_choices":[{"damage_healed":0.0,"max_hp_gain":0.0,"max_hp_loss":0.0,"gold_gain":75.0,"event_name":"World of Goop","player_choice":"Gather Gold","floor":3.0,"gold_loss":0.0,"damage_taken":11.0}],"is_beta":false,"boss_relics":[{"not_picked":["Calling Bell","Velvet Choker"],"picked":"Sozu"}],"items_purged_floors":[20],"is_endless":false,"potions_floor_spawned":[2,4,12,16],"killed_by":"Centurion and Healer","ascension_level":0}}