{"host":"dvpvhz1t6etneyb3","time":1611793698,"event":{"mods":["AchievementEnabler","BaseMod","Colored Map","Highlight Path","Minty Spire (QoL Compilation)","Permanent Neow","Quick Restart"],"gold_per_floor":[116,133,145,155,155,155,190,210,233,233,262,273,273,284,284,359,359,373,385,404,25,25,56,56,107,132,132,459,22,47,47,47,124,124,137,153,153,28,28,28,48,83,83,100,116,150,165,211,211,211,211,211,211,39,73,73],"floor_reached":57,"language":"ENG","playtime":2957,"items_purged":["Strike_R","Strike_R","Defend_R"],"score":2864,"play_id":"22b29f48-142f-4caf-82e0-fbcb3af66cec","local_time":"20210127192818","is_ascension_mode":true,"campfire_choices":[{"data":"Shockwave","floor":6.0,"key":"SMITH"},{"data":"Inflame","floor":10.0,"key":"SMITH"},{"data":"Limit Break","floor":15.0,"key":"SMITH"},{"data":"Evolve","floor":24.0,"key":"SMITH"},{"data":"Offering","floor":27.0,"key":"SMITH"},{"data":"Limit Break","floor":32.0,"key":"SMITH"},{"data":"Dual Wield","floor":40.0,"key":"SMITH"},{"floor":49.0,"key":"RECALL"},{"data":"Offering","floor":53,"key":"SMITH"}],"circlet_count":0,"master_deck":["AscendersBane","Strike_R+1","Defend_R","Defend_R","Defend_R","Bash","Inflame+1","Shockwave+1","Twin Strike","Rampage","Offering+1","Reaper","Limit Break+1","Fiend Fire+1","Heavy Blade","Shrug It Off","True Grit","Flame Barrier","Evolve+1","Sword Boomerang","Limit Break+1","RitualDagger","Offering+1","Dual Wield+1","Uppercut","Feel No Pain","Corruption","Disarm"],"relics":["Burning Blood","Mummified Hand","Bag of Preparation","Tiny Chest","SlaversCollar","Akabeko","Whetstone","PreservedInsect","Orichalcum","Old Coin","White Beast Statue","Oddly Smooth Stone","Snecko Eye","CeramicFish","Ancient Tea Set","MealTicket","Strange Spoon","Toy Ornithopter"],"acts_visited":["Exordium","TheCity","TheBeyond","TheEnding"],"potions_floor_usage":[56],"damage_taken":[{"damage":4.0,"enemies":"Small Slimes","floor":1.0,"turns":4.0},{"damage":1.0,"enemies":"Cultist","floor":2.0,"turns":3.0},{"damage":3.0,"enemies":"2 Louse","floor":3.0,"turns":4.0},{"damage":4.0,"enemies":"Large Slime","floor":4.0,"turns":3.0},{"damage":30.0,"enemies":"3 Sentries","floor":7.0,"turns":8.0},{"damage":6.0,"enemies":"3 Louse","floor":8.0,"turns":3.0},{"damage":11.0,"enemies":"Lagavulin","floor":11.0,"turns":4.0},{"damage":15.0,"enemies":"Red Slaver","floor":12.0,"turns":3.0},{"damage":8.0,"enemies":"2 Fungi Beasts","floor":14.0,"turns":3.0},{"damage":25.0,"enemies":"Hexaghost","floor":16.0,"turns":4.0},{"damage":7.0,"enemies":"Spheric Guardian","floor":18.0,"turns":3.0},{"damage":6.0,"enemies":"Chosen","floor":19.0,"turns":3.0},{"damage":33.0,"enemies":"Sentry and Sphere","floor":20.0,"turns":5.0},{"damage":8.0,"enemies":"Book of Stabbing","floor":23.0,"turns":2.0},{"damage":6.0,"enemies":"Gremlin Leader","floor":28.0,"turns":1.0},{"damage":7.0,"enemies":"Book of Stabbing","floor":30.0,"turns":2.0},{"damage":33.0,"enemies":"Champ","floor":33.0,"turns":7.0},{"damage":14.0,"enemies":"3 Darklings","floor":35.0,"turns":3.0},{"damage":0.0,"enemies":"Orb Walker","floor":36.0,"turns":2.0},{"damage":0.0,"enemies":"Jaw Worm Horde","floor":41.0,"turns":2.0},{"damage":15.0,"enemies":"Reptomancer","floor":42.0,"turns":2.0},{"damage":21.0,"enemies":"Writhing Mass","floor":44.0,"turns":2.0},{"damage":32.0,"enemies":"4 Shapes","floor":45.0,"turns":7.0},{"damage":12.0,"enemies":"Giant Head","floor":46.0,"turns":3.0},{"damage":6.0,"enemies":"Spire Growth","floor":47.0,"turns":2.0},{"damage":115.0,"enemies":"Awakened One","floor":50.0,"turns":8.0},{"damage":31.0,"enemies":"Time Eater","floor":51.0,"turns":4.0},{"damage":14,"enemies":"Shield and Spear","floor":55,"turns":2},{"damage":84,"enemies":"The Heart","floor":56,"turns":6}],"seed_played":"-4423603629045386448","potions_obtained":[{"floor":1.0,"key":"EntropicBrew"},{"floor":3.0,"key":"ColorlessPotion"},{"floor":12.0,"key":"SteroidPotion"},{"floor":19.0,"key":"SkillPotion"},{"floor":33.0,"key":"Regen Potion"},{"floor":35.0,"key":"FairyPotion"},{"floor":55,"key":"SkillPotion"}],"is_trial":false,"path_per_floor":["M","M","M","M","?","R","E","M","T","R","E","M","?","M","R","B",null,"M","M","M","$","?","E","R","T","T","R","E","$","E","?","R","B",null,"M","M","?","$","?","R","M","E","T","M","M","E","M","T","R","B","B",null,"R","$","E","B",null],"character_chosen":"IRONCLAD","items_purchased":["Akabeko","AttackPotion","Flame Barrier","White Beast Statue","Strength Potion","Strange Spoon"],"campfire_rested":0,"item_purchase_floors":[21,21,21,29,29,54],"current_hp_per_floor":[77,82,82,82,82,82,58,58,58,58,53,44,44,62,62,82,82,81,82,68,68,68,66,66,66,66,66,82,82,81,75,75,79,81,82,82,78,78,78,78,78,78,78,73,78,78,78,78,78,63,38,68,68,78,70,66],"gold":73,"neow_bonus":"TEN_PERCENT_HP_BONUS","is_daily":false,"chose_seed":false,"campfire_upgraded":8,"win_rate":0.0,"timestamp":1611793698,"path_taken":["M","M","M","M","?","R","E","M","T","R","E","?","?","M","R","BOSS","BOSS","M","M","M","$","?","E","R","?","T","R","E","$","E","?","R","BOSS","M","M","?","$","?","R","M","E","T","M","M","E","M","?","R","BOSS","BOSS","R","$","E","BOSS"],"items_purchased_type":["Relic","Potion","Card","Relic","Potion","Relic"],"build_version":"2020-12-22","purchased_purges":3,"victory":true,"max_hp_per_floor":[82,82,82,82,82,82,82,82,82,82,82,82,82,82,82,82,82,82,82,82,82,82,82,82,82,82,82,82,82,82,82,82,82,82,82,82,78,78,78,78,78,78,78,78,78,78,78,78,78,78,78,78,78,78,78,78],"card_choices":[{"not_picked":["Armaments","Metallicize"],"picked":"Inflame","floor":1.0},{"not_picked":["Metallicize","Wild Strike"],"picked":"Shockwave","floor":2.0},{"not_picked":["Shockwave","Warcry"],"picked":"Twin Strike","floor":3.0},{"not_picked":["Reckless Charge","Havoc"],"picked":"Rampage","floor":4.0},{"not_picked":["Anger","Bloodletting"],"picked":"Offering","floor":7.0},{"not_picked":["Flex","Perfected Strike","Warcry"],"picked":"SKIP","floor":8.0},{"not_picked":["Searing Blow","Headbutt"],"picked":"Reaper","floor":11.0},{"not_picked":["Infernal Blade","Clash","Entrench"],"picked":"SKIP","floor":12.0},{"not_picked":["Clash","Shrug It Off"],"picked":"Limit Break","floor":14.0},{"not_picked":["Limit Break","Immolate"],"picked":"Fiend Fire","floor":16.0},{"not_picked":["Clothesline","Cleave"],"picked":"Heavy Blade","floor":18.0},{"not_picked":["Perfected Strike","Dropkick"],"picked":"Shrug It Off","floor":19.0},{"not_picked":["Burning Pact+1","Wild Strike"],"picked":"True Grit","floor":20.0},{"not_picked":["Clothesline","Wild Strike"],"picked":"Evolve","floor":23.0},{"not_picked":["Rupture","Heavy Blade"],"picked":"Sword Boomerang","floor":28.0},{"not_picked":["Headbutt+1","Havoc"],"picked":"Limit Break","floor":30.0},{"not_picked":["Exhume","Impervious"],"picked":"Offering","floor":33.0},{"not_picked":["Heavy Blade","Power Through"],"picked":"Dual Wield","floor":35.0},{"not_picked":["Pommel Strike+1","Havoc"],"picked":"Uppercut","floor":36.0},{"not_picked":["Power Through","Anger","Cleave"],"picked":"SKIP","floor":41.0},{"not_picked":["Rupture+1","Headbutt"],"picked":"Feel No Pain","floor":42.0},{"not_picked":["Perfected Strike","Heavy Blade","Infernal Blade"],"picked":"SKIP","floor":44.0},{"not_picked":["Headbutt+1","Ghostly Armor","Carnage"],"picked":"SKIP","floor":45.0},{"not_picked":["Barricade","Thunderclap"],"picked":"Corruption","floor":46.0},{"not_picked":["Pommel Strike","Clothesline","Headbutt"],"picked":"SKIP","floor":47.0},{"not_picked":["Heavy Blade","Perfected Strike"],"picked":"Disarm","floor":55}],"player_experience":2086093,"relics_obtained":[{"floor":7.0,"key":"Mummified Hand"},{"floor":9.0,"key":"Bag of Preparation"},{"floor":11.0,"key":"Tiny Chest"},{"floor":23.0,"key":"Whetstone"},{"floor":25.0,"key":"PreservedInsect"},{"floor":26.0,"key":"Orichalcum"},{"floor":28.0,"key":"Old Coin"},{"floor":30.0,"key":"Oddly Smooth Stone"},{"floor":42.0,"key":"CeramicFish"},{"floor":46.0,"key":"Ancient Tea Set"},{"floor":48.0,"key":"MealTicket"},{"floor":55,"key":"Toy Ornithopter"}],"event_choices":[{"cards_removed":["Strike_R"],"damage_healed":0.0,"max_hp_gain":0.0,"max_hp_loss":0.0,"gold_gain":0.0,"event_name":"Purifier","player_choice":"Purged","floor":5.0,"gold_loss":0.0,"damage_taken":0.0},{"cards_removed":["Strike_R"],"damage_healed":0.0,"max_hp_gain":0.0,"max_hp_loss":0.0,"gold_gain":0.0,"event_name":"Wheel of Change","player_choice":"Card Removal","floor":13.0,"gold_loss":0.0,"damage_taken":0.0},{"damage_healed":0.0,"max_hp_gain":0.0,"max_hp_loss":0.0,"gold_gain":0.0,"event_name":"Vampires","player_choice":"Ignored","floor":22.0,"gold_loss":0.0,"damage_taken":0.0},{"damage_healed":0.0,"max_hp_gain":0.0,"max_hp_loss":0.0,"gold_gain":0.0,"event_name":"Nest","player_choice":"Joined the Cult","floor":31.0,"gold_loss":0.0,"damage_taken":6.0,"cards_obtained":["RitualDagger"]},{"damage_healed":0.0,"max_hp_gain":0.0,"max_hp_loss":4.0,"gold_gain":0.0,"event_name":"Winding Halls","player_choice":"Max HP","floor":37.0,"gold_loss":0.0,"damage_taken":0.0},{"damage_healed":0.0,"max_hp_gain":0.0,"max_hp_loss":0.0,"gold_gain":0.0,"event_name":"Lab","player_choice":"Got Potions","floor":39.0,"gold_loss":0.0,"damage_taken":0.0}],"is_beta":false,"boss_relics":[{"not_picked":["SacredBark","Sozu"],"picked":"SlaversCollar"},{"not_picked":["Calling Bell","Runic Dome"],"picked":"Snecko Eye"}],"items_purged_floors":[21,29,38],"is_endless":false,"potions_floor_spawned":[1,3,12,14,19,30,33,35,36,41,42,44,45,46,47,55],"ascension_level":20}}