{"host":"8fnghcq8tvbg6z9e","time":1611842017,"event":{"mods":["BaseMod","Downfall","Minty Spire (QoL Compilation)","Quick Restart","StSLib"],"gold_per_floor":[116,116,116,128,128,160,178,178,178,196,146,146,163,178,178,178,178],"floor_reached":16,"language":"ZHS","playtime":305,"items_purged":["Defend_R"],"score":127,"play_id":"e1e2e240-c9d8-4370-8f1c-526ed369b036","local_time":"20210128215337","is_ascension_mode":false,"campfire_choices":[{"floor":12,"key":"RECALL"},{"data":"Wild Strike","floor":15,"key":"SMITH"}],"circlet_count":0,"master_deck":["Strike_R","Strike_R","Strike_R+1","Strike_R+1","Defend_R","Defend_R","Defend_R","Bash","Seeing Red+1","True Grit+1","Perfected Strike","Perfected Strike","Wild Strike+1"],"relics":["Burning Blood","NeowsBlessing","Toxic Egg 2","Smiling Mask","Matryoshka"],"acts_visited":["Exordium"],"potions_floor_usage":[],"damage_taken":[{"damage":0,"enemies":"Jaw Worm","floor":1,"turns":1},{"damage":0,"enemies":"Small Slimes","floor":4,"turns":1},{"damage":0,"enemies":"3 Sentries","floor":6,"turns":2},{"damage":0,"enemies":"Cultist","floor":7,"turns":3},{"damage":5,"enemies":"Looter","floor":10,"turns":4},{"damage":12,"enemies":"Blue Slaver","floor":13,"turns":3},{"damage":8,"enemies":"Gremlin Gang","floor":14,"turns":4},{"damage":11,"enemies":"Slime Boss","floor":16,"turns":5}],"seed_played":"6540412250479749837","potions_obtained":[{"floor":1,"key":"GamblersBrew"},{"floor":10,"key":"HeartOfIron"},{"floor":13,"key":"EntropicBrew"}],"is_trial":false,"path_per_floor":["M","?","?","M","?","E","M","?","T","M","$","R","M","M","R","B"],"character_chosen":"IRONCLAD","items_purchased":[],"campfire_rested":0,"item_purchase_floors":[],"current_hp_per_floor":[80,73,57,63,68,74,80,80,80,81,81,81,75,73,73,62,62],"gold":178,"neow_bonus":"THREE_ENEMY_KILL","is_daily":false,"chose_seed":false,"campfire_upgraded":1,"win_rate":0.0,"timestamp":1611842017,"path_taken":["M","?","?","?","?","E","M","?","T","M","$","R","M","?","R","BOSS"],"items_purchased_type":[],"build_version":"2020-12-22","purchased_purges":1,"victory":false,"max_hp_per_floor":[80,80,80,80,85,85,85,85,85,85,85,85,85,85,85,85,85],"card_choices":[{"not_picked":["Sentinel","Warcry","Sword Boomerang"],"picked":"SKIP","floor":1},{"not_picked":["Infernal Blade+1","Perfected Strike"],"picked":"Seeing Red+1","floor":4},{"not_picked":["Twin Strike","Impervious+1"],"picked":"True Grit+1","floor":6},{"not_picked":["Flame Barrier+1","Headbutt","Pommel Strike"],"picked":"SKIP","floor":7},{"not_picked":["Rage+1","Havoc+1","Bloodletting+1"],"picked":"SKIP","floor":10},{"not_picked":["Cleave","Combust"],"picked":"Perfected Strike","floor":13},{"not_picked":["Armaments+1","Corruption"],"picked":"Wild Strike","floor":14}],"player_experience":193060,"relics_obtained":[{"floor":6,"key":"Smiling Mask"},{"floor":9,"key":"Matryoshka"}],"event_choices":[{"damage_healed":0,"gold_gain":0,"player_choice":"Success","damage_taken":7,"relics_obtained":["Toxic Egg 2"],"max_hp_gain":0,"max_hp_loss":0,"event_name":"Scrap Ooze","floor":2,"gold_loss":0},{"damage_healed":0,"gold_gain":0,"player_choice":"Entered Light","damage_taken":16,"max_hp_gain":0,"max_hp_loss":0,"event_name":"Shining Light","floor":3,"gold_loss":0,"cards_upgraded":["Strike_R","Strike_R"]},{"damage_healed":0,"gold_gain":0,"player_choice":"Donut","damage_taken":0,"max_hp_gain":5,"max_hp_loss":0,"event_name":"Big Fish","floor":5,"gold_loss":0},{"damage_healed":0,"gold_gain":0,"cards_transformed":["Strike_R"],"player_choice":"Transformed","damage_taken":0,"max_hp_gain":0,"max_hp_loss":0,"event_name":"Transmorgrifier","floor":8,"gold_loss":0,"cards_obtained":["Perfected Strike"]}],"is_beta":false,"boss_relics":[],"items_purged_floors":[11],"is_endless":false,"potions_floor_spawned":[1,10,13],"killed_by":"Slime Boss","ascension_level":0}}