{"host":"3ax5ddihkk7c8xc9","time":1611840401,"event":{"mods":["BaseMod","Downfall","Duelist Mod","Minty Spire (QoL Compilation)","Replay The Spire","StSLib","The Necromancer"],"gold_per_floor":[117,35,51,64,77,77,106,106,106,124,124,124,124,21,35,49,49,146,146,146],"floor_reached":19,"language":"ENG","playtime":891,"items_purged":[],"score":194,"play_id":"fa048aeb-1497-4fb9-808f-77dc60785b57","local_time":"20210128142641","is_ascension_mode":false,"campfire_choices":[{"data":"Slay_Living","floor":6,"key":"SMITH"},{"data":"Death_March_Dance","floor":8,"key":"SMITH"},{"data":"Hellfire","floor":11,"key":"SMITH"}],"circlet_count":0,"master_deck":["Strike_W","Strike_W","Strike_W","Strike_W","Defend_W","Defend_W","Defend_W","Defend_W","Negative_Energy_Arrows","Bone_Wall","Slay_Living+1","Summon_Lich","Life_Drain","Bone_Bullets","Bone_Armor","Death_March_Dance+1","Hellfire+1","Blood_Magic+1","Vampiric_Strike+1","Summon_Vampire_Lady","Requiem","CurseOfTheBell","Hallucinations","theDuelist:DuelistAscender"],"relics":["Vampire_Amulet","Peace Pipe","CaptainsWheel","Replay:Ancient Bell","Replay:Wax Seal","Iron Hammer","Counterbalance"],"acts_visited":["Exordium","TheCity"],"potions_floor_usage":[18],"damage_taken":[{"damage":2,"enemies":"Cultist","floor":1,"turns":6},{"damage":8,"enemies":"2 Louse","floor":3,"turns":4},{"damage":10,"enemies":"Small Slimes","floor":4,"turns":4},{"damage":13,"enemies":"Blue Slaver","floor":5,"turns":4},{"damage":28,"enemies":"Replay:BlueRogue","floor":7,"turns":8},{"damage":8,"enemies":"Red Slaver","floor":10,"turns":5},{"damage":23,"enemies":"Exordium Wildlife","floor":15,"turns":3},{"damage":8,"enemies":"Gremlin Gang","floor":16,"turns":4},{"damage":52,"enemies":"Hexaghost","floor":18,"turns":7}],"seed_played":"-8545161083910737453","potions_obtained":[{"floor":1,"key":"LiquidBronze"},{"floor":3,"key":"Dexterity Potion"},{"floor":4,"key":"Cursed Concoction"}],"is_trial":false,"path_per_floor":["M","$","M","M","M","R","E","R","T","M","R","PTL","PTL","$","M","M","R","B",null],"character_chosen":"NECROMANCER","items_purchased":["Summon_Lich","Blood_Magic+1"],"campfire_rested":0,"item_purchase_floors":[2,14],"current_hp_per_floor":[82,82,77,74,69,69,53,53,53,53,53,53,53,53,40,47,71,49,82,82],"gold":146,"neow_bonus":"TEN_PERCENT_HP_BONUS","is_daily":false,"chose_seed":false,"campfire_upgraded":3,"win_rate":0.0,"timestamp":1611840401,"path_taken":["M","?","M","M","M","R","E","R","T","M","R","PTL","PTL","$","M","?","R","BOSS"],"items_purchased_type":["Card","Card"],"build_version":"2020-12-22","purchased_purges":0,"victory":false,"max_hp_per_floor":[82,82,82,82,82,82,82,82,82,82,82,82,82,82,82,82,82,82,82,82],"card_choices":[{"not_picked":["Finger_Of_Death","Vampiric_Strike"],"picked":"Slay_Living","floor":1},{"not_picked":["Corrupt","Chill_Blood"],"picked":"Life_Drain","floor":3},{"not_picked":["Negative_Energy_Shield","Negative_Energy_Burst"],"picked":"Bone_Bullets","floor":4},{"not_picked":["Violent_Necrosis","Bone_Bullets"],"picked":"Bone_Armor","floor":5},{"not_picked":["Pandemic","Plague_Bolt"],"picked":"Death_March_Dance","floor":7},{"not_picked":["Spectral_Armor","Bone_Armor"],"picked":"Hellfire","floor":10},{"not_picked":["Toxic_Smoke_Screen","Spectral_Armor"],"picked":"Vampiric_Strike","floor":15},{"not_picked":["Bone_Armory","Scare"],"picked":"Summon_Vampire_Lady","floor":16},{"not_picked":["Hellfire","Grasp_Heart"],"picked":"Requiem","floor":18},{"not_picked":["downfall:Malfunctioning","ReplayTheSpireMod:Restless Dread"],"picked":"CurseOfTheBell","floor":19},{"not_picked":["Overencumbered","theDuelist:CurseArmaments"],"picked":"Hallucinations","floor":19},{"not_picked":["theDuelist:CurseAnubis","downfall:Haunted"],"picked":"theDuelist:DuelistAscender","floor":19}],"player_experience":213849,"relics_obtained":[{"floor":7,"key":"Peace Pipe"},{"floor":9,"key":"CaptainsWheel"}],"event_choices":[],"is_beta":false,"boss_relics":[{"not_picked":["Replay:Bronze Core","Replay:Drink Me"],"picked":"Replay:Ancient Bell"},{"not_picked":["Pen Nib","Nunchaku"],"picked":"Replay:Wax Seal"},{"not_picked":["ReplayTheSpireMod:Ninjato","Pantograph"],"picked":"Iron Hammer"},{"not_picked":["Pondfish Scales","Bird Faced Urn"],"picked":"Counterbalance"}],"items_purged_floors":[],"is_endless":false,"potions_floor_spawned":[1,3,4,5],"ascension_level":0}}