{"host":"clf2hd4adhiiw0zf","time":1611806968,"event":{"mods":["AchievementEnabler","BaseMod","Beaked The Cultist","Bestiary","Dark Map","Downfall","Gremlin Mod","Hermit","Jorbs\u0027s Wanderer Trilogy","Marisa????????","Minty Spire (QoL Compilation)","Shop Mod","StSLib","The Cursed","The Servant 0.9.4","Wide Potions"],"gold_per_floor":[99,99,99,99,199,99,99,116,144,161,61,90,75,250,264,363,363,363,376,408,408,419,451,476,489,499,532,532,532,532],"floor_reached":28,"language":"ENG","playtime":865,"items_purged":[],"score":461,"play_id":"4e17d043-ef03-4731-9a16-59583d85b91a","local_time":"20210127210928","is_ascension_mode":true,"campfire_choices":[{"floor":1,"key":"RECALL"},{"data":"champ:Improvising","floor":6,"key":"SMITH"},{"data":"champ:FanOfKnives","floor":11,"key":"SMITH"},{"data":"champ:TripleStrike","floor":18,"key":"SMITH"}],"circlet_count":0,"master_deck":["champ:Strike","champ:Strike","champ:Strike","champ:Strike","champ:Defend","champ:Defend","champ:Defend","champ:Defend","champ:Execute","champ:Taunt","champ:PerfectedStrike","champ:FanOfKnives+1","stsjorbsmod:Procrastination","champ:Improvising+1","champ:FanOfKnives","Pain","downfall:Haunted","champ:CalledShot","champ:ShieldWall","champ:DeathBlow","champ:TripleStrike+1","champ:Encircle","Doubt","champ:FaceSlap","champ:SwordThrow+1","champ:AdrenalArmor","champ:FanOfKnives","TheCursedMod:Dregs","downfall:Icky","champ:EnGarde+1"],"relics":["champ:ChampionCrown","downfall:HeartsMalice","downfall:ExtraCursedKey","Potion Belt","downfall:HeartBlessingRed","Ornamental Fan","Matryoshka","downfall:HeartBlessingGreen","White Beast Statue","bronze:MakeshiftBattery","Red Mask","Lantern","Anchor","Ginger"],"acts_visited":["Exordium","TheCity"],"potions_floor_usage":[9,12,12,13,16,16,16,20,23,25,25,27],"damage_taken":[{"damage":0,"enemies":"Jaw Worm","floor":2,"turns":1},{"damage":0,"enemies":"downfall:FleeingMerchant","floor":3,"turns":1},{"damage":0,"enemies":"downfall:LadyInBlue","floor":5,"turns":1},{"damage":12,"enemies":"2 Louse","floor":8,"turns":2},{"damage":13,"enemies":"Gremlin Nob","floor":9,"turns":2},{"damage":13,"enemies":"Cultist","floor":10,"turns":3},{"damage":1,"enemies":"Lagavulin","floor":12,"turns":2},{"damage":34,"enemies":"downfall:FleeingMerchant","floor":13,"turns":4},{"damage":14,"enemies":"Gremlin Gang","floor":15,"turns":2},{"damage":64,"enemies":"SI_SHIV_ARCHETYPE","floor":16,"turns":6},{"damage":20,"enemies":"Shell Parasite","floor":19,"turns":4},{"damage":33,"enemies":"Masked Bandits","floor":20,"turns":3},{"damage":0,"enemies":"Spheric Guardian","floor":22,"turns":2},{"damage":49,"enemies":"Book of Stabbing","floor":23,"turns":4},{"damage":25,"enemies":"Snake Plant","floor":25,"turns":3},{"damage":20,"enemies":"Chosen and Byrds","floor":26,"turns":3},{"damage":41,"enemies":"Gremlin Leader","floor":27,"turns":5},{"damage":34,"enemies":"Shelled Parasite and Fungi","floor":28,"turns":2}],"seed_played":"2316634446786198308","potions_obtained":[{"floor":5,"key":"ColorlessPotion"},{"floor":5,"key":"Fire Potion"},{"floor":5,"key":"Swift Potion"},{"floor":9,"key":"AttackPotion"},{"floor":12,"key":"AttackPotion"},{"floor":13,"key":"hexamod:SoulburnPotion"},{"floor":15,"key":"Swift Potion"},{"floor":16,"key":"Weak Potion"},{"floor":19,"key":"AttackPotion"},{"floor":20,"key":"SneckoOil"},{"floor":22,"key":"SpeedPotion"},{"floor":23,"key":"DistilledChaos"},{"floor":25,"key":"Swift Potion"},{"floor":26,"key":"bronze:BurnAndBuffPotion"},{"floor":27,"key":"DuplicationPotion"}],"is_trial":false,"path_per_floor":["R","M","$","?","?","R","T","M","E","M","R","E","$","?","M","B",null,"R","M","?","?","M","E","T","M","M","E","M"],"character_chosen":"THE_CHAMP","items_purchased":[],"campfire_rested":0,"item_purchase_floors":[],"current_hp_per_floor":[90,90,90,90,90,90,90,88,85,77,77,76,72,72,58,4,90,90,70,57,57,57,43,43,28,28,15,0,0,0],"gold":532,"neow_bonus":"THREE_ENEMY_KILL","is_daily":false,"chose_seed":false,"campfire_upgraded":3,"win_rate":0.0,"timestamp":1611806968,"path_taken":["R","M","$","?","?","R","T","?","E","?","R","E","$","?","M","BOSS","R","M","?","?","?","E","T","M","M","E","?"],"items_purchased_type":[],"build_version":"2020-12-22","purchased_purges":0,"victory":false,"max_hp_per_floor":[90,90,90,90,90,90,90,90,90,90,90,90,90,90,90,90,90,90,90,90,90,90,90,90,90,90,90,90,90,90],"card_choices":[{"not_picked":["champ:TornadoPunch","champ:BladeFlurry"],"picked":"champ:PerfectedStrike","floor":2},{"not_picked":["champ:StanceDance","champ:GladiatorStyle"],"picked":"champ:FanOfKnives","floor":3},{"not_picked":["champ:CrookedStrike","champ:BerserkersShout"],"picked":"champ:FanOfKnives","floor":5},{"not_picked":["champ:PerfectedStrike","champ:Circumvent"],"picked":"champ:CalledShot","floor":8},{"not_picked":["champ:FlashCut","champ:BerserkersShout"],"picked":"champ:ShieldWall","floor":9},{"not_picked":["champ:ShieldWall","champ:RapidStrikes"],"picked":"champ:DeathBlow","floor":10},{"not_picked":["champ:GutPunch","champ:StanceDance"],"picked":"champ:TripleStrike","floor":12},{"not_picked":["champ:DefensiveShout","champ:StanceDance"],"picked":"champ:Encircle","floor":13},{"not_picked":["champ:Encircle","champ:SwordSigil"],"picked":"champ:FaceSlap","floor":15},{"not_picked":["champ:EnchantCrown","champ:EnchantShield"],"picked":"champ:SwordThrow","floor":16},{"not_picked":["champ:BerserkersShout","champ:PerfectedStrike+1"],"picked":"champ:AdrenalArmor","floor":19},{"not_picked":["champ:CrownThrow","champ:TornadoPunch+1"],"picked":"champ:FanOfKnives","floor":20},{"not_picked":["champ:Parry","champ:FlashCut","champ:Backstep"],"picked":"SKIP","floor":22},{"not_picked":["champ:SkillfulDodge+1","champ:ShieldSlam","champ:ArenaPreparation+1"],"picked":"SKIP","floor":23},{"not_picked":["champ:GutPunch","champ:Backstep","champ:PreciseThrust+1"],"picked":"SKIP","floor":25},{"not_picked":["champ:RageSigil","champ:SkillfulDodge+1","champ:Encircle"],"picked":"SKIP","floor":26},{"not_picked":["champ:GladiatorStyle","champ:DeathBlow+1"],"picked":"champ:EnGarde+1","floor":27}],"player_experience":135293,"relics_obtained":[{"floor":5,"key":"Potion Belt"},{"floor":7,"key":"Ornamental Fan"},{"floor":9,"key":"Matryoshka"},{"floor":12,"key":"White Beast Statue"},{"floor":20,"key":"Red Mask"},{"floor":23,"key":"Lantern"},{"floor":24,"key":"Anchor"},{"floor":27,"key":"Ginger"}],"event_choices":[{"damage_healed":0,"gold_gain":0,"player_choice":"Fought Bandits","damage_taken":0,"max_hp_gain":0,"max_hp_loss":0,"event_name":"Masked Bandits","floor":20,"gold_loss":0},{"damage_healed":0,"gold_gain":0,"player_choice":"Forge","damage_taken":0,"max_hp_gain":0,"max_hp_loss":0,"event_name":"Accursed Blacksmith","floor":21,"gold_loss":0,"cards_upgraded":["champ:SwordThrow"]}],"is_beta":false,"boss_relics":[{"not_picked":["Runic Pyramid","SlaversCollar"],"picked":"bronze:MakeshiftBattery"}],"items_purged_floors":[],"is_endless":false,"potions_floor_spawned":[8,9,12,13,15,16,19,20,22,23,25,26,27],"killed_by":"Shelled Parasite and Fungi","ascension_level":3}}