{"host":"sboty77psj7t2cnn","time":1611856651,"event":{"mods":["Aspiration","BaseMod","Beaked The Cultist","Better Match","Better Vampires","ChefMod","Colored Map","Conspire","Dio Mod","Downfall","Hermit","Hubris","Infinite Spire","Jorbs\u0027s Wanderer Trilogy","Minty Spire (QoL Compilation)","StSLib","The Witch"],"gold_per_floor":[0,15,0,0,0,35,35,63,63,16,44,61,75,93,112,209,209,109,120,51,61,79,79,106,117,17,31,31,31,42,77,94,190,190,90,106,120,45,58,92,115,115,115,134,134,39,39,55,65,65,65,65],"floor_reached":50,"language":"SPA","playtime":4245,"items_purged":["Injury","Slimebound:Strike_Slimebound","Slimebound:Strike_Slimebound"],"score":541,"play_id":"aeaacfa2-f143-465c-bed4-eaa70c470b78","local_time":"20210128115731","is_ascension_mode":false,"campfire_choices":[{"data":"Slimebound:Split","floor":1,"key":"SMITH"},{"floor":9,"key":"REST"},{"floor":18,"key":"RECALL"},{"data":"Slimebound:MassRepurpose","floor":23,"key":"SMITH"},{"data":"Slimebound:SamplingLick","floor":26,"key":"SMITH"},{"data":"hubris:EnhanceAbility","floor":28,"key":"SMITH"},{"data":"Slimebound:Repurpose","floor":35,"key":"SMITH"}],"circlet_count":0,"master_deck":["Slimebound:Strike_Slimebound","Slimebound:Tackle","Slimebound:Defend_Slimebound","Slimebound:Defend_Slimebound","Slimebound:Defend_Slimebound","Slimebound:Defend_Slimebound","Slimebound:Split+1","Slimebound:CorrosiveSpit","hubris:EnhanceAbility+1","Slimebound:SamplingLick+1","Slimebound:RollThrough","Slimebound:Schlurp","Slimebound:Gluttony+1","Slimebound:LeadByExample+1","Slimebound:GoopSpray","Slimebound:LevelUp+1","Slimebound:TongueLash","Slimebound:GoopSpray","Slimebound:TagTeam","Slimebound:Schlurp","Slimebound:SplitLeeching","Slimebound:MassRepurpose+1","Slimebound:SamplingLick+1","Slimebound:SpikyOuterGoop+1","Slimebound:Repurpose+1","Slimebound:SplitLeeching","Slimebound:SplitSpecialist+1","Slimebound:SpikyOuterGoop+1","Slimebound:RallyTheTroops","Slimebound:MassRepurpose","Slimebound:DisruptingSlam+1","Slimebound:FormOfPuddle","Slimebound:LevelUp+1","infinitespire:Starlight","hubris:NaturalOne","Slimebound:GoopSpray+1","infinitespire:Starlight","Slimebound:LivingWall+1"],"relics":["Slimebound:AbsorbEndCombat","Frozen Egg 2","The Courier","hubris:64BitClover","MealTicket","hubris:MysteriousPyramids","Runic Pyramid","downfall:HeartBlessingGreen","Potion Belt","downfall:HeartBlessingBlue","hubris:Towel","Lantern","conspire:RoyalGoblet","downfall:HeartBlessingRed","aspiration:FetidBarrel","aspiration:StickyExplosives_weak","Bag of Marbles","hubris:Icosahedron","Matryoshka"],"acts_visited":["Exordium","TheCity","TheBeyond"],"potions_floor_usage":[8,14,16,25,31,33,33,40,40,44,46],"damage_taken":[{"damage":0,"enemies":"2 Louse","floor":2,"turns":2},{"damage":0,"enemies":"downfall:FleeingMerchant","floor":3,"turns":4},{"damage":0,"enemies":"downfall:FleeingMerchant","floor":5,"turns":4},{"damage":19,"enemies":"Lagavulin","floor":6,"turns":6},{"damage":27,"enemies":"3 Sentries","floor":8,"turns":8},{"damage":5,"enemies":"downfall:FleeingMerchant","floor":10,"turns":4},{"damage":10,"enemies":"Lagavulin","floor":11,"turns":6},{"damage":2,"enemies":"Jaw Worm","floor":12,"turns":4},{"damage":1,"enemies":"Small Slimes","floor":13,"turns":3},{"damage":0,"enemies":"conspire:2 RoseBushes","floor":14,"turns":6},{"damage":2,"enemies":"Blue Slaver","floor":15,"turns":3},{"damage":23,"enemies":"SI_SHIV_ARCHETYPE","floor":16,"turns":8},{"damage":0,"enemies":"Chosen","floor":19,"turns":4},{"damage":0,"enemies":"downfall:FleeingMerchant","floor":20,"turns":4},{"damage":5,"enemies":"Shell Parasite","floor":21,"turns":5},{"damage":22,"enemies":"Snake Plant","floor":22,"turns":4},{"damage":1,"enemies":"Cultist and Chosen","floor":25,"turns":6},{"damage":0,"enemies":"Chosen and Byrds","floor":27,"turns":6},{"damage":8,"enemies":"Shelled Parasite and Fungi","floor":30,"turns":6},{"damage":25,"enemies":"Gremlin Leader","floor":31,"turns":6},{"damage":5,"enemies":"Snake Plant","floor":32,"turns":4},{"damage":30,"enemies":"DF_ARCHETYPE_CLAW","floor":33,"turns":9},{"damage":0,"enemies":"3 Shapes","floor":36,"turns":4},{"damage":7,"enemies":"3 Darklings","floor":37,"turns":4},{"damage":18,"enemies":"downfall:FleeingMerchant","floor":38,"turns":4},{"damage":40,"enemies":"4 Shapes","floor":39,"turns":4},{"damage":24,"enemies":"Reptomancer","floor":40,"turns":6},{"damage":1,"enemies":"Sphere and 2 Shapes","floor":44,"turns":4},{"damage":0,"enemies":"downfall:FleeingMerchant","floor":46,"turns":4},{"damage":13,"enemies":"Maw","floor":48,"turns":7},{"damage":18,"enemies":"Jaw Worm Horde","floor":49,"turns":4},{"damage":30,"enemies":"IC_BLOCK_ARCHETYPE","floor":50,"turns":2}],"seed_played":"5662050618768691257","potions_obtained":[{"floor":6,"key":"AttackPotion"},{"floor":8,"key":"Weak Potion"},{"floor":14,"key":"EssenceOfSteel"},{"floor":15,"key":"FearPotion"},{"floor":16,"key":"Weak Potion"},{"floor":22,"key":"Swift Potion"},{"floor":25,"key":"EssenceOfSteel"},{"floor":31,"key":"FearPotion"},{"floor":36,"key":"LiquidBronze"},{"floor":39,"key":"AttackPotion"},{"floor":40,"key":"Fire Potion"}],"is_trial":false,"path_per_floor":["R","M","$","?","$","E","T","E","R","$","E","M","M","M","M","B",null,"R","M","$","M","M","R","T","M","R","M","R","?","M","E","M","B",null,"R","M","M","$","M","E","T","?","?","M","AVR","$","?","M","M","B"],"character_chosen":"SLIMEBOUND","items_purchased":["Slimebound:LevelUp+1","Slimebound:SpikyOuterGoop+1"],"campfire_rested":1,"item_purchase_floors":[10,20],"current_hp_per_floor":[65,65,65,65,65,50,50,31,50,64,55,61,62,65,65,44,65,65,65,65,65,47,47,47,54,64,72,72,72,70,52,53,31,75,75,75,70,59,27,11,11,11,11,16,16,37,37,42,30,0,0,0],"gold":65,"neow_bonus":"RANDOM_COLORLESS_2","is_daily":false,"chose_seed":false,"campfire_upgraded":5,"win_rate":0.0,"timestamp":1611856651,"path_taken":["R","M","$","?","?","E","T","E","R","$","E","M","M","M","M","BOSS","R","M","$","M","M","R","T","M","R","M","R","?","M","E","M","BOSS","R","M","M","$","M","E","T","?","?","M","AVR","?","?","?","M","BOSS"],"items_purchased_type":["Card","Card"],"build_version":"2020-12-22","purchased_purges":3,"victory":false,"max_hp_per_floor":[65,65,65,65,65,65,65,65,65,65,65,65,65,65,65,65,65,65,65,65,65,65,65,65,65,75,75,75,75,75,75,75,75,75,75,75,75,75,75,75,75,75,75,75,75,75,75,75,75,75,75,75],"card_choices":[{"not_picked":["Panache","Secret Weapon"],"picked":"hubris:EnhanceAbility","floor":0},{"not_picked":["Slimebound:ViciousTackle","Slimebound:LivingWall"],"picked":"Slimebound:SamplingLick","floor":2},{"not_picked":["Slimebound:LivingWall","Slimebound:SamplingLick"],"picked":"Slimebound:RollThrough","floor":3},{"not_picked":["Slimebound:ComboTackle","Slimebound:GoopTackle"],"picked":"Slimebound:Schlurp","floor":5},{"not_picked":["Slimebound:Replication","Slimebound:AcidTongue+1"],"picked":"Slimebound:Gluttony+1","floor":6},{"not_picked":["Slimebound:AcidTongue+1","Slimebound:ForwardTackle"],"picked":"Slimebound:LeadByExample+1","floor":8},{"not_picked":["Slimebound:Equalize","Slimebound:Replication"],"picked":"Slimebound:GoopSpray","floor":10},{"not_picked":["Slimebound:RallyTheTroops","Slimebound:PressTheAttack"],"picked":"Slimebound:TongueLash","floor":11},{"not_picked":["Slimebound:ForwardTackle","Slimebound:Prepare"],"picked":"Slimebound:GoopSpray","floor":12},{"not_picked":["Slimebound:SamplingLick","Slimebound:Prepare"],"picked":"Slimebound:TagTeam","floor":13},{"not_picked":["Slimebound:FinishingTackle","Slimebound:DivideAndConquer"],"picked":"Slimebound:Schlurp","floor":14},{"not_picked":["Slimebound:GoopTackle","Slimebound:Dissolve"],"picked":"Slimebound:SplitLeeching","floor":15},{"not_picked":["Slimebound:WasteNot","Slimebound:MinionMaster+1"],"picked":"Slimebound:MassRepurpose","floor":16},{"not_picked":["Slimebound:LeechEnergy+1","Slimebound:PressTheAttack"],"picked":"Slimebound:SamplingLick+1","floor":19},{"not_picked":["Slimebound:RejuvenatingLick","Slimebound:ViciousTackle","Slimebound:SplitAcid"],"picked":"SKIP","floor":20},{"not_picked":["Slimebound:ServeAndProtect","Slimebound:Recollect","Slimebound:SplitMire"],"picked":"SKIP","floor":21},{"not_picked":["Slimebound:TongueLash","Slimebound:SplitMire"],"picked":"Slimebound:Repurpose","floor":22},{"not_picked":["Slimebound:LeechingTouch","Slimebound:Overexert+1"],"picked":"Slimebound:SplitLeeching","floor":25},{"not_picked":["Slimebound:SpikyOuterGoop+1","Slimebound:LeechingTouch"],"picked":"Slimebound:SplitSpecialist+1","floor":27},{"not_picked":["Slimebound:RejuvenatingLick+1","Slimebound:PressTheAttack","Slimebound:FinishingTackle"],"picked":"SKIP","floor":30},{"not_picked":["Slimebound:SlimeTap+1","Slimebound:GoopTackle+1"],"picked":"Slimebound:SpikyOuterGoop+1","floor":31},{"not_picked":["Slimebound:Equalize+1","Slimebound:HauntingLick","Slimebound:GoopTackle+1"],"picked":"SKIP","floor":32},{"not_picked":["Slimebound:DouseInSlime","Slimebound:WasteNot"],"picked":"Slimebound:RallyTheTroops","floor":33},{"not_picked":["Slimebound:SlimeTap","Slimebound:GrowthPunch"],"picked":"Slimebound:MassRepurpose","floor":36},{"not_picked":["Slimebound:SpikyOuterGoop+1","Slimebound:ComboTackle+1"],"picked":"Slimebound:DisruptingSlam+1","floor":37},{"not_picked":["Slimebound:GoopSpray","Slimebound:FinishingTackle+1","Slimebound:Schlurp+1"],"picked":"SKIP","floor":38},{"not_picked":["Slimebound:Overexert+1","Slimebound:SplitSpecialist+1","Slimebound:ServeAndProtect+1"],"picked":"SKIP","floor":39},{"not_picked":["Slimebound:SamplingLick","Slimebound:BestDefense+1"],"picked":"Slimebound:FormOfPuddle","floor":40},{"not_picked":["Slimebound:ComboTackle","Slimebound:SplitSpecialist"],"picked":"Slimebound:LevelUp+1","floor":44},{"not_picked":["Slimebound:Grow+1","Slimebound:HauntingLick+1"],"picked":"Slimebound:GoopSpray+1","floor":46},{"not_picked":["Slimebound:SplitAcid","Slimebound:Dissolve+1","Slimebound:DivideAndConquer"],"picked":"SKIP","floor":48},{"not_picked":["Slimebound:ItLooksTasty","Slimebound:RollThrough+1"],"picked":"Slimebound:LivingWall+1","floor":49}],"player_experience":389351,"relics_obtained":[{"floor":6,"key":"The Courier"},{"floor":7,"key":"hubris:64BitClover"},{"floor":8,"key":"MealTicket"},{"floor":11,"key":"hubris:MysteriousPyramids"},{"floor":21,"key":"Potion Belt"},{"floor":31,"key":"Lantern"},{"floor":36,"key":"aspiration:FetidBarrel"},{"floor":40,"key":"aspiration:StickyExplosives_weak"},{"floor":41,"key":"Bag of Marbles"}],"event_choices":[{"damage_healed":0,"gold_gain":0,"player_choice":"Leave","damage_taken":0,"max_hp_gain":0,"max_hp_loss":0,"event_name":"conspire:Investor","floor":43,"gold_loss":0}],"is_beta":false,"boss_relics":[{"not_picked":["Runic Dome","Snecko Eye"],"picked":"Runic Pyramid"},{"not_picked":["aspiration:SilentSkillbook","hubris:Stopwatch"],"picked":"conspire:RoyalGoblet"}],"items_purged_floors":[38,45,46],"is_endless":false,"potions_floor_spawned":[6,8,14,15,16,22,25,31,36,39,40],"killed_by":"IC_BLOCK_ARCHETYPE","ascension_level":0}}