{"host":"o7j6aatxjwpw1421","time":1611847135,"event":{"mods":["2.2 Compatiblity","AchievementEnabler","BaseMod","Colored Map","DeckTracker","Highlight Path","Keyboard Shortcuts","Minty Spire (QoL Compilation)","Permanent Neow","Quick Restart","StSLib","SuperFastMode","everything is the same but u backflip on backflip"],"gold_per_floor":[13,25,45,58,158,191,201,211,237,237,248,248,260,286,286,391,391,391],"floor_reached":17,"language":"KOR","playtime":673,"items_purged":[],"score":205,"play_id":"237768aa-57af-4245-a3c8-1cf9004f3373","local_time":"20210129001855","is_ascension_mode":true,"campfire_choices":[{"floor":10.0,"key":"REST"},{"floor":12.0,"key":"REST"},{"floor":15.0,"key":"REST"}],"circlet_count":0,"master_deck":["Strike_B","Strike_B","Strike_B","Strike_B","Defend_B","Defend_B","Defend_B","Defend_B","Zap","Dualcast","Capacitor","Sweeping Beam","Blizzard","Compile Driver","Aggregate+1","Streamline","White Noise+1","Heatsinks","Consume+1","Loop","Machine Learning"],"relics":["FrozenCore","Bird Faced Urn","Toxic Egg 2","PreservedInsect","Strawberry"],"acts_visited":["Exordium","TheCity"],"potions_floor_usage":[],"damage_taken":[{"damage":2.0,"enemies":"Small Slimes","floor":1.0,"turns":3.0},{"damage":1.0,"enemies":"Cultist","floor":2.0,"turns":3.0},{"damage":4.0,"enemies":"Jaw Worm","floor":3.0,"turns":4.0},{"damage":11.0,"enemies":"2 Fungi Beasts","floor":4.0,"turns":3.0},{"damage":28.0,"enemies":"Gremlin Nob","floor":6.0,"turns":4.0},{"damage":16.0,"enemies":"3 Louse","floor":7.0,"turns":3.0},{"damage":9.0,"enemies":"Exordium Thugs","floor":8.0,"turns":4.0},{"damage":8.0,"enemies":"Red Slaver","floor":11.0,"turns":3.0},{"damage":33.0,"enemies":"Gremlin Gang","floor":13.0,"turns":5.0},{"damage":10.0,"enemies":"3 Sentries","floor":14.0,"turns":5.0},{"damage":14,"enemies":"Slime Boss","floor":16,"turns":11}],"seed_played":"4962142870291888393","potions_obtained":[{"floor":3.0,"key":"Strength Potion"},{"floor":6.0,"key":"SpeedPotion"},{"floor":7.0,"key":"SkillPotion"},{"floor":8.0,"key":"Block Potion"}],"is_trial":false,"path_per_floor":["M","M","M","M","?","E","M","M","T","R","M","R","M","E","R","B",null],"character_chosen":"DEFECT","items_purchased":[],"campfire_rested":3,"item_purchase_floors":[],"current_hp_per_floor":[73,72,70,59,59,33,19,10,10,32,24,46,17,18,42,36,82,82],"gold":391,"neow_bonus":"ONE_RARE_RELIC","is_daily":false,"chose_seed":false,"campfire_upgraded":0,"win_rate":0.0,"timestamp":1611847135,"path_taken":["M","M","M","M","?","E","?","M","T","R","M","R","M","E","R","BOSS"],"items_purchased_type":[],"build_version":"2020-12-22","purchased_purges":0,"victory":false,"max_hp_per_floor":[75,75,75,75,75,75,75,75,75,75,75,75,75,82,82,82,82,82],"card_choices":[{"not_picked":["Leap","Steam Power"],"picked":"Capacitor","floor":1.0},{"not_picked":["Turbo","Beam Cell"],"picked":"Sweeping Beam","floor":2.0},{"not_picked":["Compile Driver","Undo"],"picked":"Blizzard","floor":3.0},{"not_picked":["Redo","Turbo"],"picked":"Compile Driver","floor":4.0},{"not_picked":["Biased Cognition","Hologram+1"],"picked":"Aggregate+1","floor":6.0},{"not_picked":["Gash","Steam+1"],"picked":"Streamline","floor":7.0},{"not_picked":["Leap+1","Sunder"],"picked":"White Noise+1","floor":8.0},{"not_picked":["Sweeping Beam","Redo+1"],"picked":"Heatsinks","floor":11.0},{"not_picked":["Auto Shields+1","Rip and Tear"],"picked":"Consume+1","floor":13.0},{"not_picked":["Redo+1","Barrage"],"picked":"Loop","floor":14.0},{"not_picked":["All For One","Hyperbeam"],"picked":"Machine Learning","floor":16}],"player_experience":639725,"relics_obtained":[{"floor":6.0,"key":"Toxic Egg 2"},{"floor":9.0,"key":"PreservedInsect"},{"floor":14.0,"key":"Strawberry"}],"event_choices":[{"damage_healed":0.0,"max_hp_gain":0.0,"max_hp_loss":0.0,"gold_gain":100.0,"event_name":"Wheel of Change","player_choice":"Gold","floor":5.0,"gold_loss":0.0,"damage_taken":0.0}],"is_beta":false,"boss_relics":[{"not_picked":["Empty Cage","Coffee Dripper"],"picked":"FrozenCore"}],"items_purged_floors":[],"is_endless":false,"potions_floor_spawned":[3,6,7,8],"ascension_level":4}}