{"host":"c2p2isezsqpgoqg6","time":1611838207,"event":{"mods":["BaseMod","BetterRewards","Colored Map","DeckTracker","Minty Spire (QoL Compilation)","Quick Restart","StSLib","SuperFastMode"],"gold_per_floor":[118,138,138,154,104,137,137,9,29,29,29,29,58,58,76,76,106,106,201,201,215,140,140,157,167,167,167],"floor_reached":26,"language":"ENG","playtime":627,"items_purged":["Strike_B"],"score":341,"play_id":"f9f0ab54-b279-4e4a-99a2-93885aee0aaa","local_time":"20210128135007","is_ascension_mode":false,"campfire_choices":[{"data":"Gash","floor":7,"key":"SMITH"},{"data":"Streamline","floor":12,"key":"SMITH"},{"data":"Genetic Algorithm","floor":14,"key":"SMITH"},{"data":"Beam Cell","floor":18,"key":"SMITH"}],"circlet_count":0,"master_deck":["Strike_B","Defend_B","Defend_B","Defend_B+1","Defend_B","Zap","Dualcast+1","Glacier","Gash+1","Beam Cell+1","Genetic Algorithm+1","Streamline+1","Sweeping Beam","Go for the Eyes","Seek","Hologram","Go for the Eyes","Leap"],"relics":["Cracked Core","Bottled Lightning","InkBottle","Singing Bowl","Odd Mushroom","Strawberry","Pear","Black Star"],"acts_visited":["Exordium","TheCity"],"potions_floor_usage":[],"damage_taken":[{"damage":7,"enemies":"2 Louse","floor":1,"turns":2},{"damage":0,"enemies":"Small Slimes","floor":2,"turns":3},{"damage":0,"enemies":"Cultist","floor":4,"turns":3},{"damage":11,"enemies":"Lagavulin","floor":6,"turns":11},{"damage":0,"enemies":"Looter","floor":9,"turns":2},{"damage":7,"enemies":"The Mushroom Lair","floor":13,"turns":4},{"damage":10,"enemies":"Exordium Thugs","floor":15,"turns":4},{"damage":6,"enemies":"Gremlin Nob","floor":17,"turns":3},{"damage":4,"enemies":"The Guardian","floor":19,"turns":9},{"damage":6,"enemies":"Shell Parasite","floor":21,"turns":5},{"damage":11,"enemies":"Spheric Guardian","floor":24,"turns":4},{"damage":19,"enemies":"Chosen and Byrds","floor":25,"turns":6},{"damage":65,"enemies":"Gremlin Leader","floor":26,"turns":7}],"seed_played":"-7793596385200561486","potions_obtained":[{"floor":1,"key":"SpeedPotion"},{"floor":2,"key":"Strength Potion"},{"floor":9,"key":"SkillPotion"},{"floor":21,"key":"Ancient Potion"}],"is_trial":true,"path_per_floor":["M","M","?","M","?","E","R","$","M","T","T","R","?","R","M","T","E","R","B",null,"M","?","?","M","M","E"],"character_chosen":"DEFECT","items_purchased":["Streamline"],"campfire_rested":0,"item_purchase_floors":[8],"current_hp_per_floor":[68,68,53,53,53,42,42,42,42,42,42,42,37,37,29,36,40,40,36,96,90,90,90,79,60,0,0],"gold":167,"neow_bonus":"","is_daily":false,"chose_seed":false,"campfire_upgraded":4,"win_rate":0.0,"timestamp":1611838207,"path_taken":["M","M","?","M","?","E","R","$","M","T","T","R","?","R","M","?","E","R","BOSS","M","?","?","M","?","E"],"items_purchased_type":["Card"],"build_version":"2020-12-22","purchased_purges":1,"victory":false,"max_hp_per_floor":[75,75,75,75,75,75,75,75,75,75,75,75,77,77,79,86,96,96,96,96,96,96,96,96,96,96,96],"card_choices":[{"not_picked":["Darkness","Sweeping Beam"],"picked":"Glacier","floor":1},{"not_picked":["Steam","Turbo"],"picked":"Gash","floor":2},{"not_picked":["Lockon","Hologram"],"picked":"Beam Cell","floor":4},{"not_picked":["Scrape","Auto Shields"],"picked":"Genetic Algorithm","floor":6},{"not_picked":["Rip and Tear","Darkness"],"picked":"Sweeping Beam","floor":9},{"not_picked":["Stack","Skim","Capacitor"],"picked":"Singing Bowl","floor":13},{"not_picked":["Chill","Conserve Battery","Compile Driver"],"picked":"Singing Bowl","floor":15},{"not_picked":["Conserve Battery","Storm"],"picked":"Go for the Eyes","floor":17},{"not_picked":["Rainbow","Biased Cognition"],"picked":"Seek","floor":19},{"not_picked":["Reinforced Body","Steam+1"],"picked":"Hologram","floor":21},{"not_picked":["Skim+1","Barrage"],"picked":"Go for the Eyes","floor":24},{"not_picked":["Glacier","BootSequence"],"picked":"Leap","floor":25}],"player_experience":466032,"relics_obtained":[{"floor":6,"key":"Bottled Lightning"},{"floor":10,"key":"InkBottle"},{"floor":11,"key":"Singing Bowl"},{"floor":13,"key":"Odd Mushroom"},{"floor":16,"key":"Strawberry"},{"floor":17,"key":"Pear"}],"event_choices":[{"damage_healed":0,"gold_gain":0,"player_choice":"Entered Light","damage_taken":15,"max_hp_gain":0,"max_hp_loss":0,"event_name":"Shining Light","floor":3,"gold_loss":0,"cards_upgraded":["Dualcast","Defend_B"]},{"cards_removed":["Strike_B"],"damage_healed":0,"gold_gain":0,"player_choice":"Card Removal","damage_taken":0,"max_hp_gain":0,"max_hp_loss":0,"event_name":"The Cleric","floor":5,"gold_loss":50},{"damage_healed":0,"gold_gain":0,"player_choice":"Fought Mushrooms","damage_taken":0,"max_hp_gain":0,"max_hp_loss":0,"event_name":"Mushrooms","floor":13,"gold_loss":0},{"cards_removed":["Strike_B"],"damage_healed":0,"gold_gain":0,"player_choice":"Gave Gold","damage_taken":0,"max_hp_gain":0,"max_hp_loss":0,"event_name":"Beggar","floor":22,"gold_loss":75},{"damage_healed":0,"gold_gain":0,"player_choice":"Ignored","damage_taken":0,"max_hp_gain":0,"max_hp_loss":0,"event_name":"Ghosts","floor":23,"gold_loss":0}],"is_beta":false,"boss_relics":[{"not_picked":["Runic Pyramid","SlaversCollar"],"picked":"Black Star"}],"items_purged_floors":[8],"is_endless":true,"potions_floor_spawned":[1,2,9,15,19,21,24],"killed_by":"Gremlin Leader","ascension_level":0}}