{"host":"vlrft5ik259qp7l8","time":1611875337,"event":{"mods":["AchievementEnabler","BaseMod","Colored Map","Colored Powertips","DeckTracker","Highlight Path","Minty Spire (QoL Compilation)","Quick Restart","Replay The Spire","StSLib"],"gold_per_floor":[119,43,43,43,63,88,58,73,120,120,120,120,163,188,188,317,317,331,331,331,350,350,350,52,77,77,102,127,141,141,141,141,141,141],"floor_reached":33,"language":"ENG","playtime":2259,"items_purged":["Strike_G"],"score":297,"play_id":"af17350d-d591-45ae-b545-630dffb5aaf6","local_time":"20210128180857","is_ascension_mode":false,"campfire_choices":[{"floor":12,"key":"REST"},{"floor":15,"key":"DIG"},{"floor":23,"key":"REST"}],"circlet_count":0,"master_deck":["Strike_G","Strike_G","Strike_G","Strike_G","Strike_G","Defend_G","Defend_G","Defend_G","Defend_G","Defend_G","Survivor","Neutralize","The Bomb+1","Prepared","Noxious Fumes+1","Injury","Predator","Backflip","Dagger Spray","Deadly Poison+1","Caltrops","Choke","Tools of the Trade","Predator","Poisoned Stab","Footwork","Prepared","Dagger Spray+1","Riddle With Holes+1","Flying Knee"],"relics":["Ring of the Snake","Golden Idol","War Paint","Gremlin Horn","Nunchaku","TungstenRod","Replay:Bronze Core","Enchiridion","Ornamental Fan","Regal Pillow","Shuriken","Pocketwatch"],"acts_visited":["Exordium","TheCity"],"potions_floor_usage":[13,16,16,29,33,33],"damage_taken":[{"damage":1,"enemies":"Cultist","floor":1,"turns":3},{"damage":12,"enemies":"Jaw Worm","floor":5,"turns":5},{"damage":5,"enemies":"Small Slimes","floor":6,"turns":4},{"damage":0,"enemies":"Looter","floor":7,"turns":4},{"damage":4,"enemies":"Exordium Wildlife","floor":8,"turns":3},{"damage":29,"enemies":"Gremlin Nob","floor":13,"turns":4},{"damage":13,"enemies":"Red Slaver","floor":14,"turns":4},{"damage":0,"enemies":"Slime Boss","floor":16,"turns":4},{"damage":25,"enemies":"Shell Parasite","floor":18,"turns":5},{"damage":21,"enemies":"2 Thieves","floor":21,"turns":4},{"damage":1,"enemies":"Snecko","floor":25,"turns":4},{"damage":8,"enemies":"Snake Plant","floor":27,"turns":4},{"damage":0,"enemies":"Centurion and Healer","floor":28,"turns":4},{"damage":0,"enemies":"Chosen and Byrds","floor":29,"turns":4},{"damage":24,"enemies":"Snake Plant","floor":33,"turns":4}],"seed_played":"-2581772109827280694","potions_obtained":[{"floor":5,"key":"Elixir"},{"floor":8,"key":"SkillPotion"},{"floor":13,"key":"Fire Potion"},{"floor":14,"key":"Elixir"},{"floor":21,"key":"Adrenaline Potion"},{"floor":25,"key":"Elixir"},{"floor":29,"key":"Energy Potion"}],"is_trial":false,"path_per_floor":["M","$","?","?","M","M","M","M","T","?","T","R","E","M","R_BF","B",null,"M","?","?","M","T","R","$","M","T","M","M","M","PTL","PTL","?","M"],"character_chosen":"THE_SILENT","items_purchased":["Noxious Fumes","Footwork","Regal Pillow"],"campfire_rested":2,"item_purchase_floors":[2,24,24],"current_hp_per_floor":[69,69,69,62,50,45,45,41,41,41,41,62,33,20,20,20,70,45,33,33,12,12,33,33,32,32,24,24,24,24,24,24,0,0],"gold":141,"neow_bonus":"RANDOM_COLORLESS_2","is_daily":false,"chose_seed":false,"campfire_upgraded":0,"win_rate":0.0,"timestamp":1611875337,"path_taken":["M","?","?","?","M","M","M","?","T","?","?","R","E","M","R_BF","BOSS","M","?","?","M","?","R","$","?","T","M","?","M","PTL","PTL","?","M"],"items_purchased_type":["Card","Card","Relic"],"build_version":"2020-12-22","purchased_purges":1,"victory":false,"max_hp_per_floor":[70,70,70,70,70,70,70,70,70,70,70,70,70,70,70,70,70,70,70,70,70,70,70,70,70,70,70,70,70,70,70,70,70,70],"card_choices":[{"not_picked":["Thinking Ahead","ReplayTheSpireMod:Necrogeddon"],"picked":"The Bomb","floor":0},{"not_picked":["Underhanded Strike","Finisher"],"picked":"Prepared","floor":1},{"not_picked":["Blade Dance","ReplayTheSpireMod:Exploit Weakness"],"picked":"Predator","floor":5},{"not_picked":["Underhanded Strike","Prepared"],"picked":"Backflip","floor":6},{"not_picked":["Eviscerate","All Out Attack"],"picked":"Dagger Spray","floor":7},{"not_picked":["PiercingWail","Escape Plan"],"picked":"Deadly Poison","floor":8},{"not_picked":["Cloak And Dagger","ReplayTheSpireMod:Scrap Shanks"],"picked":"Caltrops","floor":13},{"not_picked":["ReplayTheSpireMod:Exploit Weakness","ReplayTheSpireMod:Scrap Shanks"],"picked":"Choke","floor":14},{"not_picked":["Unload","Grand Finale"],"picked":"Tools of the Trade","floor":16},{"not_picked":["Acrobatics","Finisher"],"picked":"Predator","floor":18},{"not_picked":["Bane","Quick Slash+1"],"picked":"Poisoned Stab","floor":21},{"not_picked":["Fluid Movement","Phantasmal Killer"],"picked":"Prepared","floor":25},{"not_picked":["Dagger Throw","Deadly Poison"],"picked":"Dagger Spray+1","floor":27},{"not_picked":["Slice","Outmaneuver"],"picked":"Riddle With Holes+1","floor":28},{"not_picked":["Slice","Eviscerate"],"picked":"Flying Knee","floor":29}],"player_experience":201027,"relics_obtained":[{"floor":9,"key":"War Paint"},{"floor":11,"key":"Gremlin Horn"},{"floor":13,"key":"Nunchaku"},{"floor":15,"key":"TungstenRod"},{"floor":19,"key":"Enchiridion"},{"floor":22,"key":"Ornamental Fan"},{"floor":26,"key":"Shuriken"}],"event_choices":[{"damage_healed":0,"gold_gain":0,"player_choice":"Take Wound","damage_taken":0,"relics_obtained":["Golden Idol"],"max_hp_gain":0,"max_hp_loss":0,"event_name":"Golden Idol","floor":3,"gold_loss":0,"cards_obtained":["Injury"]},{"damage_healed":0,"gold_gain":0,"player_choice":"Damaged","damage_taken":7,"max_hp_gain":0,"max_hp_loss":0,"event_name":"Wheel of Change","floor":4,"gold_loss":0},{"damage_healed":0,"gold_gain":0,"player_choice":"Grow","damage_taken":0,"max_hp_gain":0,"max_hp_loss":0,"event_name":"Living Wall","floor":10,"gold_loss":0,"cards_upgraded":["Noxious Fumes"]},{"damage_healed":0,"gold_gain":0,"player_choice":"Obtained Book","damage_taken":16,"max_hp_gain":0,"max_hp_loss":0,"event_name":"Cursed Tome","floor":19,"gold_loss":0},{"cards_removed":["Strike_R"],"damage_healed":0,"gold_gain":0,"player_choice":"Elegance","damage_taken":0,"max_hp_gain":0,"max_hp_loss":0,"event_name":"Back to Basics","floor":20,"gold_loss":0}],"is_beta":false,"boss_relics":[{"not_picked":["Replay:Wanted Poster","Velvet Choker"],"picked":"Replay:Bronze Core"}],"items_purged_floors":[24],"is_endless":false,"potions_floor_spawned":[5,8,13,14,21,25,29],"killed_by":"Snake Plant","ascension_level":0}}