{"host":"0k7350af1t8odskw","time":1613526777,"event":{"mods":["AchievementEnabler","BaseMod","Better Vampires","BetterRewards","Colored Map","Downfall","Highlight Path","Hubris","Lobotomy","Marisa£®ÏF”Í°°ƒß¿Ì…≥£©","Minty Spire (QoL Compilation)","Quick Restart","Replay The Spire","Shop Mod","StSLib","The Administrix","The Death Knight","The Runesmith","Youmu£®ªÍ∆«—˝√Œ£©"],"gold_per_floor":[119,62,82,30,30,30,30,30,53,53,53,73,73,83,83,179,179,198,198,198,198],"floor_reached":20,"language":"ZHS","playtime":528,"items_purged":[],"score":184,"play_id":"65487b97-ef8f-4d63-9b73-5184292253a8","local_time":"20210216175257","is_ascension_mode":true,"campfire_choices":[{"data":"Noxious Fumes","floor":6,"key":"SMITH"},{"data":"Deadly Poison","floor":8,"key":"SMITH"},{"data":"ReplayTheSpireMod:Tripwire","floor":10,"key":"SMITH"},{"data":"Poisoned Stab","floor":15,"key":"SMITH"}],"circlet_count":0,"master_deck":["Strike_G","Strike_G","Strike_G","Strike_G","Defend_G","Defend_G","Defend_G","Defend_G","Defend_G","Survivor","Neutralize","Noxious Fumes+1","ReplayTheSpireMod:Tripwire","ReplayTheSpireMod:Tripwire+1","Dash","Deadly Poison+1","Setup+1","Dash","Poisoned Stab+1","Wraith Form v2","Flying Knee+1","Amnesia"],"relics":["Ring of the Serpent","StoneCalendar","ReplayTheSpireMod:TigerMarble","Ring of Fangs","Ring of Hypnosis"],"acts_visited":["Exordium","TheCity"],"potions_floor_usage":[],"damage_taken":[{"damage":10,"enemies":"Small Slimes","floor":1,"turns":4},{"damage":6,"enemies":"2 Louse","floor":3,"turns":4},{"damage":4,"enemies":"Cultist","floor":12,"turns":4},{"damage":0,"enemies":"Red Slaver","floor":14,"turns":5},{"damage":33,"enemies":"Slime Boss","floor":16,"turns":7},{"damage":22,"enemies":"2 Thieves","floor":18,"turns":5},{"damage":16,"enemies":"Shell Parasite","floor":20,"turns":6}],"seed_played":"-1689145994938081710","potions_obtained":[{"floor":12,"key":"AttackPotion"},{"floor":16,"key":"Adrenaline Potion"},{"floor":18,"key":"SteroidPotion"}],"is_trial":false,"path_per_floor":["M","$","M","$","?","R","?","R","T","R","?","M","$","M","R","B",null,"M","?","M"],"character_chosen":"THE_SILENT","items_purchased":["ReplayTheSpireMod:Tripwire","Deadly Poison"],"campfire_rested":0,"item_purchase_floors":[2,4],"current_hp_per_floor":[60,60,54,54,54,54,51,51,51,51,51,47,47,47,47,14,70,48,48,32,32],"gold":198,"neow_bonus":"","is_daily":false,"chose_seed":false,"campfire_upgraded":4,"win_rate":0.0,"timestamp":1613526777,"path_taken":["M","$","M","$","?","R","?","R","T","R","?","?","?","M","R","BOSS","M","?","M"],"items_purchased_type":["Card","Card"],"build_version":"2020-12-22","purchased_purges":0,"victory":false,"max_hp_per_floor":[70,70,70,70,70,70,70,70,70,70,70,70,70,70,70,70,70,70,70,70,70],"card_choices":[{"not_picked":["Finisher","Outmaneuver"],"picked":"Noxious Fumes","floor":1},{"not_picked":["ReplayTheSpireMod:Tripwire","hubris:SlightOfHand"],"picked":"Dash","floor":3},{"not_picked":["Cloak And Dagger","Escape Plan"],"picked":"Dash","floor":12},{"not_picked":["Flying Knee","Hidden Blade"],"picked":"Poisoned Stab","floor":14},{"not_picked":["Glass Knife","Grand Finale"],"picked":"Wraith Form v2","floor":16},{"not_picked":["Tactician","Quick Slash"],"picked":"Flying Knee+1","floor":18}],"player_experience":171637,"relics_obtained":[{"floor":9,"key":"ReplayTheSpireMod:TigerMarble"},{"floor":19,"key":"Ring of Fangs"},{"floor":19,"key":"Ring of Hypnosis"}],"event_choices":[{"damage_healed":0,"gold_gain":0,"player_choice":"Success","damage_taken":3,"relics_obtained":["StoneCalendar"],"max_hp_gain":0,"max_hp_loss":0,"event_name":"Scrap Ooze","floor":7,"gold_loss":0},{"damage_healed":0,"gold_gain":0,"player_choice":"Bought 0 Potions","damage_taken":0,"max_hp_gain":0,"max_hp_loss":0,"event_name":"The Woman in Blue","floor":11,"gold_loss":0}],"is_beta":false,"boss_relics":[{"not_picked":["Fusion Hammer","Painkiller Herb"],"picked":"Ring of the Serpent"}],"items_purged_floors":[],"is_endless":false,"potions_floor_spawned":[12,16,18],"killed_by":"Shell Parasite","ascension_level":3}}