{"host":"6q5en8l1tdm8cus3","time":1613534634,"event":{"mods":["Act Like it!","Arknights","Aspiration","Bartender","BaseMod","BetterRewards","Downfall","Duelist Mod","Energized Spire","Gensokyo","Hallownest","Hermit","Hubris","Jorbs\u0027s Wanderer Trilogy","KinomotoSakuraMod(????)","Koishi","KomeijiMod","LagranYue(???·?)","Marisa????????","Minty Spire (QoL Compilation)","READ ME - Guardian Mod","Reimu??????","Remilia??????","Replay The Spire","Spicy Shops","StSLib","SuperFastMode","Td1madao Mod","The Administrix","The Animator","The Bug Knight","The Construct","The Cursed","The Disciple","The Florist","The Hierophant","The Marked","The Mystic","The Necromancer","The Poker Player","The Runesmith","The Servant 0.9.4","The Valiant","The Wild Card","TheBandit","Wandering Minibosses","Youmu??????"],"gold_per_floor":[172,188,200,42,42,57,57,70,103,120,120,105,90,240,258,356,356,356,375,395,395,395,409,460,480,480,480],"floor_reached":26,"language":"ENG","playtime":2467,"items_purged":[],"score":210,"play_id":"fda70c47-3fce-47d3-9ee6-8b9bc4ba17d0","local_time":"20210216230354","is_ascension_mode":false,"campfire_choices":[{"floor":11.0,"key":"REST"},{"floor":18.0,"key":"RECALL"}],"circlet_count":0,"master_deck":["ats:Strike C","ats:Strike G","ats:Strike S","ats:Strike V","ats:Armor Crushing Shot","ats:Defend","ats:Defend","ats:Defend","ats:Defend","ats:Emotion Absorption","ats:Shell Defense","ats:Soul Rend","ats:Apocalypse","ats:Cat Scratch","ats:Curse Doll","ats:Flexible Camouflage","ats:Explosion Area Strengthen","ats:Red Shift","ats:Disruption Kick","downfall:Icky","ats:Cat Scratch","ats:Ambush","ats:Thermite Blade","ats:Poison Spread+1","ats:Flexible Camouflage","ats:Consecutive Shot Auto+1"],"relics":["ats:Sanity","LagranYue:RandomDrawCardRelic","Vajra","ScarletDevilRocket","Runesmith:Nanobots","Replay:Bottled Steam","Replay:Bronze Core","Nloth\u0027s Gift","Smiling Mask"],"acts_visited":["Exordium","TheCity"],"potions_floor_usage":[26],"damage_taken":[{"damage":6.0,"enemies":"Jaw Worm","floor":2.0,"turns":3.0},{"damage":9.0,"enemies":"Cultist","floor":3.0,"turns":5.0},{"damage":0.0,"enemies":"downfall:FleeingMerchant","floor":4.0,"turns":4.0},{"damage":2.0,"enemies":"2 Louse","floor":6.0,"turns":4.0},{"damage":10.0,"enemies":"2 Fungi Beasts","floor":8.0,"turns":5.0},{"damage":52.0,"enemies":"3 Sentries","floor":9.0,"turns":14.0},{"damage":9.0,"enemies":"Red Slaver","floor":10.0,"turns":4.0},{"damage":5.0,"enemies":"downfall:FleeingMerchant","floor":12.0,"turns":4.0},{"damage":15.0,"enemies":"downfall:FleeingMerchant","floor":13.0,"turns":4.0},{"damage":10.0,"enemies":"Gremlin Gang","floor":15.0,"turns":5.0},{"damage":48.0,"enemies":"IC_STATUS_ARCHETYPE","floor":16.0,"turns":10.0},{"damage":29.0,"enemies":"downfall:LooterAlt2","floor":19.0,"turns":6.0},{"damage":16.0,"enemies":"3 Byrds","floor":20.0,"turns":7.0},{"damage":57,"enemies":"Snecko","floor":23,"turns":7},{"damage":23,"enemies":"Centurion and Healer","floor":25,"turns":8},{"damage":22,"enemies":"3 Cultists","floor":26,"turns":3}],"seed_played":"-6838690468934590834","potions_obtained":[{"floor":8.0,"key":"Dexterity Potion"},{"floor":10.0,"key":"RedTea"},{"floor":15.0,"key":"Adrenaline Potion"},{"floor":16.0,"key":"CalmPotion"},{"floor":19.0,"key":"sneckomod:MuddlingPotion"},{"floor":25,"key":"MagicPotion:ReiMu"}],"is_trial":false,"path_per_floor":["R","M","M","$","?","M","T","M","E","M","R","$","$","?","M","B",null,"R","M","M","?","?","M","T","M","M"],"character_chosen":"DOCTOR_CLASS","items_purchased":["Vajra"],"campfire_rested":1,"item_purchase_floors":[4],"current_hp_per_floor":[79,73,64,64,64,66,66,68,30,25,48,45,38,38,42,18,79,79,62,72,72,72,23,23,10,0,0],"gold":480,"neow_bonus":"TEN_PERCENT_HP_BONUS","is_daily":false,"chose_seed":false,"campfire_upgraded":0,"win_rate":0.0,"timestamp":1613534634,"path_taken":["R","M","M","$","?","M","T","?","E","M","R","?","$","?","M","BOSS","R","M","M","?","?","?","T","M","M"],"items_purchased_type":["Relic"],"build_version":"2020-12-22","purchased_purges":0,"victory":false,"max_hp_per_floor":[79,79,79,79,79,79,79,79,79,79,79,79,79,79,79,79,79,79,79,79,79,79,79,79,79,79,79],"card_choices":[{"not_picked":["ats:Revitalization","ats:Apocalypse"],"picked":"ats:Shell Defense","floor":2.0},{"not_picked":["ats:Sashimi Platter","ats:Neurotoxin"],"picked":"ats:Soul Rend","floor":3.0},{"not_picked":["ats:Healing Drone","ats:Phantom"],"picked":"ats:Apocalypse","floor":4.0},{"not_picked":["ats:Poison Spread","ats:Leaping Hammer"],"picked":"ats:Cat Scratch","floor":6.0},{"not_picked":["ats:Beaten Up","ats:Song Of Battle"],"picked":"ats:Curse Doll","floor":8.0},{"not_picked":["ats:Red Shift","ats:Sashimi Platter"],"picked":"ats:Flexible Camouflage","floor":9.0},{"not_picked":["ats:Very Hot Blade","ats:Powerful Strike"],"picked":"ats:Explosion Area Strengthen","floor":10.0},{"not_picked":["ats:Cat Scratch","ats:Poison Spread"],"picked":"ats:Red Shift","floor":12.0},{"not_picked":["ats:Absolute Focus","ats:Sword Rain"],"picked":"ats:Disruption Kick","floor":13.0},{"not_picked":["ats:Apocalypse","ats:Leaping Hammer"],"picked":"ats:Cat Scratch","floor":15.0},{"not_picked":["ats:Durian","ats:Echo Reverb"],"picked":"ats:Ambush","floor":16.0},{"not_picked":["ats:Cat Scratch+1","ats:Soul Absorption"],"picked":"ats:Thermite Blade","floor":19.0},{"not_picked":["ats:Spore Proliferation","ats:Guard Mode"],"picked":"ats:Poison Spread+1","floor":20.0},{"not_picked":["ats:Shell Defense","ats:Powerful Strike"],"picked":"ats:Flexible Camouflage","floor":23},{"not_picked":["ats:Curse Doll+1","ats:Very Hot Blade"],"picked":"ats:Consecutive Shot Auto+1","floor":25}],"player_experience":1067693,"relics_obtained":[{"floor":5.0,"key":"ScarletDevilRocket"},{"floor":7.0,"key":"Runesmith:Nanobots"},{"floor":9.0,"key":"ats:Originium"},{"floor":9.0,"key":"Replay:Bottled Steam"},{"floor":24,"key":"Smiling Mask"}],"event_choices":[{"damage_healed":0.0,"max_hp_gain":0.0,"max_hp_loss":0.0,"gold_gain":0.0,"event_name":"Wheel of Change","player_choice":"Relic","floor":5.0,"gold_loss":0.0,"damage_taken":0.0}],"is_beta":false,"boss_relics":[{"not_picked":["Velvet Choker","Replay:Grab Bag"],"picked":"Replay:Bronze Core"}],"items_purged_floors":[],"is_endless":false,"potions_floor_spawned":[8,10,15,16,19,25],"killed_by":"3 Cultists","ascension_level":0}}