{"host":"7s2d9a8gejctdvjm","time":1613569780,"event":{"mods":["BaseMod","Downfall","Hermit","Marisa????????","Minty Spire (QoL Compilation)","StSLib","The Servant 0.9.4"],"gold_per_floor":[99,114,126,143,159,184,184,199,199,232,66,166,166,166,184,279,279,279,279,299,317,336,370,393,426,426,526,541,560,545,576,590,689,689,689,704,715,547,547,113,140,140,140,156,11,23,23,56,86,86],"floor_reached":51,"language":"ENG","playtime":3452,"items_purged":[],"score":1224,"play_id":"6478544c-3f87-4948-bbda-46cb29e178f2","local_time":"20210217054940","is_ascension_mode":false,"campfire_choices":[{"data":"Slimebound:Split","floor":1,"key":"SMITH"},{"data":"Slimebound:GoopSpray","floor":9,"key":"SMITH"},{"data":"Slimebound:GrowthPunch","floor":18,"key":"SMITH"},{"floor":26,"key":"RECALL"},{"data":"Slimebound:Gluttony","floor":35,"key":"SMITH"},{"data":"Sadistic Nature","floor":47,"key":"SMITH"}],"circlet_count":0,"master_deck":["Slimebound:Strike_Slimebound+1","Slimebound:Tackle","Slimebound:Defend_Slimebound","Slimebound:Defend_Slimebound","Slimebound:Defend_Slimebound","Slimebound:Defend_Slimebound","Slimebound:Split+1","Slimebound:CorrosiveSpit","Slimebound:SplitBruiser","Slimebound:GoopSpray+1","Slimebound:SplitAcid","Slimebound:AcidTongue+1","Slimebound:SamplingLick+1","Slimebound:SlimeBrawl+1","Slimebound:SamplingLick+1","Slimebound:SplitMire+1","Slimebound:GrowthPunch+1","Slimebound:Equalize+1","Slimebound:HauntingLick+1","Slimebound:MassRepurpose+1","Slimebound:GoopSpray+1","Slimebound:Gluttony+1","Slimebound:SlimeTap+1","Slimebound:SplitAcid+1","Slimebound:AcidTongue+1","Slimebound:RejuvenatingLick+1","Slimebound:SlimeBarrage","expansioncontent:StudyTheSpire","expansioncontent:InvincibleStrength","Sadistic Nature","Slimebound:SlimeBarrage","Sadistic Nature+1","Slimebound:HauntingLick+1"],"relics":["Slimebound:AbsorbEndCombat","Toxic Egg 2","Kunai","Pear","Toolbox","Busted Crown","Anchor","Whetstone","Meat on the Bone","Coffee Dripper","Bag of Preparation","Mummified Hand","Oddly Smooth Stone","DollysMirror","Nunchaku"],"acts_visited":["Exordium","TheCity","TheBeyond"],"potions_floor_usage":[16,23,32,38],"damage_taken":[{"damage":0,"enemies":"Small Slimes","floor":2,"turns":3},{"damage":1,"enemies":"Jaw Worm","floor":3,"turns":3},{"damage":0,"enemies":"Cultist","floor":4,"turns":3},{"damage":12,"enemies":"Exordium Thugs","floor":5,"turns":4},{"damage":16,"enemies":"Lagavulin","floor":6,"turns":6},{"damage":3,"enemies":"2 Fungi Beasts","floor":8,"turns":3},{"damage":14,"enemies":"3 Sentries","floor":10,"turns":6},{"damage":0,"enemies":"downfall:FleeingMerchant","floor":11,"turns":4},{"damage":18,"enemies":"downfall:Heads","floor":12,"turns":4},{"damage":12,"enemies":"Lots of Slimes","floor":15,"turns":2},{"damage":12,"enemies":"SI_SHIV_ARCHETYPE","floor":16,"turns":5},{"damage":10,"enemies":"Chosen","floor":20,"turns":3},{"damage":4,"enemies":"downfall:LooterAlt2","floor":21,"turns":3},{"damage":0,"enemies":"Snecko","floor":22,"turns":3},{"damage":13,"enemies":"Slavers","floor":23,"turns":5},{"damage":16,"enemies":"Book of Stabbing","floor":25,"turns":5},{"damage":0,"enemies":"Snake Plant","floor":28,"turns":3},{"damage":5,"enemies":"Centurion and Healer","floor":29,"turns":3},{"damage":6,"enemies":"downfall:FleeingMerchant","floor":30,"turns":4},{"damage":14,"enemies":"Gremlin Leader","floor":31,"turns":5},{"damage":1,"enemies":"Cultist and Chosen","floor":32,"turns":7},{"damage":12,"enemies":"WA_ARCHETYPE_CALM","floor":33,"turns":5},{"damage":2,"enemies":"Orb Walker","floor":36,"turns":4},{"damage":4,"enemies":"3 Shapes","floor":37,"turns":5},{"damage":6,"enemies":"downfall:FleeingMerchant","floor":38,"turns":3},{"damage":2,"enemies":"downfall:FleeingMerchant","floor":39,"turns":4},{"damage":0,"enemies":"Maw","floor":44,"turns":4},{"damage":0,"enemies":"Transient","floor":46,"turns":5},{"damage":2,"enemies":"Reptomancer","floor":48,"turns":4},{"damage":0,"enemies":"Sphere and 2 Shapes","floor":49,"turns":3},{"damage":15,"enemies":"DF_ARCHETYPE_ORBS","floor":50,"turns":4}],"seed_played":"3202038800505836294","potions_obtained":[{"floor":4,"key":"champ:CounterPotion"},{"floor":8,"key":"FearPotion"},{"floor":10,"key":"Slimebound:ThreeZeroPotion"},{"floor":16,"key":"Fruit Juice"},{"floor":23,"key":"Regen Potion"},{"floor":25,"key":"PowerPotion"},{"floor":28,"key":"Fire Potion"},{"floor":32,"key":"DuplicationPotion"},{"floor":39,"key":"EssenceOfSteel"}],"is_trial":false,"path_per_floor":["R","M","M","M","M","E","T","M","R","E","$","?","?","?","M","B",null,"R","?","M","M","M","E","T","E","R","?","M","M","$","E","M","B",null,"R","M","M","$","?","$","T","?","$","M","$","M","R","E","M","B",null],"character_chosen":"SLIMEBOUND","items_purchased":["Toolbox","Slimebound:SlimeBarrage","Bag of Preparation","expansioncontent:StudyTheSpire","expansioncontent:InvincibleStrength","Mummified Hand","Sadistic Nature","DollysMirror"],"campfire_rested":0,"item_purchase_floors":[11,38,38,38,38,40,40,45],"current_hp_per_floor":[71,71,71,71,65,57,57,56,56,56,62,44,44,44,34,45,86,86,86,78,86,86,83,83,79,79,79,86,85,86,86,86,82,86,86,84,83,82,85,85,85,85,85,86,86,86,86,86,86,75],"gold":86,"neow_bonus":"TEN_PERCENT_HP_BONUS","is_daily":false,"chose_seed":false,"campfire_upgraded":5,"win_rate":0.0,"timestamp":1613569780,"path_taken":["R","M","M","M","M","E","T","M","R","E","$","?","?","?","M","BOSS","R","?","?","M","M","E","T","E","R","?","M","M","$","E","M","BOSS","R","M","M","?","?","$","T","?","$","M","?","M","R","E","M","BOSS"],"items_purchased_type":["Relic","Card","Relic","Card","Card","Relic","Card","Relic"],"build_version":"2020-12-22","purchased_purges":0,"victory":true,"max_hp_per_floor":[71,71,71,71,71,71,71,71,71,81,81,81,81,81,81,86,86,86,86,86,86,86,86,86,86,86,86,86,86,86,86,86,86,86,86,86,86,86,86,86,86,86,86,86,86,86,86,86,86,86],"card_choices":[{"not_picked":["Slimebound:SlimeSpikes","Slimebound:Chomp"],"picked":"Slimebound:SplitBruiser","floor":2},{"not_picked":["Slimebound:SlimeSpikes","Slimebound:RollThrough"],"picked":"Slimebound:GoopSpray","floor":3},{"not_picked":["Slimebound:Schlurp","Slimebound:Nibble"],"picked":"Slimebound:SplitAcid","floor":4},{"not_picked":["Slimebound:SlimeTap","Slimebound:LivingWall"],"picked":"Slimebound:AcidTongue","floor":5},{"not_picked":["Slimebound:LivingWall+1","Slimebound:FinishingTackle"],"picked":"Slimebound:SamplingLick+1","floor":6},{"not_picked":["Slimebound:SamplingLick+1","Slimebound:FinishingTackle"],"picked":"Slimebound:SlimeBrawl+1","floor":8},{"not_picked":["Slimebound:LivingWall+1","Slimebound:GoopTackle"],"picked":"Slimebound:SamplingLick+1","floor":10},{"not_picked":["Slimebound:ComboTackle","Slimebound:LeechingTouch"],"picked":"Slimebound:SplitMire+1","floor":11},{"not_picked":["Slimebound:GoopTackle","Slimebound:FinishingTackle"],"picked":"Slimebound:Equalize","floor":12},{"not_picked":["Slimebound:Schlurp+1","Slimebound:SlimeSpikes+1"],"picked":"Slimebound:HauntingLick+1","floor":15},{"not_picked":["Slimebound:FirmFortitude+1","Slimebound:WasteNot+1"],"picked":"Slimebound:MassRepurpose+1","floor":16},{"not_picked":["Slimebound:ItLooksTasty"],"picked":"SKIP","floor":20},{"not_picked":[],"picked":"Slimebound:GoopSpray+1","floor":21},{"not_picked":["Slimebound:LeechingTouch"],"picked":"SKIP","floor":22},{"not_picked":[],"picked":"Slimebound:Gluttony","floor":23},{"not_picked":["Slimebound:ItLooksTasty"],"picked":"SKIP","floor":25},{"not_picked":[],"picked":"Slimebound:SlimeTap+1","floor":28},{"not_picked":[],"picked":"Slimebound:SplitAcid+1","floor":29},{"not_picked":["Slimebound:Prepare+1"],"picked":"SKIP","floor":30},{"not_picked":["Slimebound:FlameTackle"],"picked":"SKIP","floor":31},{"not_picked":[],"picked":"Slimebound:AcidTongue+1","floor":32},{"not_picked":["Slimebound:PressTheAttack"],"picked":"SKIP","floor":36},{"not_picked":[],"picked":"Slimebound:RejuvenatingLick+1","floor":37},{"not_picked":["Slimebound:FlameTackle"],"picked":"SKIP","floor":38},{"not_picked":[],"picked":"Slimebound:SlimeBarrage","floor":44},{"not_picked":["Slimebound:ViciousTackle"],"picked":"SKIP","floor":46},{"not_picked":[],"picked":"Slimebound:HauntingLick+1","floor":48},{"not_picked":["Slimebound:FinishingTackle"],"picked":"SKIP","floor":49}],"player_experience":21104,"relics_obtained":[{"floor":6,"key":"Toxic Egg 2"},{"floor":7,"key":"Kunai"},{"floor":10,"key":"Pear"},{"floor":23,"key":"Anchor"},{"floor":25,"key":"Whetstone"},{"floor":31,"key":"Meat on the Bone"},{"floor":41,"key":"Oddly Smooth Stone"},{"floor":48,"key":"Nunchaku"}],"event_choices":[{"damage_healed":0,"gold_gain":0,"player_choice":"Ignored","damage_taken":0,"max_hp_gain":0,"max_hp_loss":0,"event_name":"NoteForYourself","floor":14,"gold_loss":0}],"is_beta":false,"boss_relics":[{"not_picked":["Slimebound:TarBlob","Velvet Choker"],"picked":"Busted Crown"},{"not_picked":["Empty Cage","Calling Bell"],"picked":"Coffee Dripper"}],"items_purged_floors":[],"is_endless":false,"potions_floor_spawned":[4,8,10,15,16,23,25,28,32,39,44,46,48,49],"ascension_level":0}}