{"host":"xrdu44lqyrrw1kvr","time":1613606390,"event":{"mods":["Aspiration","BaseMod","Colored Powertips","Minty Spire (QoL Compilation)","Relic Stats","Reliquary","Replay The Spire","StSLib"],"gold_per_floor":[118,43,54,65,65,65,80,94,94,94,112,112,155,175,175,252,252,270,281,302,315,333,333,346,346,346,346,364,364,373,402,292,292,292],"floor_reached":33,"language":"RUS","playtime":1501,"items_purged":["Strike_R"],"score":596,"play_id":"1ffb4d51-8a56-47e7-803a-ee638f8c5b7a","local_time":"20210218025950","is_ascension_mode":true,"campfire_choices":[{"data":"Searing Blow","floor":6,"key":"SMITH"},{"data":"Armaments","floor":10,"key":"SMITH"},{"data":"Searing Blow+1","floor":12,"key":"SMITH"},{"data":"Searing Blow+2","floor":15,"key":"SMITH"},{"floor":23,"key":"REST"},{"floor":25,"key":"REST"},{"data":"Searing Blow+3","floor":27,"key":"SMITH"},{"data":"Searing Blow+4","floor":29,"key":"SMITH"}],"circlet_count":0,"master_deck":["AscendersBane","Strike_R","Strike_R","Strike_R","Defend_R","Defend_R","Defend_R","Defend_R","Bash+1","Wild Strike","Shrug It Off","Spot Weakness","Searing Blow+5","Armaments+1","Battle Trance","Demonic Infusion","Armaments+1","Havoc+1"],"relics":["Burning Blood","CeramicFish","Mango","Ooze Armor","Smiling Mask","WarpedTongs","reliquary:TuningFork"],"acts_visited":["Exordium","TheCity"],"potions_floor_usage":[11,11,11,13,14,21,31,31],"damage_taken":[{"damage":0,"enemies":"Small Slimes","floor":1,"turns":4},{"damage":0,"enemies":"Cultist","floor":3,"turns":2},{"damage":2,"enemies":"2 Louse","floor":4,"turns":3},{"damage":1,"enemies":"2 Fungi Beasts","floor":7,"turns":5},{"damage":12,"enemies":"Large Slime","floor":8,"turns":5},{"damage":0,"enemies":"Red Slaver","floor":11,"turns":5},{"damage":10,"enemies":"Gremlin Nob","floor":13,"turns":3},{"damage":1,"enemies":"Gremlin Gang","floor":14,"turns":2},{"damage":35,"enemies":"Slime Boss","floor":16,"turns":9},{"damage":25,"enemies":"Shell Parasite","floor":18,"turns":5},{"damage":22,"enemies":"Chosen","floor":19,"turns":7},{"damage":12,"enemies":"Centurion and Healer","floor":20,"turns":9},{"damage":4,"enemies":"Snake Plant","floor":21,"turns":3},{"damage":34,"enemies":"3 Cultists","floor":22,"turns":6},{"damage":40,"enemies":"Shelled Parasite and Fungi","floor":24,"turns":6},{"damage":8,"enemies":"Sentry and Sphere","floor":28,"turns":5},{"damage":6,"enemies":"Book of Stabbing","floor":31,"turns":4},{"damage":31,"enemies":"Champ","floor":33,"turns":6}],"seed_played":"362064883332465757","potions_obtained":[{"floor":7,"key":"EntropicBrew"},{"floor":8,"key":"SpeedPotion"},{"floor":11,"key":"AttackPotion"},{"floor":13,"key":"Toxic Potion"},{"floor":18,"key":"ElixirPotion"},{"floor":20,"key":"Strength Potion"},{"floor":22,"key":"Languid Potion"},{"floor":24,"key":"Weak Potion"}],"is_trial":false,"path_per_floor":["M","$","M","M","?","R","M","M","T","R","M","R","E","M","R","B",null,"M","M","M","M","M","R","M","R","T","R","M","R","?","E","R","B"],"character_chosen":"IRONCLAD","items_purchased":[],"campfire_rested":2,"item_purchase_floors":[],"current_hp_per_floor":[74,74,75,75,75,75,75,69,69,69,75,75,85,89,89,60,82,63,47,41,43,15,41,7,33,33,33,31,31,31,31,31,0,0],"gold":292,"neow_bonus":"UPGRADE_CARD","is_daily":false,"chose_seed":false,"campfire_upgraded":6,"win_rate":0.0,"timestamp":1613606390,"path_taken":["M","$","M","M","?","R","?","M","T","R","M","R","E","?","R","BOSS","M","M","M","M","M","R","M","R","T","R","M","R","?","E","R","BOSS"],"items_purchased_type":[],"build_version":"2020-12-22","purchased_purges":1,"victory":false,"max_hp_per_floor":[75,75,75,75,75,75,75,75,75,75,75,75,89,89,89,89,89,89,89,89,89,89,89,89,89,89,89,89,89,89,89,89,89,89],"relic_stats":{"counters":[18,89],"CeramicFish":36,"Smiling Mask":0,"obtain_stats":[{"Ooze Armor":17,"CeramicFish":9,"Mango":13,"reliquary:TuningFork":31,"Smiling Mask":26,"Burning Blood":0,"WarpedTongs":30},{"Ooze Armor":9,"CeramicFish":5,"Mango":7,"reliquary:TuningFork":17,"Smiling Mask":15,"Burning Blood":0,"WarpedTongs":16},{"Ooze Armor":38,"CeramicFish":19,"Mango":27,"reliquary:TuningFork":83,"Smiling Mask":74,"Burning Blood":0,"WarpedTongs":79}],"Burning Blood":87,"WarpedTongs":[10]},"card_choices":[{"not_picked":["Clothesline","Flex"],"picked":"Wild Strike","floor":1},{"not_picked":["Abandon","Body Slam"],"picked":"Shrug It Off","floor":3},{"not_picked":["ReplayTheSpireMod:Muscle Training","Havoc"],"picked":"Spot Weakness","floor":4},{"not_picked":["Seeing Red","Body Slam"],"picked":"Armaments","floor":7},{"not_picked":["Clothesline","Demon Form"],"picked":"Battle Trance","floor":8},{"not_picked":["Clash","Body Slam","Headbutt"],"picked":"SKIP","floor":11},{"not_picked":["Reckless Charge","Run Through"],"picked":"Demonic Infusion","floor":13},{"not_picked":["Perfected Strike","Pommel Strike"],"picked":"Armaments","floor":14},{"not_picked":["Clash","Warcry","Headbutt"],"picked":"SKIP","floor":18},{"not_picked":["Headbutt","Wild Strike","Abandon"],"picked":"SKIP","floor":19},{"not_picked":["Headbutt+1","Thunderclap"],"picked":"Havoc+1","floor":20},{"not_picked":["Twin Strike","Shrug It Off","Iron Wave+1"],"picked":"SKIP","floor":21},{"not_picked":["Inflame","Limit Break","Sword Boomerang+1"],"picked":"SKIP","floor":22},{"not_picked":["Sever Soul","ReplayReversal","Life Link"],"picked":"SKIP","floor":24},{"not_picked":["Abandon","Clash+1","Thunderclap+1"],"picked":"SKIP","floor":28},{"not_picked":["Iron Wave","Cleave","Wild Strike"],"picked":"SKIP","floor":31}],"player_experience":1993918,"relics_obtained":[{"floor":9,"key":"CeramicFish"},{"floor":13,"key":"Mango"},{"floor":26,"key":"Smiling Mask"},{"floor":31,"key":"reliquary:TuningFork"}],"event_choices":[{"damage_healed":0,"gold_gain":0,"cards_transformed":["Strike_R"],"player_choice":"Transformed","damage_taken":0,"max_hp_gain":0,"max_hp_loss":0,"event_name":"Transmorgrifier","floor":5,"gold_loss":0,"cards_obtained":["Searing Blow"]},{"damage_healed":0,"gold_gain":0,"player_choice":"Rummage","damage_taken":0,"relics_obtained":["WarpedTongs"],"max_hp_gain":0,"max_hp_loss":0,"event_name":"Accursed Blacksmith","floor":30,"gold_loss":0,"cards_obtained":["Pain"]},{"cards_removed":["Pain"],"damage_healed":0,"gold_gain":0,"player_choice":"Upgrade and Remove","damage_taken":0,"max_hp_gain":0,"max_hp_loss":0,"event_name":"Designer","floor":32,"gold_loss":110,"cards_upgraded":["Armaments"]}],"is_beta":false,"boss_relics":[{"not_picked":["Pandora\u0027s Box","Replay:Bronze Core"],"picked":"Ooze Armor"}],"items_purged_floors":[2],"is_endless":false,"potions_floor_spawned":[7,8,11,13,18,20,22,24],"killed_by":"Champ","ascension_level":20}}