{"host":"8eqe2o2g03nh9rfw","time":1613535288,"event":{"mods":["AchievementEnabler","AlwaysNeverKeys","BaseMod","Better Third Choice","Block Reminder","Colored Map","Colored Powertips","GifTheSpireLib","Minty Spire (QoL Compilation)","Permanent Neow","Quick Restart","StSLib","Weighted Paths"],"gold_per_floor":[119,135,147,161,161,191,203,231,231,231,245,320,12,30,30,134,134,150,125,145,156,3,36,36,36,36,66,84,84,95,95,95,95,95],"floor_reached":33,"language":"ENG","playtime":1144,"items_purged":[],"score":374,"play_id":"e7972fe6-c604-40c5-b14b-77fa1187e410","local_time":"20210216231448","is_ascension_mode":false,"campfire_choices":[{"floor":10,"key":"REST"},{"floor":15,"key":"RECALL"},{"floor":29,"key":"REST"},{"floor":32,"key":"REST"}],"circlet_count":0,"master_deck":["Strike_R","Strike_R","Defend_R","Defend_R","Defend_R","Bash","Metallicize","Bludgeon","Flex","Bloodletting","Flex","Infernal Blade","Infernal Blade","Headbutt","Seeing Red","Immolate","Anger","Rage","Impervious","Shockwave","Limit Break","Anger+1","Anger","Anger+1","Sentinel+1","Inflame","Rage","Warcry","Ghostly Armor","Bloodletting","Immolate"],"relics":["Burning Blood","Blood Vial","Anchor","Bottled Flame","MealTicket","Busted Crown","HandDrill","Vajra","Enchiridion","CaptainsWheel"],"acts_visited":["Exordium","TheCity"],"potions_floor_usage":[6,6,6,16,18,20,21,33],"damage_taken":[{"damage":11,"enemies":"Jaw Worm","floor":1,"turns":2},{"damage":0,"enemies":"Cultist","floor":2,"turns":3},{"damage":3,"enemies":"Small Slimes","floor":3,"turns":2},{"damage":18,"enemies":"3 Louse","floor":4,"turns":4},{"damage":39,"enemies":"Lagavulin","floor":6,"turns":4},{"damage":0,"enemies":"Large Slime","floor":7,"turns":4},{"damage":5,"enemies":"Gremlin Nob","floor":8,"turns":3},{"damage":0,"enemies":"Lots of Slimes","floor":11,"turns":1},{"damage":0,"enemies":"Exordium Wildlife","floor":14,"turns":1},{"damage":3,"enemies":"Slime Boss","floor":16,"turns":6},{"damage":16,"enemies":"Spheric Guardian","floor":18,"turns":4},{"damage":3,"enemies":"Shell Parasite","floor":20,"turns":2},{"damage":11,"enemies":"Snake Plant","floor":21,"turns":2},{"damage":30,"enemies":"Slavers","floor":23,"turns":4},{"damage":23,"enemies":"Book of Stabbing","floor":27,"turns":6},{"damage":3,"enemies":"Shelled Parasite and Fungi","floor":28,"turns":3},{"damage":28,"enemies":"Centurion and Healer","floor":30,"turns":6},{"damage":47,"enemies":"Champ","floor":33,"turns":9}],"seed_played":"-3685956704736910988","potions_obtained":[{"floor":2,"key":"CultistPotion"},{"floor":3,"key":"Dexterity Potion"},{"floor":4,"key":"Strength Potion"},{"floor":8,"key":"PowerPotion"},{"floor":11,"key":"GamblersBrew"},{"floor":18,"key":"GamblersBrew"},{"floor":20,"key":"Fire Potion"},{"floor":30,"key":"ColorlessPotion"}],"is_trial":false,"path_per_floor":["M","M","M","M","?","E","M","E","T","R","M","?","$","M","R","B",null,"M","$","M","M","$","E","?","?","T","E","M","R","M","?","R","B"],"character_chosen":"IRONCLAD","items_purchased":["MealTicket","Impervious","Anger","HandDrill"],"campfire_rested":3,"item_purchase_floors":[13,13,19,22],"current_hp_per_floor":[67,72,72,60,60,27,35,38,38,59,67,56,56,64,64,69,72,62,72,72,67,72,48,32,32,32,17,22,43,23,23,44,0,0],"gold":95,"neow_bonus":"TRANSFORM_TWO_CARDS","is_daily":false,"chose_seed":false,"campfire_upgraded":0,"win_rate":0.0,"timestamp":1613535288,"path_taken":["M","M","M","M","?","E","?","E","T","R","M","?","$","M","R","BOSS","M","$","M","M","$","E","?","?","T","E","M","R","M","?","R","BOSS"],"items_purchased_type":["Relic","Card","Card","Relic"],"build_version":"2020-12-22","purchased_purges":0,"victory":false,"max_hp_per_floor":[72,72,72,72,72,72,72,72,72,72,72,72,72,72,72,72,72,72,72,72,72,72,72,72,72,72,72,72,72,72,72,72,72,72],"card_choices":[{"not_picked":["Clash","Sword Boomerang"],"picked":"Flex","floor":1},{"not_picked":["True Grit","Disarm"],"picked":"Bloodletting","floor":2},{"not_picked":["Searing Blow","Pommel Strike"],"picked":"Flex","floor":3},{"not_picked":["Pommel Strike","Blood for Blood"],"picked":"Infernal Blade","floor":4},{"not_picked":["True Grit","Iron Wave"],"picked":"Seeing Red","floor":6},{"not_picked":["Pommel Strike","Havoc"],"picked":"Immolate","floor":7},{"not_picked":["Iron Wave","Armaments"],"picked":"Anger","floor":8},{"not_picked":["Armaments","Wild Strike"],"picked":"Rage","floor":11},{"not_picked":["Twin Strike","Dropkick"],"picked":"Shockwave","floor":14},{"not_picked":["Juggernaut","Double Tap"],"picked":"Limit Break","floor":16},{"not_picked":[],"picked":"Anger+1","floor":18},{"not_picked":[],"picked":"Anger+1","floor":20},{"not_picked":[],"picked":"Sentinel+1","floor":21},{"not_picked":[],"picked":"Inflame","floor":23},{"not_picked":[],"picked":"Ghostly Armor","floor":27},{"not_picked":[],"picked":"Bloodletting","floor":28},{"not_picked":["Sever Soul"],"picked":"SKIP","floor":30}],"player_experience":139883,"relics_obtained":[{"floor":6,"key":"Blood Vial"},{"floor":8,"key":"Anchor"},{"floor":9,"key":"Bottled Flame"},{"floor":23,"key":"Vajra"},{"floor":24,"key":"Enchiridion"},{"floor":27,"key":"CaptainsWheel"}],"event_choices":[{"damage_healed":0,"gold_gain":0,"player_choice":"2 cards matched","damage_taken":0,"max_hp_gain":0,"max_hp_loss":0,"event_name":"Match and Keep!","floor":5,"gold_loss":0,"cards_obtained":["Infernal Blade","Headbutt"]},{"damage_healed":0,"gold_gain":75,"player_choice":"Gold","damage_taken":11,"max_hp_gain":0,"max_hp_loss":0,"event_name":"betterThird:BetterGoop","floor":12,"gold_loss":0},{"damage_healed":0,"gold_gain":0,"player_choice":"Obtained Book","damage_taken":16,"max_hp_gain":0,"max_hp_loss":0,"event_name":"Cursed Tome","floor":24,"gold_loss":0},{"damage_healed":0,"gold_gain":0,"cards_transformed":["Strike_R","Strike_R"],"player_choice":"Became Test Subject","damage_taken":0,"max_hp_gain":0,"max_hp_loss":0,"event_name":"Drug Dealer","floor":25,"gold_loss":0,"cards_obtained":["Rage","Warcry"]},{"damage_healed":0,"gold_gain":0,"player_choice":"Copied","damage_taken":0,"max_hp_gain":0,"max_hp_loss":0,"event_name":"Duplicator","floor":31,"gold_loss":0,"cards_obtained":["Immolate"]}],"is_beta":false,"boss_relics":[{"not_picked":["Black Star","Empty Cage"],"picked":"Busted Crown"}],"items_purged_floors":[],"is_endless":false,"potions_floor_spawned":[2,3,4,8,11,18,20,30],"killed_by":"Champ","ascension_level":0}}