{"host":"3emvdmfknoa4z50o","time":1613521199,"event":{"mods":["BaseMod","Colored Map","Minty Spire (QoL Compilation)"],"gold_per_floor":[116,116,131,50,0,0,34,34,34,59,59,72,72,82,82,178,178,198,123,123,133,133,160,90,90,90],"floor_reached":25,"language":"ENG","playtime":2239,"items_purged":[],"score":263,"play_id":"a73f7f28-306f-4ea3-a503-fe9f15e5171c","local_time":"20210216191959","is_ascension_mode":true,"campfire_choices":[{"data":"Zap","floor":6.0,"key":"SMITH"},{"floor":8.0,"key":"REST"},{"data":"Chaos","floor":11.0,"key":"SMITH"},{"data":"Doom and Gloom","floor":15.0,"key":"SMITH"}],"circlet_count":0,"master_deck":["Strike_B","Defend_B","Zap+1","Dualcast","Chaos+1","Leap","Loop+1","Core Surge","Leap","Doom and Gloom+1","Ball Lightning","Buffer+1","Double Energy+1","Recycle+1","Compile Driver+1","Ball Lightning","Capacitor+1","Echo Form+1","Darkness"],"relics":["Cracked Core","Frozen Egg 2","Vajra","Bottled Tornado","Pear","Question Card","Astrolabe","Blue Candle"],"acts_visited":["Exordium","TheCity"],"potions_floor_usage":[22,23],"damage_taken":[{"damage":0.0,"enemies":"Small Slimes","floor":1.0,"turns":2.0},{"damage":4.0,"enemies":"Jaw Worm","floor":3.0,"turns":3.0},{"damage":18.0,"enemies":"Gremlin Nob","floor":7.0,"turns":4.0},{"damage":17.0,"enemies":"Lagavulin","floor":10.0,"turns":6.0},{"damage":0.0,"enemies":"Cultist","floor":12.0,"turns":2.0},{"damage":5.0,"enemies":"Exordium Thugs","floor":14.0,"turns":3.0},{"damage":21.0,"enemies":"Slime Boss","floor":16.0,"turns":5.0},{"damage":0.0,"enemies":"Spheric Guardian","floor":18.0,"turns":4.0},{"damage":14.0,"enemies":"3 Byrds","floor":21.0,"turns":3.0},{"damage":0,"enemies":"Centurion and Healer","floor":22,"turns":1},{"damage":40,"enemies":"Gremlin Leader","floor":23,"turns":7},{"damage":32,"enemies":"Snake Plant","floor":25,"turns":2}],"seed_played":"397131250891985780","potions_obtained":[{"floor":0.0,"key":"Fire Potion"},{"floor":0.0,"key":"Energy Potion"},{"floor":0.0,"key":"SmokeBomb"},{"floor":1.0,"key":"EntropicBrew"},{"floor":7.0,"key":"ColorlessPotion"},{"floor":16.0,"key":"Energy Potion"},{"floor":18.0,"key":"Strength Potion"}],"is_trial":false,"path_per_floor":["M","?","M","$","?","R","E","R","T","E","R","M","T","M","R","B",null,"M","?","?","M","M","E","$","M"],"character_chosen":"DEFECT","items_purchased":["Loop+1","Darkness"],"campfire_rested":1,"item_purchase_floors":[4,24],"current_hp_per_floor":[75,68,64,64,64,64,46,68,68,61,61,61,61,56,56,35,85,85,85,85,71,71,31,31,0,0],"gold":90,"neow_bonus":"THREE_SMALL_POTIONS","is_daily":false,"chose_seed":false,"campfire_upgraded":3,"win_rate":0.0,"timestamp":1613521199,"path_taken":["M","?","M","$","?","R","E","R","T","E","R","M","?","M","R","BOSS","M","?","?","?","M","E","$","M"],"items_purchased_type":["Card","Card"],"build_version":"2020-12-22","purchased_purges":0,"victory":false,"max_hp_per_floor":[75,75,75,75,75,75,75,75,75,85,85,85,85,85,85,85,85,85,85,85,85,85,85,85,85,85],"card_choices":[{"not_picked":["Steam Power","Reprogram"],"picked":"Chaos","floor":1.0},{"not_picked":["Rebound","Streamline"],"picked":"Leap","floor":3.0},{"not_picked":["Compile Driver","Darkness"],"picked":"Core Surge","floor":7.0},{"not_picked":["Gash","Go for the Eyes"],"picked":"Leap","floor":10.0},{"not_picked":["Ball Lightning","Go for the Eyes"],"picked":"Doom and Gloom","floor":12.0},{"not_picked":["Chill","Tempest","Beam Cell"],"picked":"Ball Lightning","floor":14.0},{"not_picked":["Creative AI+1","Core Surge","Hyperbeam"],"picked":"Buffer+1","floor":16.0},{"not_picked":["Barrage","Loop+1","Leap"],"picked":"Ball Lightning","floor":18.0},{"not_picked":["Rebound","Cold Snap","Barrage"],"picked":"Capacitor+1","floor":21.0},{"not_picked":["Double Energy+1","Storm+1","Capacitor+1"],"picked":"Echo Form+1","floor":23}],"player_experience":513546,"relics_obtained":[{"floor":7.0,"key":"Vajra"},{"floor":9.0,"key":"Bottled Tornado"},{"floor":10.0,"key":"Pear"},{"floor":13.0,"key":"Question Card"},{"floor":23,"key":"Blue Candle"}],"event_choices":[{"damage_healed":0.0,"max_hp_gain":0.0,"max_hp_loss":0.0,"gold_gain":0.0,"event_name":"Scrap Ooze","player_choice":"Success","floor":2.0,"gold_loss":0.0,"damage_taken":7.0,"relics_obtained":["Frozen Egg 2"]},{"cards_removed":["Defend_B"],"damage_healed":0.0,"max_hp_gain":0.0,"max_hp_loss":0.0,"gold_gain":0.0,"event_name":"The Cleric","player_choice":"Card Removal","floor":5.0,"gold_loss":50.0,"damage_taken":0.0},{"cards_removed":["Strike_B"],"damage_healed":0.0,"max_hp_gain":0.0,"max_hp_loss":0.0,"gold_gain":0.0,"event_name":"Beggar","player_choice":"Gave Gold","floor":19.0,"gold_loss":75.0,"damage_taken":0.0},{"cards_removed":["Defend_B"],"damage_healed":0.0,"max_hp_gain":0.0,"max_hp_loss":0.0,"gold_gain":0.0,"event_name":"Purifier","player_choice":"Purged","floor":20.0,"gold_loss":0.0,"damage_taken":0.0}],"is_beta":false,"boss_relics":[{"not_picked":["SlaversCollar","Fusion Hammer"],"picked":"Astrolabe"}],"items_purged_floors":[],"is_endless":false,"potions_floor_spawned":[1,7,16,18],"killed_by":"Snake Plant","ascension_level":3}}