{"host":"e3zuhorjxi9w14q4","time":1613569135,"event":{"mods":["AchievementEnabler","Aspiration","BaseMod","Defuse TimeMaze Blight","Downfall","Energized Spire","GifTheSpireLib","Hubris","Infinite Spire","Jorbs\u0027s Wanderer Trilogy","Minty Spire (QoL Compilation)","Reliquary","Replay The Spire","Spicy Shops","Spikes Relics","StSLib","Stuff the Spire","The Bug Knight","The Marked","The Poker Player","The Servant 0.9.4"],"gold_per_floor":[172,188,30,42,27,39,115,130,250,261,361,261,411,411,424,424,424,424],"floor_reached":16,"language":"ENG","playtime":782,"items_purged":[],"score":112,"play_id":"64922942-0c6f-424b-bf23-06aecf891e16","local_time":"20210217143855","is_ascension_mode":false,"campfire_choices":[{"floor":12,"key":"RECALL"}],"circlet_count":0,"master_deck":["hexamod:Strike+1","hexamod:Strike+1","hexamod:Strike+1","hexamod:Strike+1","hexamod:Defend+1","hexamod:Defend","hexamod:Defend+1","hexamod:Defend+1","hexamod:Sear","hexamod:Float+1","hexamod:NightmareGuise","hexamod:SkipABeat","hexamod:SixthSeal","hexamod:FourthSeal","hexamod:FlamesFromBeyond+1","hexamod:SpectersWail+1","hexamod:EmpoweredFlame","hexamod:FirstSeal","hexamod:FlamesFromBeyond+1","hexamod:StepThrough","downfall:Icky","downfall:Malfunctioning","hexamod:FlamesFromBeyond"],"relics":["hexamod:SpiritBrand","StuffTheSpire:TintedRock","SpikesRelics:ToyHorsey","Bag of Marbles","Ornamental Fan","downfall:HeartBlessingGreen"],"acts_visited":["Exordium"],"potions_floor_usage":[6,16,16],"damage_taken":[{"damage":0,"enemies":"Cultist","floor":2,"turns":4},{"damage":1,"enemies":"downfall:FleeingMerchant","floor":3,"turns":4},{"damage":0,"enemies":"Small Slimes","floor":4,"turns":4},{"damage":5,"enemies":"downfall:FleeingMerchant","floor":5,"turns":4},{"damage":11,"enemies":"Jaw Worm","floor":6,"turns":2},{"damage":10,"enemies":"downfall:LooterAlt","floor":8,"turns":4},{"damage":17,"enemies":"3 Sentries","floor":9,"turns":7},{"damage":7,"enemies":"Blue Slaver","floor":10,"turns":3},{"damage":13,"enemies":"Lagavulin","floor":11,"turns":5},{"damage":14,"enemies":"Exordium Thugs","floor":15,"turns":4},{"damage":24,"enemies":"DF_ARCHETYPE_STREAMLINE","floor":16,"turns":3}],"seed_played":"-3576758238567804800","potions_obtained":[{"floor":4,"key":"Death Potion"},{"floor":4,"key":"champ:CounterPotion"},{"floor":5,"key":"Ancient Potion"},{"floor":6,"key":"AttackPotion"},{"floor":8,"key":"Dexterity Potion"},{"floor":10,"key":"PowerPotion"}],"is_trial":false,"path_per_floor":["R","M","$","M","$","M","T","M","E","M","E","R","?","?","M","B"],"character_chosen":"THE_SPIRIT","items_purchased":["StuffTheSpire:TintedRock","hexamod:FourthSeal"],"campfire_rested":0,"item_purchase_floors":[3,3],"current_hp_per_floor":[70,70,69,69,64,53,53,43,33,33,27,27,27,27,20,0,0,0],"gold":424,"neow_bonus":"THREE_CARDS","is_daily":false,"chose_seed":false,"campfire_upgraded":0,"win_rate":0.0,"timestamp":1613569135,"path_taken":["R","M","?","M","$","?","T","M","E","M","E","R","?","?","M","BOSS"],"items_purchased_type":["Relic","Card"],"build_version":"2020-12-22","purchased_purges":0,"victory":false,"max_hp_per_floor":[70,70,70,70,70,70,70,70,70,70,70,70,70,70,70,70,70,70],"card_choices":[{"not_picked":["hexamod:NecessarySacrifice","hexamod:Rewind"],"picked":"hexamod:NightmareGuise","floor":0},{"not_picked":["hexamod:ShieldOfDarkness","hexamod:GhostflameBarrier"],"picked":"hexamod:SkipABeat","floor":2},{"not_picked":["hexamod:DynamicBlow","hexamod:Firestarter"],"picked":"hexamod:SixthSeal","floor":3},{"not_picked":["hexamod:PhantomCloak","hexamod:SwordOfDarkness"],"picked":"hexamod:FlamesFromBeyond","floor":4},{"not_picked":["hexamod:Firestarter","hexamod:NightmareStrike"],"picked":"hexamod:SpectersWail","floor":5},{"not_picked":["hexamod:FastForward","hexamod:NecessarySacrifice"],"picked":"hexamod:EmpoweredFlame","floor":6},{"not_picked":["hexamod:Hexaguard","hexamod:NecessarySacrifice"],"picked":"hexamod:FirstSeal","floor":8},{"not_picked":["hexamod:UnlimitedPower","hexamod:FourthSeal","hexamod:GhostOfSpireFuture"],"picked":"SKIP","floor":9},{"not_picked":["hexamod:DynamicBlow","hexamod:BurningTouch"],"picked":"hexamod:FlamesFromBeyond","floor":10},{"not_picked":["hexamod:NightmareStrike","hexamod:Haunt"],"picked":"hexamod:StepThrough","floor":11},{"not_picked":["hexamod:GhostShield","hexamod:NightmareStrike"],"picked":"hexamod:FlamesFromBeyond","floor":15}],"player_experience":326838,"relics_obtained":[{"floor":7,"key":"SpikesRelics:ToyHorsey"},{"floor":9,"key":"Bag of Marbles"},{"floor":11,"key":"Ornamental Fan"}],"event_choices":[],"is_beta":false,"boss_relics":[],"items_purged_floors":[],"is_endless":false,"potions_floor_spawned":[4,6,8,9,11,15],"killed_by":"DF_ARCHETYPE_STREAMLINE","ascension_level":0}}