{"host":"5on5jp4vj4dvuydb","time":1613534893,"event":{"mods":["2.2 Compatiblity","BaseMod","Clockwork Mod","Colored Map","Colored Powertips","Dio Mod","GungeonMod","Halation","Highlight Path","Infinite Spire","Melee Mod","Minty Spire (QoL Compilation)","Robot Space Explorer","SOS???????","Small Relic Pack","StSLib","The Animator","everything is the same but u backflip on backflip","thorton"],"gold_per_floor":[118,118,134,151,171,171,206,206,259,293,343,343,359,373,373,476,476,492,504,504,504,22,22,36,36,108,108,108,108,138,149,149,252,252,271,271,287,287,287],"floor_reached":38,"language":"ENG","playtime":5095,"items_purged":["DemoMod:Strike_Huntress"],"score":456,"play_id":"f5c7855c-09b0-4f84-acd1-433d28d8027e","local_time":"20210216230813","is_ascension_mode":false,"campfire_choices":[{"data":"DemoMod:PotionOfGunFriendShip","floor":6,"key":"SMITH"},{"floor":12,"key":"REST"},{"floor":15,"key":"REST"},{"data":"DemoMod:ShadowBullets","floor":23,"key":"SMITH"},{"floor":25,"key":"RECALL"},{"data":"DemoMod:ShadowBullets","floor":28,"key":"SMITH"},{"data":"DemoMod:ShadowBullets","floor":32,"key":"SMITH"}],"circlet_count":0,"master_deck":["DemoMod:Strike_Huntress","DemoMod:Strike_Huntress","DemoMod:Defend_Huntress","DemoMod:Defend_Huntress","DemoMod:Defend_Huntress","DemoMod:Roll","DemoMod:ManualReload+1","DemoMod:RustySidearm","DemoMod:CrossBow","DemoMod:ShadowBullets+1","DemoMod:AWP","DemoMod:AbyssalTentacle","DemoMod:TeaPot","DemoMod:HardPowerCard","DemoMod:PotionOfGunFriendShip+1","DemoMod:ShadowBullets+1","DemoMod:HighKaliber","DemoMod:SAA","DemoMod:ProbeStrike","DemoMod:CombinedRifle","DemoMod:BlackHoleGun","DemoMod:GunShield","DemoMod:DirectionalPad","DemoMod:BattleInHaste","DemoMod:ShadowBullets+1","DemoMod:DoubleVision","DemoMod:StickyCrossBow+1","DemoMod:SniperShot+1"],"relics":["DemoMod:Dog","Incense Burner","DemoMod:MonsterBlood","DemoMod:Antibody","Sozu","Eternal Feather","halation:Trompette","halation:BottledHappiness","DemoMod:PinkGuonStone","Matryoshka","relicPack:DSword","InkBottle","DemoMod:Wolf"],"acts_visited":["Exordium","TheCity","TheBeyond"],"potions_floor_usage":[16],"damage_taken":[{"damage":1,"enemies":"Cultist","floor":1,"turns":4},{"damage":0,"enemies":"Small Slimes","floor":3,"turns":1},{"damage":10,"enemies":"Jaw Worm","floor":4,"turns":2},{"damage":9,"enemies":"Exordium Thugs","floor":5,"turns":3},{"damage":31,"enemies":"Lagavulin","floor":7,"turns":4},{"damage":13,"enemies":"3 Sentries","floor":10,"turns":7},{"damage":16,"enemies":"2 Fungi Beasts","floor":11,"turns":3},{"damage":19,"enemies":"Large Slime","floor":13,"turns":5},{"damage":7,"enemies":"Lots of Slimes","floor":14,"turns":3},{"damage":24,"enemies":"Hexaghost","floor":16,"turns":6},{"damage":5,"enemies":"3 Byrds","floor":18,"turns":3},{"damage":10,"enemies":"Shell Parasite","floor":19,"turns":4},{"damage":8,"enemies":"Snecko","floor":24,"turns":3},{"damage":0,"enemies":"Slavers","floor":30,"turns":4},{"damage":7,"enemies":"Shelled Parasite and Fungi","floor":31,"turns":5},{"damage":12,"enemies":"Automaton","floor":33,"turns":6},{"damage":25,"enemies":"3 Shapes","floor":35,"turns":4},{"damage":0,"enemies":"Orb Walker","floor":37,"turns":4},{"damage":12,"enemies":"infinitespire:Three Voidlings","floor":38,"turns":3},{"damage":130,"enemies":"Nightmare_Alpha","floor":38,"turns":7}],"seed_played":"-3574858201660768799","potions_obtained":[{"floor":2,"key":"Energy Potion"},{"floor":2,"key":"FairyPotion"},{"floor":2,"key":"DemoMod:LeadSkinPotion"},{"floor":7,"key":"LiquidMemories"},{"floor":10,"key":"EssenceOfSteel"}],"is_trial":false,"path_per_floor":["M","?","M","M","M","R","E","?","T","E","M","R","M","M","R","B",null,"M","M","AVR","?","$","R","M","R","T","?","R","?","E","M","R","B",null,"M","?","M","?"],"character_chosen":"HUNTRESS","items_purchased":["halation:BottledHappiness","DemoMod:PinkGuonStone","DemoMod:GunShield"],"campfire_rested":2,"item_purchase_floors":[22,22,22],"current_hp_per_floor":[76,76,76,66,57,57,26,26,33,20,4,29,10,3,53,29,84,79,69,69,69,76,91,83,91,91,56,71,71,71,64,91,79,91,66,66,66,0,0],"gold":287,"neow_bonus":"TEN_PERCENT_HP_BONUS","is_daily":false,"chose_seed":false,"campfire_upgraded":4,"win_rate":0.0,"timestamp":1613534893,"path_taken":["M","?","M","M","?","R","E","?","T","E","M","R","M","?","R","BOSS","M","M","AVR","?","?","R","M","R","T","?","R","?","E","?","R","BOSS","M","?","M","?"],"items_purchased_type":["Relic","Relic","Card"],"build_version":"2020-12-22","purchased_purges":1,"victory":false,"max_hp_per_floor":[77,77,77,77,77,77,77,77,84,84,84,84,84,84,84,84,84,84,84,84,84,91,91,91,91,91,91,91,91,91,91,91,91,91,91,91,91,91,91],"card_choices":[{"not_picked":["DemoMod:FortunesFavor","DemoMod:Unmoved"],"picked":"DemoMod:ShadowBullets","floor":1},{"not_picked":["DemoMod:GunstockTap","DemoMod:DoubleSwitch"],"picked":"DemoMod:AWP","floor":1},{"not_picked":["DemoMod:Unmoved","DemoMod:HardPowerCard"],"picked":"DemoMod:AbyssalTentacle","floor":3},{"not_picked":["DemoMod:BattleInHaste","DemoMod:FastSwitch"],"picked":"DemoMod:TeaPot","floor":4},{"not_picked":["DemoMod:Unmoved","DemoMod:ConditionalReflex"],"picked":"DemoMod:HardPowerCard","floor":4},{"not_picked":["DemoMod:DarkMarker","DemoMod:StickyCrossBow"],"picked":"DemoMod:PotionOfGunFriendShip","floor":5},{"not_picked":["DemoMod:Polaris","DemoMod:JK47"],"picked":"DemoMod:ShadowBullets","floor":7},{"not_picked":["DemoMod:TableSutra","DemoMod:MegaHand"],"picked":"DemoMod:HighKaliber","floor":10},{"not_picked":["DemoMod:Unmoved","DemoMod:JK47"],"picked":"DemoMod:SAA","floor":11},{"not_picked":["DemoMod:AbyssalTentacle","DemoMod:StickyCrossBow"],"picked":"DemoMod:ProbeStrike","floor":13},{"not_picked":["DemoMod:AC15","DemoMod:CursedBullets"],"picked":"DemoMod:CombinedRifle","floor":14},{"not_picked":["DemoMod:DarkMarker","DemoMod:FinishedGun"],"picked":"DemoMod:BlackHoleGun","floor":16},{"not_picked":["DemoMod:JK47","DemoMod:Ejector"],"picked":"DemoMod:MachoBrace","floor":18},{"not_picked":["DemoMod:Ejector","DemoMod:MachoBrace"],"picked":"DemoMod:Purify+1","floor":19},{"not_picked":["DemoMod:BattleInHaste","DemoMod:PotionOfGunFriendShip"],"picked":"DemoMod:DirectionalPad","floor":24},{"not_picked":["DemoMod:PotionOfGunFriendShip","DemoMod:Desperate"],"picked":"DemoMod:BattleInHaste","floor":30},{"not_picked":["DemoMod:BoxingGlove","DemoMod:HuntsMan"],"picked":"DemoMod:ShadowBullets","floor":31},{"not_picked":["DemoMod:FightSabre","DemoMod:SuppressiveFire"],"picked":"DemoMod:DoubleVision","floor":33},{"not_picked":["DemoMod:DirectionalPad","DemoMod:SkilledReload"],"picked":"DemoMod:StickyCrossBow+1","floor":35},{"not_picked":["DemoMod:GunstockTap","DemoMod:ConditionalReflex+1"],"picked":"DemoMod:SniperShot+1","floor":37}],"player_experience":25702,"relics_obtained":[{"floor":7,"key":"Incense Burner"},{"floor":9,"key":"DemoMod:MonsterBlood"},{"floor":10,"key":"DemoMod:Antibody"},{"floor":26,"key":"Matryoshka"},{"floor":30,"key":"InkBottle"}],"event_choices":[{"damage_healed":0,"gold_gain":0,"player_choice":"Got Potions","damage_taken":0,"max_hp_gain":0,"max_hp_loss":0,"event_name":"Lab","floor":2,"gold_loss":0},{"damage_healed":0,"gold_gain":0,"player_choice":"Bought 0 Potions","damage_taken":0,"max_hp_gain":0,"max_hp_loss":0,"event_name":"The Woman in Blue","floor":8,"gold_loss":0},{"cards_removed":["DemoMod:MachoBrace"],"damage_healed":0,"gold_gain":0,"player_choice":"Gave Card","damage_taken":0,"relics_obtained":["halation:Trompette"],"max_hp_gain":0,"max_hp_loss":0,"event_name":"WeMeetAgain","floor":21,"gold_loss":0},{"damage_healed":0,"gold_gain":0,"player_choice":"Forge","damage_taken":0,"max_hp_gain":0,"max_hp_loss":0,"event_name":"Accursed Blacksmith","floor":29,"gold_loss":0,"cards_upgraded":["DemoMod:ManualReload"]}],"is_beta":false,"boss_relics":[{"not_picked":["Velvet Choker","Ectoplasm"],"picked":"Sozu"},{"not_picked":["Busted Crown","Astrolabe"],"picked":"DemoMod:Wolf"}],"items_purged_floors":[20],"is_endless":false,"potions_floor_spawned":[3,4,7,10,11,18,31,37,38],"killed_by":"Nightmare_Alpha","ascension_level":0}}