{"host":"eeb412nj2w7f9cz8","time":1613539015,"event":{"mods":["ATMod(°¢èªMod)","Act Like it!","BaseMod","Lobotomy","LobotomyExtend","Minty Spire (QoL Compilation)","StSLib"],"gold_per_floor":[220,495,11,23,23,23,48,62,86,34,34,46,58,72,72,176,176,188,34,34,98,211,211,280,280,306,306,359,451,555,555,555,684,684,829,928,953,1069,345,427,427,552,599,599,639,707,707,707,707,732],"floor_reached":51,"language":"ZHS","playtime":4363,"items_purged":["Regret","Pain"],"score":990,"play_id":"f8674049-caf2-4072-ab45-7f16697b709e","local_time":"20210217131655","is_ascension_mode":false,"campfire_choices":[],"circlet_count":0,"master_deck":["BlueStar","BigBird","MeltingLove","ApocalypseBird","PunishingBird","LongBird","SpecialBullet","SpecialBullet","SpecialBullet","SpecialBullet","SpecialBullet","SpecialBullet","SpecialBullet","SpecialBullet","ControlCode","InformationCode","CentralCode","AT_ChampionStep","WallGazer","Ecstasy","OSAHOGD","LifeForTheDareDevil","Twilight","Enlightenment","Lamp+12","Moonlight","Regret_ego","Mimicry","Soda","SummonCall","Logging","CrumblingArmor","TrainingCode","LifeForTheDareDevil+1","Twilight","GrinderMk4+1","WelfareCode","Ecstasy+1","Soda+1"],"relics":["CogitoBucket","RabbitCall","AT_ATBox","LetterFromLob","AT_RedTearstoneRing","AT_RedNoBalance","Juzu Bracelet","Centennial Puzzle","BehaviorAdjustment","Black Star","AT_MibuBalloonWealth","WarpedTongs","SkinProphecy","Omamori","Frozen Egg 2","AT_BladeRuinedKing","Ornamental Fan","Dream Catcher","AT_TrinityForce","Theresia","Girya","HonorFeather","ShedSkin_r","InspiredRelic","Justitia_r","Akabeko","Thread and Needle","Medical Kit","Potion Belt","Du-Vu Doll","Adoration_r","Twilight","Lamp_r","SoundOfStar_r"],"acts_visited":["Exordium","TheCity","TheBeyond"],"potions_floor_usage":[51,51,51],"damage_taken":[{"damage":0.0,"enemies":"Small Slimes","floor":1.0,"turns":2.0},{"damage":0.0,"enemies":"Cultist","floor":4.0,"turns":2.0},{"damage":15.0,"enemies":"3 Sentries","floor":7.0,"turns":6.0},{"damage":7.0,"enemies":"Jaw Worm","floor":8.0,"turns":4.0},{"damage":2.0,"enemies":"Exordium Thugs","floor":12.0,"turns":2.0},{"damage":12.0,"enemies":"Large Slime","floor":13.0,"turns":8.0},{"damage":0.0,"enemies":"Gremlin Gang","floor":14.0,"turns":3.0},{"damage":18.0,"enemies":"Hexaghost","floor":16.0,"turns":3.0},{"damage":17.0,"enemies":"3 Byrds","floor":18.0,"turns":3.0},{"damage":15.0,"enemies":"2 Thieves","floor":21.0,"turns":2.0},{"damage":6.0,"enemies":"Sentry and Sphere","floor":22.0,"turns":4.0},{"damage":4.0,"enemies":"Cultist and Chosen","floor":24.0,"turns":2.0},{"damage":0.0,"enemies":"Book of Stabbing","floor":28.0,"turns":1.0},{"damage":4.0,"enemies":"3 Cultists","floor":29.0,"turns":2.0},{"damage":0.0,"enemies":"Slavers","floor":30.0,"turns":1.0},{"damage":4.0,"enemies":"Champ","floor":33.0,"turns":3.0},{"damage":4.0,"enemies":"Orb Walker","floor":35.0,"turns":3.0},{"damage":6,"enemies":"2 Orb Walkers","floor":36,"turns":2},{"damage":1,"enemies":"2 Orb Walkers","floor":37,"turns":1},{"damage":1,"enemies":"3 Shapes","floor":38,"turns":2},{"damage":0,"enemies":"Nemesis","floor":40,"turns":1},{"damage":0,"enemies":"Reptomancer","floor":42,"turns":10},{"damage":0,"enemies":"Transient","floor":45,"turns":3},{"damage":3,"enemies":"Writhing Mass","floor":46,"turns":2},{"damage":2,"enemies":"FixerMidnight","floor":50,"turns":2},{"damage":0,"enemies":"Malkuth","floor":51,"turns":1},{"damage":6,"enemies":"Hod","floor":51,"turns":3},{"damage":5,"enemies":"Geburah","floor":51,"turns":7},{"damage":70,"enemies":"Binah","floor":51,"turns":6},{"damage":50,"enemies":"Angela","floor":51,"turns":2}],"seed_played":"7006705727835857412","potions_obtained":[{"floor":1.0,"key":"SkillPotion"},{"floor":7.0,"key":"Explosive Potion"},{"floor":8.0,"key":"Fire Potion"},{"floor":14.0,"key":"Swift Potion"},{"floor":21.0,"key":"Block Potion"},{"floor":24.0,"key":"PowerPotion"},{"floor":28.0,"key":"Ancient Potion"},{"floor":35.0,"key":"PowerPotion"},{"floor":45,"key":"GamblersBrew"},{"floor":46,"key":"Weak Potion"}],"is_trial":false,"path_per_floor":["M","?","$","M","?","R","E","M","T","$","R","M","M","M","R","B",null,"M","$","?","M","M","R","M","R","T","R","E","M","E","?","R","B",null,"M","?","?","M","$","E","?","E","T","R","M","M","R","?","R","B",null],"character_chosen":"Angela","items_purchased":["AT_RedTearstoneRing","AT_SilverBalance","Regret_ego","AT_MibuBalloonWealth","Akabeko","Thread and Needle","Medical Kit","Ecstasy+1"],"campfire_rested":0,"item_purchase_floors":[3,3,10,19,39,39,39,39],"current_hp_per_floor":[70,70,70,35,35,35,20,28,28,28,28,33,23,39,39,19,74,21,21,21,10,10,10,14,14,14,14,10,12,32,32,32,32,100,93,89,102,107,107,107,107,107,107,116,114,112,124,124,124,119],"gold":982,"neow_bonus":"HUNDRED_GOLD","is_daily":false,"chose_seed":false,"campfire_upgraded":0,"win_rate":0.0,"timestamp":1613539015,"path_taken":["M","?","$","?","?","R","E","M","T","?","R","M","M","M","R","BOSS","M","$","?","M","M","R","M","R","T","R","E","M","E","?","R","BOSS","M","?","?","M","$","E","?","E","T","R","M","M","R","?","R","BOSS"],"items_purchased_type":["Relic","Relic","Card","Relic","Relic","Relic","Relic","Card"],"build_version":"2020-12-22","purchased_purges":2,"victory":true,"max_hp_per_floor":[70,70,70,70,70,70,70,70,70,70,70,70,70,74,74,74,74,74,74,74,78,82,82,88,88,88,88,90,96,98,98,98,100,100,108,110,102,108,108,114,114,116,116,116,118,124,124,124,124,126],"card_choices":[{"not_picked":["GalaxyChild","VoidDream"],"picked":"WallGazer","floor":1.0},{"not_picked":["Galaxy"],"picked":"Ecstasy","floor":1.0},{"not_picked":["Funeral","CherryBlossoms"],"picked":"OSAHOGD","floor":4.0},{"not_picked":["MagicBullet"],"picked":"LifeForTheDareDevil","floor":4.0},{"not_picked":["Soda"],"picked":"Lamp","floor":7.0},{"not_picked":["Pleasure"],"picked":"Moonlight","floor":8.0},{"not_picked":["RedEyes"],"picked":"Mimicry","floor":12.0},{"not_picked":["FourthMatchFlame","CherryBlossom"],"picked":"SKIP","floor":13.0},{"not_picked":["RedShoes","Bloodbath"],"picked":"DespairKnight","floor":14.0},{"not_picked":["CherryBlossom"],"picked":"Soda","floor":14.0},{"not_picked":["Galaxy"],"picked":"Logging","floor":18.0},{"not_picked":["OldLady","WhitesApple"],"picked":"CrumblingArmor","floor":21.0},{"not_picked":["InTheNameOfLoveAndHate","Horn"],"picked":"SKIP","floor":21.0},{"not_picked":["BeautyBeast","WhitesApple"],"picked":"QueenOfHatred","floor":22.0},{"not_picked":["Beak","Wingbeat"],"picked":"SKIP","floor":22.0},{"not_picked":["BlackSwan","LaLuna"],"picked":"PunishingBird","floor":24.0},{"not_picked":["Penitence+1","RedEyes"],"picked":"SKIP","floor":24.0},{"not_picked":["FeatherOfHonor","Regret_ego+1"],"picked":"SKIP","floor":28.0},{"not_picked":["LittlePrince","FairyFestival"],"picked":"Woodsman","floor":29.0},{"not_picked":["Horn+1","CrimsonScar"],"picked":"SKIP","floor":29.0},{"not_picked":["Heaven","WristCuter+1"],"picked":"SKIP","floor":30.0},{"not_picked":["ParadiseLost"],"picked":"Twilight","floor":33.0},{"not_picked":["WhiteNight","DreamingCurrent"],"picked":"LongBird","floor":35.0},{"not_picked":["Penitence","SomewhereSpear"],"picked":"SKIP","floor":35.0},{"not_picked":["CUTE"],"picked":"GrinderMk4+1","floor":36},{"not_picked":["Bloodbath","NothingThere"],"picked":"MeltingLove","floor":38},{"not_picked":["BlueScar+1","Amita"],"picked":"SKIP","floor":38},{"not_picked":["MHz","Funeral"],"picked":"BigBird","floor":40},{"not_picked":["Spore","Harmony+1"],"picked":"SKIP","floor":40},{"not_picked":["Hornet","SwordSharpenedByTears"],"picked":"SKIP","floor":45},{"not_picked":["LaLuna","FieryBird"],"picked":"BlueStar","floor":46},{"not_picked":["SomewhereSpear","FourthMatchFlame+1"],"picked":"SKIP","floor":46}],"player_experience":215884,"relics_obtained":[{"floor":1.0,"key":"LetterFromLob"},{"floor":7.0,"key":"Juzu Bracelet"},{"floor":9.0,"key":"Centennial Puzzle"},{"floor":26.0,"key":"Omamori"},{"floor":28.0,"key":"Frozen Egg 2"},{"floor":28.0,"key":"AT_BladeRuinedKing"},{"floor":30.0,"key":"Ornamental Fan"},{"floor":30.0,"key":"Dream Catcher"},{"floor":36,"key":"Girya"},{"floor":40,"key":"Potion Belt"},{"floor":40,"key":"Du-Vu Doll"},{"floor":42,"key":"Twilight"}],"event_choices":[{"damage_healed":0.0,"max_hp_gain":0.0,"max_hp_loss":0.0,"gold_gain":275.0,"event_name":"Golden Shrine","player_choice":"Desecrate","floor":2.0,"gold_loss":0.0,"damage_taken":0.0,"cards_obtained":["Regret"]},{"damage_healed":0.0,"max_hp_gain":0.0,"max_hp_loss":0.0,"gold_gain":0.0,"event_name":"Match and Keep!","player_choice":"2 cards matched","floor":5.0,"gold_loss":0.0,"damage_taken":0.0,"cards_obtained":["Twilight","Enlightenment"]},{"damage_healed":0.0,"max_hp_gain":0.0,"max_hp_loss":0.0,"gold_gain":0.0,"event_name":"Accursed Blacksmith","player_choice":"Rummage","floor":20.0,"gold_loss":0.0,"damage_taken":0.0,"relics_obtained":["WarpedTongs"],"cards_obtained":["Pain"]},{"damage_healed":0.0,"max_hp_gain":0.0,"max_hp_loss":0.0,"gold_gain":0.0,"event_name":"The Library","player_choice":"Read","floor":31.0,"gold_loss":0.0,"damage_taken":0.0,"cards_obtained":["LifeForTheDareDevil"]},{"damage_healed":0,"gold_gain":0,"player_choice":"Fight","damage_taken":0,"max_hp_gain":0,"max_hp_loss":0,"event_name":"Mysterious Sphere","floor":36,"gold_loss":0},{"damage_healed":0,"gold_gain":0,"player_choice":"Memory 1","damage_taken":0,"max_hp_gain":0,"max_hp_loss":0,"event_name":"SensoryStone","floor":41,"gold_loss":0},{"damage_healed":0,"gold_gain":0,"cards_transformed":["TT2Protocol"],"player_choice":"Transformed","damage_taken":0,"max_hp_gain":0,"max_hp_loss":0,"event_name":"Transmorgrifier","floor":48,"gold_loss":0,"cards_obtained":["Soda"]}],"is_beta":false,"boss_relics":[{"not_picked":["Runic Dome","SacredBark"],"picked":"Black Star"},{"not_picked":["Philosopher\u0027s Stone","Coffee Dripper"],"picked":"AT_TrinityForce"}],"items_purged_floors":[3,39],"is_endless":false,"potions_floor_spawned":[1,7,8,14,21,24,28,35,45,46],"ascension_level":0}}