{"host":"f1ywytio1xmbwkwz","time":1613541978,"event":{"mods":["BaseMod","Minty Spire (QoL Compilation)","Relic Stats","StSLib"],"gold_per_floor":[114,130,147,97,115,115,129,156,233,203,12,43,43,63,63,158,158,173,173,184,94,114,145,195,205,205,225,24,39,39,49,49,49,49],"floor_reached":33,"language":"ENG","playtime":1075,"items_purged":["Strike_P"],"score":406,"play_id":"86e8c9de-e75b-4e13-ab49-9263a80297d8","local_time":"20210216230618","is_ascension_mode":true,"campfire_choices":[{"data":"Vigilance","floor":6,"key":"SMITH"},{"floor":13,"key":"REST"},{"floor":15,"key":"REST"},{"floor":30,"key":"REST"},{"floor":32,"key":"REST"}],"circlet_count":0,"master_deck":["Defend_P","Defend_P","Defend_P","Defend_P","Eruption+1","Vigilance+1","FollowUp","Consecrate","Tantrum","FlurryOfBlows","Halt","Adaptation","Panache+1","EmptyBody+1","Consecrate","Judgement+1","Tantrum+1","FlurryOfBlows+1","Halt+1","Meditate+1","PathToVictory+1","Judgement+1","FlurryOfBlows","FlurryOfBlows"],"relics":["PureWater","Toxic Egg 2","Frozen Egg 2","Incense Burner","Busted Crown","Anchor","Yang"],"acts_visited":["Exordium","TheCity"],"potions_floor_usage":[5,8,8,12,12,12,12,12,14,20,23,33,33],"damage_taken":[{"damage":0,"enemies":"Cultist","floor":1,"turns":2},{"damage":0,"enemies":"Jaw Worm","floor":2,"turns":3},{"damage":6,"enemies":"Small Slimes","floor":3,"turns":2},{"damage":5,"enemies":"Gremlin Gang","floor":5,"turns":2},{"damage":2,"enemies":"Red Slaver","floor":7,"turns":2},{"damage":40,"enemies":"Lagavulin","floor":8,"turns":4},{"damage":5,"enemies":"3 Sentries","floor":12,"turns":3},{"damage":0,"enemies":"3 Louse","floor":14,"turns":2},{"damage":0,"enemies":"Slime Boss","floor":16,"turns":4},{"damage":0,"enemies":"Spheric Guardian","floor":18,"turns":2},{"damage":10,"enemies":"3 Byrds","floor":20,"turns":3},{"damage":0,"enemies":"Cultist and Chosen","floor":22,"turns":3},{"damage":23,"enemies":"Book of Stabbing","floor":23,"turns":4},{"damage":6,"enemies":"Shelled Parasite and Fungi","floor":25,"turns":3},{"damage":0,"enemies":"Sentry and Sphere","floor":27,"turns":2},{"damage":0,"enemies":"Snake Plant","floor":29,"turns":2},{"damage":17,"enemies":"Centurion and Healer","floor":31,"turns":4},{"damage":76,"enemies":"Automaton","floor":33,"turns":6}],"seed_played":"7433540939045323556","potions_obtained":[{"floor":1,"key":"ColorlessPotion"},{"floor":3,"key":"Fruit Juice"},{"floor":7,"key":"GamblersBrew"},{"floor":8,"key":"Energy Potion"},{"floor":10,"key":"Ambrosia"},{"floor":10,"key":"EntropicBrew"},{"floor":12,"key":"Fruit Juice"},{"floor":18,"key":"Weak Potion"},{"floor":25,"key":"Fire Potion"},{"floor":27,"key":"Ancient Potion"}],"is_trial":false,"path_per_floor":["M","M","M","?","M","R","M","E","T","?","$","E","R","M","R","B",null,"M","?","M","?","M","E","?","M","T","M","$","M","R","M","R","B"],"character_chosen":"WATCHER","items_purchased":["Panache+1","Judgement+1","FlurryOfBlows"],"campfire_rested":4,"item_purchase_floors":[11,28,28],"current_hp_per_floor":[72,72,66,66,66,66,64,24,24,24,24,19,42,47,71,71,82,82,82,72,72,72,49,49,43,43,43,43,43,67,50,74,0,0],"gold":49,"neow_bonus":"UPGRADE_CARD","is_daily":false,"chose_seed":false,"campfire_upgraded":1,"win_rate":0.0,"timestamp":1613541978,"path_taken":["M","?","M","?","M","R","M","E","T","?","$","E","R","?","R","BOSS","M","?","?","?","?","E","?","M","T","M","$","?","R","M","R","BOSS"],"items_purchased_type":["Card","Card","Card"],"build_version":"2020-12-22","purchased_purges":1,"victory":false,"max_hp_per_floor":[72,72,72,72,77,77,77,77,77,77,77,77,77,82,82,82,82,82,82,82,82,82,82,82,82,82,82,82,82,82,82,82,82,82],"relic_stats":{"Busted Crown":16,"counters":[18,53],"Yang":[57],"obtain_stats":[{"Anchor":23,"Busted Crown":17,"Yang":26,"Incense Burner":12,"PureWater":0,"Toxic Egg 2":8,"Frozen Egg 2":9},{"Anchor":13,"Busted Crown":9,"Yang":14,"Incense Burner":7,"PureWater":0,"Toxic Egg 2":6,"Frozen Egg 2":6},{"Anchor":36,"Busted Crown":24,"Yang":39,"Incense Burner":18,"PureWater":0,"Toxic Egg 2":15,"Frozen Egg 2":15}]},"card_choices":[{"not_picked":["WreathOfFlame","Protect"],"picked":"FollowUp","floor":1},{"not_picked":["EmptyBody","SashWhip"],"picked":"Consecrate","floor":2},{"not_picked":["Weave","Nirvana"],"picked":"Tantrum","floor":3},{"not_picked":["Protect","Establishment"],"picked":"FlurryOfBlows","floor":5},{"not_picked":["MentalFortress","Vengeance"],"picked":"Halt","floor":7},{"not_picked":["Pray+1","ConjureBlade+1"],"picked":"Adaptation","floor":8},{"not_picked":["ClearTheMind+1","SignatureMove"],"picked":"EmptyBody+1","floor":12},{"not_picked":["EmptyMind+1","PathToVictory+1"],"picked":"Consecrate","floor":14},{"not_picked":["Devotion+1","Ragnarok"],"picked":"Judgement+1","floor":16},{"not_picked":["ThirdEye+1"],"picked":"SKIP","floor":18},{"not_picked":[],"picked":"FlurryOfBlows+1","floor":20},{"not_picked":[],"picked":"Halt+1","floor":22},{"not_picked":["WaveOfTheHand+1"],"picked":"SKIP","floor":23},{"not_picked":[],"picked":"Meditate+1","floor":25},{"not_picked":[],"picked":"PathToVictory+1","floor":27},{"not_picked":[],"picked":"FlurryOfBlows","floor":29},{"not_picked":["LikeWater+1"],"picked":"SKIP","floor":31}],"player_experience":306394,"relics_obtained":[{"floor":8,"key":"Toxic Egg 2"},{"floor":9,"key":"Frozen Egg 2"},{"floor":12,"key":"Incense Burner"},{"floor":23,"key":"Anchor"},{"floor":26,"key":"Yang"}],"event_choices":[{"cards_removed":["Strike_P"],"damage_healed":0,"gold_gain":0,"player_choice":"Card Removal","damage_taken":0,"max_hp_gain":0,"max_hp_loss":0,"event_name":"The Cleric","floor":4,"gold_loss":50},{"damage_healed":0,"gold_gain":0,"player_choice":"Bought 2 Potions","damage_taken":0,"max_hp_gain":0,"max_hp_loss":0,"event_name":"The Woman in Blue","floor":10,"gold_loss":0},{"damage_healed":0,"gold_gain":0,"cards_transformed":["Strike_P"],"player_choice":"Transformed","damage_taken":0,"max_hp_gain":0,"max_hp_loss":0,"event_name":"Transmorgrifier","floor":19,"gold_loss":0,"cards_obtained":["Tantrum"]},{"cards_removed":["Strike_P"],"damage_healed":0,"gold_gain":0,"player_choice":"Upgrade and Remove","damage_taken":0,"max_hp_gain":0,"max_hp_loss":0,"event_name":"Designer","floor":21,"gold_loss":90,"cards_upgraded":["Tantrum"]},{"damage_healed":0,"gold_gain":100,"player_choice":"Bet on Murderer","damage_taken":0,"max_hp_gain":0,"max_hp_loss":0,"event_name":"The Joust","floor":24,"gold_loss":50}],"is_beta":false,"boss_relics":[{"not_picked":["HolyWater","Coffee Dripper"],"picked":"Busted Crown"}],"items_purged_floors":[28],"is_endless":false,"potions_floor_spawned":[1,3,7,8,12,18,25,27],"killed_by":"Automaton","ascension_level":3}}