{"host":"9l1knhxfturzliqa","time":1613558157,"event":{"mods":["AchievementEnabler","BaseMod","Colored Map","Colored Powertips","DeckTracker","Highlight Path","Keyboard Shortcuts","Minty Spire (QoL Compilation)","Random Character Button"],"gold_per_floor":[18,18,31,31,44,44,55,55,107,107,137,155,168,180,180,282,282,301,313,331,344,354,354,380,399,450,462,462],"floor_reached":27,"language":"KOR","playtime":812,"items_purged":[],"score":386,"play_id":"d1d6fc9a-f204-4137-8781-7167b9955420","local_time":"20210217193557","is_ascension_mode":true,"campfire_choices":[{"data":"Zap","floor":6.0,"key":"SMITH"},{"data":"Electrodynamics","floor":8.0,"key":"SMITH"},{"data":"Dualcast","floor":10.0,"key":"SMITH"},{"data":"Lockon","floor":15.0,"key":"SMITH"},{"floor":23.0,"key":"REST"}],"circlet_count":0,"master_deck":["AscendersBane","Strike_B","Strike_B","Defend_B","Defend_B","Defend_B","Zap+1","Dualcast+1","Electrodynamics+1","Ball Lightning","Go for the Eyes","Coolheaded","Lockon+1","Consume","Consume+1","Loop"],"relics":["Cracked Core","Omamori","Art of War","Empty Cage","Calipers","MawBank"],"acts_visited":["Exordium","TheCity"],"potions_floor_usage":[25],"damage_taken":[{"damage":0.0,"enemies":"Small Slimes","floor":1.0,"turns":3.0},{"damage":0.0,"enemies":"Cultist","floor":3.0,"turns":3.0},{"damage":0.0,"enemies":"2 Louse","floor":5.0,"turns":2.0},{"damage":7.0,"enemies":"Large Slime","floor":7.0,"turns":3.0},{"damage":25.0,"enemies":"Lagavulin","floor":11.0,"turns":7.0},{"damage":6.0,"enemies":"Exordium Thugs","floor":12.0,"turns":3.0},{"damage":3.0,"enemies":"Blue Slaver","floor":13.0,"turns":3.0},{"damage":9.0,"enemies":"Red Slaver","floor":14.0,"turns":3.0},{"damage":12.0,"enemies":"Hexaghost","floor":16.0,"turns":8.0},{"damage":7.0,"enemies":"2 Thieves","floor":18.0,"turns":2.0},{"damage":1.0,"enemies":"3 Byrds","floor":19.0,"turns":2.0},{"damage":18.0,"enemies":"Sentry and Sphere","floor":20.0,"turns":4.0},{"damage":5.0,"enemies":"Centurion and Healer","floor":21.0,"turns":5.0},{"damage":14.0,"enemies":"Snake Plant","floor":22.0,"turns":3.0},{"damage":31.0,"enemies":"Slavers","floor":24.0,"turns":4.0},{"damage":14,"enemies":"Snecko","floor":25,"turns":4},{"damage":7,"enemies":"Cultist and Chosen","floor":27,"turns":1}],"seed_played":"-473776911584731957","potions_obtained":[{"floor":1.0,"key":"Fruit Juice"},{"floor":3.0,"key":"EssenceOfDarkness"},{"floor":5.0,"key":"Ancient Potion"},{"floor":13.0,"key":"AttackPotion"},{"floor":16.0,"key":"DistilledChaos"},{"floor":18.0,"key":"Fruit Juice"},{"floor":21.0,"key":"ColorlessPotion"},{"floor":24.0,"key":"Swift Potion"}],"is_trial":false,"path_per_floor":["M","?","M","$","M","R","M","R","T","R","E","M","M","M","R","B",null,"M","M","M","M","M","R","E","M","T","M"],"character_chosen":"DEFECT","items_purchased":[],"campfire_rested":1,"item_purchase_floors":[],"current_hp_per_floor":[68,68,68,68,73,73,66,66,66,66,41,35,32,23,23,11,63,61,60,42,37,23,48,17,3,3,0,0],"gold":462,"neow_bonus":"THREE_RARE_CARDS","is_daily":false,"chose_seed":false,"campfire_upgraded":4,"win_rate":0.0,"timestamp":1613558157,"path_taken":["M","?","M","$","M","R","M","R","T","R","E","?","M","M","R","BOSS","M","M","M","M","M","R","E","M","T","M"],"items_purchased_type":[],"build_version":"2020-12-22","purchased_purges":0,"victory":false,"max_hp_per_floor":[75,75,75,75,80,80,80,80,80,80,80,80,80,80,80,80,80,85,85,85,85,85,85,85,85,85,85,85],"card_choices":[{"not_picked":["Thunder Strike","Hyperbeam"],"picked":"Electrodynamics","floor":0.0},{"not_picked":["Sunder","Coolheaded"],"picked":"Ball Lightning","floor":1.0},{"not_picked":["FTL","Compile Driver"],"picked":"Go for the Eyes","floor":3.0},{"not_picked":["Steam","Darkness","Compile Driver"],"picked":"SKIP","floor":5.0},{"not_picked":["Streamline","Stack","Compile Driver"],"picked":"SKIP","floor":7.0},{"not_picked":["Beam Cell","Turbo","Fusion"],"picked":"SKIP","floor":11.0},{"not_picked":["Gash","Hyperbeam","Beam Cell"],"picked":"SKIP","floor":12.0},{"not_picked":["Leap","Force Field"],"picked":"Coolheaded","floor":13.0},{"not_picked":["Leap","Double Energy"],"picked":"Lockon","floor":14.0},{"not_picked":["Go for the Eyes","Chaos","Barrage"],"picked":"SKIP","floor":18.0},{"not_picked":["Redo","Steam","Barrage"],"picked":"SKIP","floor":19.0},{"not_picked":["Redo","Undo"],"picked":"Consume","floor":20.0},{"not_picked":["Compile Driver","Redo"],"picked":"Consume+1","floor":21.0},{"not_picked":["Glacier","Stack"],"picked":"Loop","floor":22.0},{"not_picked":["Ball Lightning","Turbo","Hyperbeam"],"picked":"SKIP","floor":24.0},{"not_picked":["Steam","Sweeping Beam+1","Sunder"],"picked":"SKIP","floor":25}],"player_experience":700946,"relics_obtained":[{"floor":9.0,"key":"Omamori"},{"floor":11.0,"key":"Art of War"},{"floor":24.0,"key":"Calipers"},{"floor":26,"key":"MawBank"}],"event_choices":[{"cards_removed":["Strike_B"],"damage_healed":0.0,"max_hp_gain":0.0,"max_hp_loss":0.0,"gold_gain":0.0,"event_name":"Purifier","player_choice":"Purged","floor":2.0,"gold_loss":0.0,"damage_taken":0.0}],"is_beta":false,"boss_relics":[{"not_picked":["Runic Dome","Fusion Hammer"],"picked":"Empty Cage"}],"items_purged_floors":[],"is_endless":false,"potions_floor_spawned":[1,3,5,13,16,18,21,24],"killed_by":"Cultist and Chosen","ascension_level":12}}