{"host":"zq15pup7vna0uxo1","time":1613561752,"event":{"mods":["BaseMod","Bestiary","Colored Map","Downfall","Infinite Spire","Minty Spire (QoL Compilation)","Replay The Spire","StSLib"],"gold_per_floor":[113,130,143,143,243,243,262,262,262,262,272,272,237,237,237,341,341,355,370,370,227,53,53,65,65,65,90,120,165,177,215,227,339,401,431,443,455,151,167,199,199,199,199],"floor_reached":42,"language":"ENG","playtime":2115,"items_purged":["Strike_B","Strike_B+1"],"score":527,"play_id":"95574401-e66f-4aba-804e-1825a4b4ff87","local_time":"20210217123552","is_ascension_mode":true,"campfire_choices":[{"data":"Zap","floor":6,"key":"SMITH"},{"data":"Dualcast","floor":8,"key":"SMITH"},{"data":"Leap","floor":10,"key":"SMITH"},{"floor":12,"key":"REST"},{"data":"Double Energy","floor":15,"key":"SMITH"},{"data":"Panic Button","floor":23,"key":"SMITH"},{"floor":30,"key":"REST"},{"data":"Amplify","floor":32,"key":"SMITH"},{"data":"Loop","floor":41,"key":"SMITH"}],"circlet_count":0,"master_deck":["Strike_B+1","Strike_B+1","Defend_B","Defend_B","Defend_B","Defend_B","Zap+1","Dualcast+1","Leap+1","Ball Lightning","Double Energy+1","Electrodynamics+1","Panic Button+1","Static Discharge+1","White Noise+1","Streamline","Self Repair","Amplify+1","Rainbow+1","Storm+1","Gash+1","Loop+1"],"relics":["Cracked Core","ReplayTheSpireMod:Lightbulb","FossilizedHelix","Philosopher\u0027s Stone","HornCleat","Guide Book","MutagenicStrength","MawBank","Durian","Peace Pipe","Tiny House","BargainBundle","Cables","infinitespire:SolderingIron"],"acts_visited":["Exordium","TheCity","TheBeyond"],"potions_floor_usage":[16,29,33,40,40,40,40,40,42],"damage_taken":[{"damage":5,"enemies":"2 Louse","floor":1,"turns":4},{"damage":12,"enemies":"infinitespire:Voidling","floor":2,"turns":5},{"damage":10,"enemies":"Small Slimes","floor":3,"turns":4},{"damage":6,"enemies":"3 Louse","floor":7,"turns":3},{"damage":0,"enemies":"Red Slaver","floor":11,"turns":3},{"damage":12,"enemies":"Slime Boss","floor":16,"turns":7},{"damage":0,"enemies":"Chosen","floor":18,"turns":4},{"damage":6,"enemies":"Shell Parasite","floor":19,"turns":4},{"damage":0,"enemies":"Cultist and Chosen","floor":24,"turns":3},{"damage":12,"enemies":"Sentry and Sphere","floor":27,"turns":3},{"damage":16,"enemies":"Shelled Parasite and Fungi","floor":28,"turns":4},{"damage":15,"enemies":"Slavers","floor":29,"turns":2},{"damage":0,"enemies":"Replay:Snechameleon","floor":31,"turns":6},{"damage":57,"enemies":"Automaton","floor":33,"turns":9},{"damage":0,"enemies":"3 Darklings","floor":35,"turns":3},{"damage":0,"enemies":"Orb Walker","floor":39,"turns":4},{"damage":67,"enemies":"Giant Head","floor":40,"turns":9},{"damage":25,"enemies":"Reptomancer","floor":42,"turns":2}],"seed_played":"9052176116493889385","potions_obtained":[{"floor":2,"key":"SteroidPotion"},{"floor":11,"key":"CultistPotion"},{"floor":18,"key":"LiquidMemories"},{"floor":19,"key":"bronze:BurnAndBuffPotion"},{"floor":27,"key":"AttackPotion"},{"floor":34,"key":"EntropicBrew"},{"floor":40,"key":"champ:CounterPotion"}],"is_trial":false,"path_per_floor":["M","M","M","?","?","R","M","R","T","R","M","R","?","?","R","B",null,"M","M","T","$","$","R","M","?","T","M","M","E","R","E","R","B",null,"M","AVR","?","$","M","E","R","E"],"character_chosen":"DEFECT","items_purchased":["White Noise","Guide Book","Streamline","Cables","Loop"],"campfire_rested":2,"item_purchase_floors":[21,22,22,38,38],"current_hp_per_floor":[70,58,48,33,33,33,27,27,27,27,27,49,67,67,67,55,75,75,69,69,69,69,69,69,69,69,64,48,38,62,69,69,19,85,85,85,85,85,85,25,25,0,0],"gold":199,"neow_bonus":"RANDOM_COMMON_RELIC","is_daily":false,"chose_seed":false,"campfire_upgraded":7,"win_rate":0.0,"timestamp":1613561752,"path_taken":["M","M","M","?","?","R","?","R","T","R","M","R","?","?","R","BOSS","M","M","?","?","$","R","?","?","T","M","M","E","R","E","R","BOSS","M","AVR","?","?","M","E","R","E"],"items_purchased_type":["Card","Relic","Card","Relic","Card"],"build_version":"2020-12-22","purchased_purges":2,"victory":false,"max_hp_per_floor":[75,75,75,75,75,75,75,75,75,75,75,75,75,75,75,75,75,75,75,75,75,75,75,75,75,75,75,75,80,80,80,80,80,85,85,85,85,85,85,85,85,85,85],"card_choices":[{"not_picked":["Barrage","Aggregate","Compile Driver"],"picked":"SKIP","floor":1},{"not_picked":["Gash","Compile Driver","Hologram"],"picked":"SKIP","floor":2},{"not_picked":["ReplayTheSpireMod:Repulse","Barrage"],"picked":"Leap","floor":3},{"not_picked":["ReplayTheSpireMod:Repulse","Streamline","Skim"],"picked":"SKIP","floor":7},{"not_picked":["Steam","Time Bomb"],"picked":"Ball Lightning","floor":11},{"not_picked":["All For One","Rainbow"],"picked":"Electrodynamics","floor":16},{"not_picked":["Stack","Ball Lightning"],"picked":"Panic Button","floor":18},{"not_picked":["Gash+1","Redo+1"],"picked":"Static Discharge+1","floor":19},{"not_picked":["Ball Lightning","Compile Driver+1"],"picked":"Self Repair","floor":24},{"not_picked":["Reinforced Body","Panic Button+1","Go for the Eyes"],"picked":"SKIP","floor":27},{"not_picked":["Buffer","Panic Button+1","Leap+1"],"picked":"SKIP","floor":28},{"not_picked":["Buffer","Panic Button+1","Leap+1"],"picked":"SKIP","floor":28},{"not_picked":["Undo","ReplaySolidLightProjector","Ball Lightning+1"],"picked":"SKIP","floor":29},{"not_picked":["Meteor Strike","Sweeping Beam"],"picked":"Amplify","floor":31},{"not_picked":["ReplayTheSpireMod:Fabricate Wheel","Echo Form"],"picked":"Rainbow","floor":33},{"not_picked":["ReplayTheSpireMod:System Scan","Barrage+1"],"picked":"Storm+1","floor":34},{"not_picked":["Rip and Tear","Conserve Battery+1"],"picked":"Gash+1","floor":35},{"not_picked":["Rebound","Darkness","Steam Power+1"],"picked":"SKIP","floor":39},{"not_picked":["BasicCrystalCard","Stack+1","Turbo"],"picked":"SKIP","floor":40}],"player_experience":1199647,"relics_obtained":[{"floor":9,"key":"FossilizedHelix"},{"floor":20,"key":"HornCleat"},{"floor":26,"key":"MawBank"},{"floor":29,"key":"Durian"},{"floor":31,"key":"Peace Pipe"},{"floor":40,"key":"infinitespire:SolderingIron"}],"event_choices":[{"damage_healed":0,"gold_gain":0,"player_choice":"Entered Light","damage_taken":15,"max_hp_gain":0,"max_hp_loss":0,"event_name":"Shining Light","floor":4,"gold_loss":0,"cards_upgraded":["Strike_B","Strike_B"]},{"damage_healed":0,"gold_gain":100,"player_choice":"Pray","damage_taken":0,"max_hp_gain":0,"max_hp_loss":0,"event_name":"Golden Shrine","floor":5,"gold_loss":0},{"damage_healed":18,"gold_gain":0,"player_choice":"Healed","damage_taken":0,"max_hp_gain":0,"max_hp_loss":0,"event_name":"The Cleric","floor":13,"gold_loss":35},{"damage_healed":0,"gold_gain":0,"player_choice":"1 cards matched","damage_taken":0,"max_hp_gain":0,"max_hp_loss":0,"event_name":"Match and Keep!","floor":14,"gold_loss":0,"cards_obtained":["Double Energy"]},{"damage_healed":0,"gold_gain":0,"player_choice":"Inject Mutagens","damage_taken":0,"relics_obtained":["MutagenicStrength"],"max_hp_gain":0,"max_hp_loss":0,"event_name":"Drug Dealer","floor":25,"gold_loss":0},{"damage_healed":0,"gold_gain":0,"player_choice":"Upgraded","damage_taken":0,"max_hp_gain":0,"max_hp_loss":0,"event_name":"Upgrade Shrine","floor":37,"gold_loss":0,"cards_upgraded":["Rainbow"]}],"is_beta":false,"boss_relics":[{"not_picked":["Ectoplasm","FrozenCore"],"picked":"Philosopher\u0027s Stone"},{"not_picked":["Replay:Ancient Bell","Astrolabe"],"picked":"Tiny House"}],"items_purged_floors":[21,36],"is_endless":false,"potions_floor_spawned":[2,11,18,19,27,28,40],"killed_by":"Reptomancer","ascension_level":2}}