{"host":"pke0xxyzw0teju56","time":1613603207,"event":{"mods":["BaseMod","Bestiary","Colored Powertips","Highlight Path","Minty Spire (QoL Compilation)","Relic Stats","Slay the Relics Exporter","StSLib"],"gold_per_floor":[18,18,18,38,38,38,38,38,107,50,50,78,115,135,135,222,276,296,130,149,149,176,176,176,176,223,223,252,274,33,33,33,113,113,142,62,62,62,62,62,92,115,195,214,214,233,242,242,242,242,242,242,242,29,62,62,62],"floor_reached":56,"language":"ENG","playtime":2511,"items_purged":["Meteor Strike"],"score":1842,"play_id":"ff361071-8c69-4099-a6e4-f3eae85589e2","local_time":"20210217180647","is_ascension_mode":true,"campfire_choices":[{"data":"Sweeping Beam","floor":6,"key":"SMITH"},{"data":"Zap","floor":8,"key":"SMITH"},{"floor":11,"key":"REST"},{"data":"Rainbow","floor":15,"key":"SMITH"},{"floor":23,"key":"REST"},{"floor":25,"key":"REST"},{"data":"Dualcast","floor":27,"key":"SMITH"},{"data":"Consume","floor":32,"key":"SMITH"},{"data":"Seek","floor":40,"key":"SMITH"},{"floor":45,"key":"RECALL"},{"floor":47,"key":"REST"},{"data":"Darkness","floor":49,"key":"SMITH"},{"data":"Go for the Eyes","floor":53,"key":"SMITH"}],"circlet_count":0,"master_deck":["AscendersBane","Zap+1","Dualcast+1","Rainbow+1","Reinforced Body+1","Sweeping Beam+1","Consume+1","Genetic Algorithm","Electrodynamics+1","Seek+1","Darkness+1","Machine Learning+1","All For One","Steam Power","Compile Driver","Go for the Eyes+1","Leap","Undo","Cold Snap","Cold Snap","Capacitor+1","Flash of Steel","Buffer+1","Cold Snap+1","Self Repair+1","Loop+1","Compile Driver+1","All For One"],"relics":["Cracked Core","CeramicFish","Frozen Egg 2","Incense Burner","Pandora\u0027s Box","Runic Capacitor","Happy Flower","Snecko Eye","Dream Catcher","Oddly Smooth Stone","Pocketwatch"],"acts_visited":["Exordium","TheCity","TheBeyond","TheEnding"],"potions_floor_usage":[13,16,22,41,50,56,56],"damage_taken":[{"damage":0,"enemies":"2 Louse","floor":1,"turns":1},{"damage":7,"enemies":"Small Slimes","floor":4,"turns":3},{"damage":0,"enemies":"Cultist","floor":12,"turns":3},{"damage":20,"enemies":"3 Sentries","floor":13,"turns":6},{"damage":7,"enemies":"Blue Slaver","floor":14,"turns":4},{"damage":12,"enemies":"Hexaghost","floor":16,"turns":8},{"damage":8,"enemies":"2 Thieves","floor":18,"turns":2},{"damage":26,"enemies":"Shell Parasite","floor":20,"turns":5},{"damage":25,"enemies":"Chosen and Byrds","floor":22,"turns":6},{"damage":22,"enemies":"Snake Plant","floor":28,"turns":4},{"damage":2,"enemies":"Centurion and Healer","floor":29,"turns":4},{"damage":0,"enemies":"Champ","floor":33,"turns":13},{"damage":0,"enemies":"3 Shapes","floor":35,"turns":4},{"damage":12,"enemies":"Nemesis","floor":41,"turns":7},{"damage":18,"enemies":"Orb Walker","floor":42,"turns":5},{"damage":0,"enemies":"Maw","floor":44,"turns":6},{"damage":29,"enemies":"4 Shapes","floor":46,"turns":4},{"damage":22,"enemies":"Awakened One","floor":50,"turns":10},{"damage":10,"enemies":"Time Eater","floor":51,"turns":12},{"damage":14,"enemies":"Shield and Spear","floor":55,"turns":11},{"damage":58,"enemies":"The Heart","floor":56,"turns":5}],"seed_played":"-6396554876311188223","potions_obtained":[{"floor":12,"key":"EssenceOfSteel"},{"floor":14,"key":"LiquidMemories"},{"floor":16,"key":"LiquidBronze"},{"floor":28,"key":"Dexterity Potion"},{"floor":35,"key":"DistilledChaos"},{"floor":41,"key":"LiquidBronze"},{"floor":55,"key":"Weak Potion"}],"is_trial":false,"path_per_floor":["M","?","?","M","?","R","$","R","T","$","R","M","E","M","R","B",null,"M","$","M","$","M","R","?","R","T","R","M","M","$","?","R","B",null,"M","$","?","$","?","R","E","M","T","M","R","M","R","?","R","B","B",null,"R","$","E","B"],"character_chosen":"DEFECT","items_purchased":["FocusPotion","Runic Capacitor","Cold Snap","Capacitor+1","Flash of Steel","Self Repair+1","Swift Potion","Oddly Smooth Stone"],"campfire_rested":4,"item_purchase_floors":[10,19,30,30,30,36,54,54],"current_hp_per_floor":[64,64,64,57,47,47,47,47,47,47,68,68,48,41,41,29,61,53,53,27,27,2,23,23,44,44,44,22,20,20,20,20,20,58,58,58,58,58,58,58,56,38,38,48,48,29,50,50,50,38,38,60,60,60,56,0,0],"gold":62,"neow_bonus":"TRANSFORM_TWO_CARDS","is_daily":false,"chose_seed":false,"campfire_upgraded":8,"win_rate":0.0,"timestamp":1613603207,"path_taken":["M","?","?","?","?","R","$","R","T","$","R","M","E","M","R","BOSS","M","?","?","$","M","R","?","R","T","R","M","M","$","?","R","BOSS","M","$","?","$","?","R","E","M","T","M","R","M","R","?","R","BOSS","BOSS","R","$","E","BOSS"],"items_purchased_type":["Potion","Relic","Card","Card","Card","Card","Potion","Relic"],"build_version":"2020-12-22","purchased_purges":1,"victory":false,"max_hp_per_floor":[71,71,71,71,71,71,71,71,71,71,71,71,71,71,71,71,71,71,71,71,71,71,71,71,71,71,71,71,71,71,71,71,71,71,71,71,71,71,71,71,71,71,71,71,71,71,71,67,67,67,67,67,67,67,67,67,67],"relic_stats":{"Dream Catcher":1,"Happy Flower":[28],"counters":[21,123],"CeramicFish":225,"Snecko Eye":[110,107,94,124],"Pandora\u0027s Box":["Conserve Battery","Darkness","Meteor Strike","Machine Learning","All For One","Steam Power"],"obtain_stats":[{"Dream Catcher":41,"Happy Flower":26,"CeramicFish":3,"Snecko Eye":34,"Oddly Smooth Stone":54,"Pandora\u0027s Box":17,"Incense Burner":13,"Runic Capacitor":19,"Frozen Egg 2":9,"Cracked Core":0,"Pocketwatch":55},{"Dream Catcher":14,"Happy Flower":9,"CeramicFish":1,"Snecko Eye":12,"Oddly Smooth Stone":19,"Pandora\u0027s Box":6,"Incense Burner":4,"Runic Capacitor":7,"Frozen Egg 2":2,"Cracked Core":0,"Pocketwatch":20},{"Dream Catcher":70,"Happy Flower":38,"CeramicFish":1,"Snecko Eye":59,"Oddly Smooth Stone":107,"Pandora\u0027s Box":25,"Incense Burner":13,"Runic Capacitor":27,"Frozen Egg 2":4,"Cracked Core":0,"Pocketwatch":118}],"Pocketwatch":[0]},"card_choices":[{"not_picked":["Leap","Turbo"],"picked":"Reinforced Body","floor":1},{"not_picked":["Redo","Hologram"],"picked":"Sweeping Beam","floor":4},{"not_picked":["Undo","Beam Cell"],"picked":"Consume","floor":12},{"not_picked":["Steam Power","Sunder"],"picked":"Genetic Algorithm","floor":13},{"not_picked":["Defragment+1","Beam Cell"],"picked":"Electrodynamics+1","floor":14},{"not_picked":["Electrodynamics+1","Fission"],"picked":"Seek","floor":16},{"not_picked":["Reprogram","Gash"],"picked":"Compile Driver","floor":18},{"not_picked":["Stack","Rebound"],"picked":"Go for the Eyes","floor":20},{"not_picked":["Rebound","Consume"],"picked":"Leap","floor":22},{"not_picked":["Storm+1","Steam"],"picked":"Undo","floor":28},{"not_picked":["Melter+1","Stack"],"picked":"Cold Snap","floor":29},{"not_picked":["Amplify","Creative AI+1"],"picked":"Buffer+1","floor":33},{"not_picked":["Lockon","Reprogram"],"picked":"Cold Snap+1","floor":35},{"not_picked":["Barrage","Go for the Eyes","Blizzard"],"picked":"SKIP","floor":41},{"not_picked":["Leap","Compile Driver"],"picked":"Loop+1","floor":42},{"not_picked":["Barrage","Lockon"],"picked":"Compile Driver+1","floor":44},{"not_picked":["Blizzard","Hello World+1","Leap"],"picked":"SKIP","floor":46},{"not_picked":["Sweeping Beam+1","Redo"],"picked":"All For One","floor":47},{"not_picked":["Beam Cell","Stack","Coolheaded"],"picked":"SKIP","floor":55},{"not_picked":["Beam Cell","Stack","Coolheaded"],"picked":"SKIP","floor":55}],"player_experience":5349169,"relics_obtained":[{"floor":9,"key":"Frozen Egg 2"},{"floor":13,"key":"Incense Burner"},{"floor":26,"key":"Happy Flower"},{"floor":41,"key":"Dream Catcher"},{"floor":55,"key":"Pocketwatch"}],"event_choices":[{"damage_healed":0,"gold_gain":0,"player_choice":"Grow","damage_taken":0,"max_hp_gain":0,"max_hp_loss":0,"event_name":"Living Wall","floor":2,"gold_loss":0,"cards_upgraded":["Reinforced Body"]},{"cards_removed":["BootSequence"],"damage_healed":0,"gold_gain":0,"player_choice":"Gave Card","damage_taken":0,"relics_obtained":["CeramicFish"],"max_hp_gain":0,"max_hp_loss":0,"event_name":"WeMeetAgain","floor":3,"gold_loss":0},{"damage_healed":0,"gold_gain":0,"player_choice":"Damaged","damage_taken":10,"max_hp_gain":0,"max_hp_loss":0,"event_name":"Wheel of Change","floor":5,"gold_loss":0},{"damage_healed":0,"gold_gain":0,"player_choice":"Ignored","damage_taken":0,"max_hp_gain":0,"max_hp_loss":0,"event_name":"Vampires","floor":24,"gold_loss":0},{"damage_healed":0,"gold_gain":0,"player_choice":"Memory 1","damage_taken":0,"max_hp_gain":0,"max_hp_loss":0,"event_name":"SensoryStone","floor":37,"gold_loss":0},{"cards_removed":["Conserve Battery"],"damage_healed":0,"gold_gain":0,"player_choice":"Removed Skill","damage_taken":0,"max_hp_gain":0,"max_hp_loss":0,"event_name":"Falling","floor":39,"gold_loss":0},{"damage_healed":0,"gold_gain":0,"player_choice":"Max HP","damage_taken":0,"max_hp_gain":0,"max_hp_loss":4,"event_name":"Winding Halls","floor":48,"gold_loss":0}],"is_beta":false,"boss_relics":[{"not_picked":["Coffee Dripper","Astrolabe"],"picked":"Pandora\u0027s Box"},{"not_picked":["Velvet Choker","Tiny House"],"picked":"Snecko Eye"}],"items_purged_floors":[30],"is_endless":false,"potions_floor_spawned":[12,14,16,20,28,35,41,55],"killed_by":"The Heart","ascension_level":20}}