{"host":"uxjsgyia3bdyayt0","time":1613529036,"event":{"mods":["Act Like it!","BaseMod","Downfall","Gensokyo","Marisa（霧雨　魔理沙）","Minty Spire (QoL Compilation)","Prisma Mod","Reimu（博??梦）","Remilia（蕾米莉?）","StSLib","The Animator","The Servant 0.9.4","Yakumo Yukari mod","Youmu（魂魄妖梦）","Yuyuko"],"gold_per_floor":[112,112,112,129,145,177,192,203,203,39,54,112,130,148,148,249,249,265,265,284,30,30,58,58,35,88,13,40,56,74,93,93,188,188,202,37,37,0,18,18,35,35,83,23,37,37,37,37,37,37],"floor_reached":51,"language":"ENG","playtime":2304,"items_purged":[],"score":914,"play_id":"ad98d02a-46a9-4240-92a6-7d7b6ce23c1e","local_time":"20210217023036","is_ascension_mode":false,"campfire_choices":[{"floor":15,"key":"REST"},{"floor":24,"key":"REST"},{"floor":32,"key":"REST"},{"data":"1","floor":40,"key":"LIFT"},{"data":"2","floor":47,"key":"LIFT"},{"data":"3","floor":49,"key":"LIFT"}],"circlet_count":0,"master_deck":["PrismaMod:ChloeCommonAttack","PrismaMod:ChloeCommonAttack","PrismaMod:ChloeCommonAttack","PrismaMod:ChloeCommonAttack","PrismaMod:ChloeCommonAttack","PrismaMod:ChloeCommonDefend","PrismaMod:ChloeCommonDefend","PrismaMod:ChloeCommonDefend","PrismaMod:ChloeCommonDefend","PrismaMod:ChloeCommonDefend","PrismaMod:ChloeCheapAttack","PrismaMod:ChloeCheapDefend","Master of Strategy+1","PrismaMod:ChloeCheapAttack","PrismaMod:ChloeExcalibur","PrismaMod:ChloeCheapAttackTwo","PrismaMod:ChloeExcalibur","PrismaMod:ChloeCheapAttack","PrismaMod:ChloeCheapAttack","PrismaMod:ChloeCarnivalAOEAttack","PrismaMod:ChloeGaeBolg","PrismaMod:ChloeExcalibur","PrismaMod:ChloeCheapDefend","PrismaMod:ChloeCheapDefend","PrismaMod:ChloeExhaustThree","CurseOfTheBell","PrismaMod:ChloeDiscardRecovery","PrismaMod:ChloeGaeBolg+1","PrismaMod:ChloeGreatTracePools","Chrysalis","Shame","PrismaMod:ChloeCheapAttack+1","PrismaMod:ChloeExhaustOne","PrismaMod:ChloeCommonAOEAttack+1","PrismaMod:ChloeCheapDefend+1","PrismaMod:ChloeCheapAttack+1","PrismaMod:ChloeExhaustOne","PrismaMod:ChloeUnlimitedBladeWorks","PrismaMod:ChloeCaladbolg+1","Secret Technique","PrismaMod:ChloeCaladbolg+1","PrismaMod:ChloeExcalibur+1","PrismaMod:ChloeExhaustOne+1","PrismaMod:ChloeExhaustThree","Madness","Madness"],"relics":["PrismaMod:PrismaTraceOn","Letter Opener","PureWhite:ReiMu","Darkstone Periapt","Calling Bell","Molten Egg 2","Torii","CaptainsWheel","Girya","Centennial Puzzle","White Beast Statue","Fusion Hammer","Ancient Tea Set"],"acts_visited":["Exordium","TheCity","TheBeyond"],"potions_floor_usage":[33,33,33,50,50,50],"damage_taken":[{"damage":6,"enemies":"Small Slimes","floor":1,"turns":5},{"damage":7,"enemies":"2 Louse","floor":4,"turns":3},{"damage":4,"enemies":"Jaw Worm","floor":5,"turns":3},{"damage":13,"enemies":"Lagavulin","floor":6,"turns":6},{"damage":5,"enemies":"Blue Slaver","floor":7,"turns":2},{"damage":6,"enemies":"3 Louse","floor":8,"turns":3},{"damage":11,"enemies":"Large Slime","floor":11,"turns":2},{"damage":0,"enemies":"Gremlin Nob","floor":12,"turns":2},{"damage":0,"enemies":"Blue Slaver","floor":13,"turns":1},{"damage":2,"enemies":"3 Louse","floor":14,"turns":2},{"damage":0,"enemies":"Slime Boss","floor":16,"turns":2},{"damage":12,"enemies":"2 Thieves","floor":18,"turns":3},{"damage":1,"enemies":"Chosen","floor":20,"turns":3},{"damage":35,"enemies":"Book of Stabbing","floor":23,"turns":5},{"damage":0,"enemies":"Gremlin Leader","floor":28,"turns":2},{"damage":0,"enemies":"Sentry and Sphere","floor":29,"turns":4},{"damage":3,"enemies":"Snake Plant","floor":30,"turns":2},{"damage":1,"enemies":"Snecko","floor":31,"turns":4},{"damage":40,"enemies":"Automaton","floor":33,"turns":5},{"damage":6,"enemies":"3 Shapes","floor":35,"turns":1},{"damage":15,"enemies":"3 Darklings","floor":39,"turns":2},{"damage":19,"enemies":"Sphere and 2 Shapes","floor":41,"turns":3},{"damage":15,"enemies":"Jaw Worm Horde","floor":45,"turns":1},{"damage":43,"enemies":"Awakened One","floor":50,"turns":4}],"seed_played":"2565644087296371374","potions_obtained":[{"floor":1,"key":"Swift Potion"},{"floor":5,"key":"Guardian:BlockOnCardUsePotion"},{"floor":7,"key":"SteroidPotion"},{"floor":13,"key":"SkillPotion"},{"floor":35,"key":"bronze:BurnAndBuffPotion"},{"floor":39,"key":"FearPotion"},{"floor":41,"key":"SpeedPotion"},{"floor":45,"key":"BlessingOfTheForge"}],"is_trial":false,"path_per_floor":["M","?","?","M","M","E","M","M","T","$","M","?","M","M","R","B",null,"M","?","M","$","?","E","R","$","T","?","E","M","M","M","R","B",null,"M","$","?","$","M","R","M","$","T","?","M","?","R","?","R","B",null],"character_chosen":"CHLOE","items_purchased":["PrismaMod:ChloeCarnivalAOEAttack","PrismaMod:ChloeGreatTracePools","Chrysalis","PrismaMod:ChloeExhaustOne","Secret Technique","PrismaMod:ChloeCaladbolg+1"],"campfire_rested":3,"item_purchase_floors":[10,21,21,25,36,38],"current_hp_per_floor":[69,69,69,62,58,45,40,34,34,34,23,23,23,21,43,43,81,69,54,53,53,59,39,66,66,66,66,66,66,63,62,89,49,92,86,86,86,86,86,86,67,67,67,67,67,55,55,55,55,27],"gold":37,"neow_bonus":"RANDOM_COLORLESS_2","is_daily":false,"chose_seed":false,"campfire_upgraded":0,"win_rate":0.0,"timestamp":1613529036,"path_taken":["M","?","?","M","M","E","M","M","T","$","?","?","M","M","R","BOSS","M","?","M","$","?","E","R","?","T","?","E","M","M","M","R","BOSS","M","$","?","?","M","R","?","$","T","?","?","?","R","?","R","BOSS"],"items_purchased_type":["Card","Card","Card","Card","Card","Card"],"build_version":"2020-12-22","purchased_purges":0,"victory":true,"max_hp_per_floor":[75,75,75,75,75,75,75,75,75,75,75,75,75,75,75,75,81,81,86,86,86,92,92,92,92,92,92,92,92,92,92,92,92,92,92,92,92,92,92,92,92,92,92,92,92,92,92,92,92,92],"card_choices":[{"not_picked":["Secret Technique","The Bomb"],"picked":"Master of Strategy","floor":0},{"not_picked":["PrismaMod:ChloeDemonicTutor","PrismaMod:ChloeCheapDefend"],"picked":"PrismaMod:ChloeCheapAttack","floor":1},{"not_picked":["PrismaMod:ChloeCheapDefend","PrismaMod:ChloeCheapDefendTwo"],"picked":"PrismaMod:ChloeExcalibur","floor":4},{"not_picked":["PrismaMod:ChloeCommonAOEAttack","PrismaMod:ChloeCheapDefendTwo"],"picked":"PrismaMod:ChloeCheapAttackTwo","floor":5},{"not_picked":["PrismaMod:ChloeRitsuka","PrismaMod:ChloeGaeBolg"],"picked":"PrismaMod:ChloeExcalibur","floor":6},{"not_picked":["PrismaMod:ChloeUncommonDefend","PrismaMod:ChloeDemonicTutor"],"picked":"PrismaMod:ChloeCheapAttack","floor":7},{"not_picked":["PrismaMod:ChloeExhaustOne","PrismaMod:ChloeChristmas"],"picked":"PrismaMod:ChloeCheapAttack","floor":8},{"not_picked":["PrismaMod:ChloeCommonAOEAttack","PrismaMod:ChloeChristmas"],"picked":"PrismaMod:ChloeGaeBolg","floor":11},{"not_picked":["PrismaMod:ChloeExhaustOne","PrismaMod:ChloeMordred"],"picked":"PrismaMod:ChloeExcalibur","floor":12},{"not_picked":["PrismaMod:ChloeMaid","PrismaMod:ChloeUncommonAttack"],"picked":"PrismaMod:ChloeCheapDefend","floor":13},{"not_picked":["PrismaMod:ChloeReshuffleDiscard","PrismaMod:ChloeCommonAOEAttack"],"picked":"PrismaMod:ChloeCheapDefend","floor":14},{"not_picked":["PrismaMod:ChloeCarnivalDefend","PrismaMod:ChloeAnyUncommonTrace"],"picked":"PrismaMod:ChloeExhaustThree","floor":16},{"not_picked":["PrismaMod:ChloeRitsuka","PrismaMod:ChloeUncommonAOEAttack+1"],"picked":"PrismaMod:ChloeDiscardRecovery","floor":18},{"not_picked":["PrismaMod:ChloeDiscardRecovery","PrismaMod:ChloeChristmas+1"],"picked":"PrismaMod:ChloeGaeBolg+1","floor":20},{"not_picked":["PrismaMod:ChloeBetterTracePools+1","PrismaMod:ChloeHalloween"],"picked":"PrismaMod:ChloeCheapAttack+1","floor":23},{"not_picked":["PrismaMod:ChloeMordred","PrismaMod:ChloeRitsuka"],"picked":"PrismaMod:ChloeCommonAOEAttack+1","floor":28},{"not_picked":["PrismaMod:ChloeDiscardRecovery","PrismaMod:ChloeDemonicTutor"],"picked":"PrismaMod:ChloeCheapDefend+1","floor":29},{"not_picked":["PrismaMod:ChloeCommonAOEAttack+1","PrismaMod:ChloeUncommonDefend"],"picked":"PrismaMod:ChloeCheapAttack+1","floor":30},{"not_picked":["PrismaMod:ChloeCheapAttackTwo+1","PrismaMod:ChloeEyeOfTheEuryale+1"],"picked":"PrismaMod:ChloeExhaustOne","floor":31},{"not_picked":["PrismaMod:ChloeExhaustThree","PrismaMod:ChloeCarnivalAttack+1"],"picked":"PrismaMod:ChloeUnlimitedBladeWorks","floor":33},{"not_picked":["PrismaMod:ChloeDiscardRecovery","PrismaMod:ChloeCheapDefend"],"picked":"PrismaMod:ChloeCaladbolg+1","floor":35},{"not_picked":["PrismaMod:ChloeDiscardRecovery","PrismaMod:ChloeExhaustTwo+1"],"picked":"PrismaMod:ChloeExcalibur+1","floor":39},{"not_picked":["PrismaMod:ChloeCheapDefendTwo+1","PrismaMod:ChloeCommonAOEAttack+1"],"picked":"PrismaMod:ChloeExhaustOne+1","floor":41},{"not_picked":["PrismaMod:ChloeCheapDefend","PrismaMod:ChloeCheapAttack+1"],"picked":"PrismaMod:ChloeExhaustThree","floor":45}],"player_experience":6475,"relics_obtained":[{"floor":6,"key":"PureWhite:ReiMu"},{"floor":17,"key":"Molten Egg 2"},{"floor":17,"key":"Torii"},{"floor":23,"key":"Girya"},{"floor":26,"key":"Centennial Puzzle"},{"floor":28,"key":"White Beast Statue"},{"floor":43,"key":"Ancient Tea Set"}],"event_choices":[{"damage_healed":0,"gold_gain":0,"player_choice":"Grow","damage_taken":0,"max_hp_gain":0,"max_hp_loss":0,"event_name":"Living Wall","floor":2,"gold_loss":0,"cards_upgraded":["Master of Strategy"]},{"damage_healed":0,"gold_gain":0,"player_choice":"Box","damage_taken":0,"relics_obtained":["Letter Opener"],"max_hp_gain":0,"max_hp_loss":0,"event_name":"Big Fish","floor":3,"gold_loss":0,"cards_obtained":["Regret"]},{"damage_healed":0,"gold_gain":0,"player_choice":"Searched \u00272\u0027 times","damage_taken":0,"relics_obtained":["Darkstone Periapt"],"max_hp_gain":0,"max_hp_loss":0,"event_name":"Dead Adventurer","floor":12,"gold_loss":0},{"damage_healed":0,"gold_gain":0,"player_choice":"Shed Blood","damage_taken":20,"max_hp_gain":5,"max_hp_loss":0,"event_name":"Forgotten Altar","floor":19,"gold_loss":0},{"damage_healed":0,"gold_gain":0,"player_choice":"Stole Relic","damage_taken":0,"relics_obtained":["CaptainsWheel"],"max_hp_gain":0,"max_hp_loss":0,"event_name":"Addict","floor":22,"gold_loss":0,"cards_obtained":["Shame"]},{"cards_removed":["Regret"],"damage_healed":0,"gold_gain":0,"player_choice":"Gave Gold","damage_taken":0,"max_hp_gain":0,"max_hp_loss":0,"event_name":"Beggar","floor":27,"gold_loss":75},{"damage_healed":0,"gold_gain":0,"player_choice":"Ignored","damage_taken":0,"max_hp_gain":0,"max_hp_loss":0,"event_name":"NoteForYourself","floor":37,"gold_loss":0},{"cards_removed":["Regret"],"damage_healed":0,"gold_gain":0,"player_choice":"Single Remove","damage_taken":0,"max_hp_gain":0,"max_hp_loss":0,"event_name":"Designer","floor":44,"gold_loss":60},{"damage_healed":0,"gold_gain":0,"player_choice":"Embrace Madness","damage_taken":12,"max_hp_gain":0,"max_hp_loss":0,"event_name":"Winding Halls","floor":46,"gold_loss":0,"cards_obtained":["Madness","Madness"]},{"damage_healed":0,"gold_gain":0,"player_choice":"Ignored","damage_taken":0,"max_hp_gain":0,"max_hp_loss":0,"event_name":"SecretPortal","floor":48,"gold_loss":0}],"is_beta":false,"boss_relics":[{"not_picked":["Tiny House","Sozu"],"picked":"Calling Bell"},{"not_picked":["SacredBark","Cursed Key"],"picked":"Fusion Hammer"}],"items_purged_floors":[],"is_endless":false,"potions_floor_spawned":[1,5,7,8,13,14,20,29,30,31,33,35,39,41,45],"ascension_level":0}}