{"host":"lstr3pesnbx2qpzo","time":1613585825,"event":{"mods":["Aspiration","BaseMod","Conspire","Downfall","Hubris","Infinite Spire","Minty Spire (QoL Compilation)","Replay The Spire","StSLib"],"gold_per_floor":[116,116,116,136,11,39,39,67,67,67,67,107,107,130,130,266,266,309,309,347,405,94,94,94,141,141,0,0,32,32,56,56,173,173,222,251,251,449,484,484,538,538,564,616,616,616,616,663,663,790,790,811,811,832,849,406,406,440,440,440,447,447],"floor_reached":61,"language":"ENG","playtime":3084,"items_purged":["Slimebound:Tackle+1","Parasite"],"score":990,"play_id":"63145d26-b38d-43c0-97bd-413adeee27bf","local_time":"20210217111705","is_ascension_mode":true,"campfire_choices":[{"data":"Blade Dance","floor":7.0,"key":"SMITH"},{"data":"Cloak And Dagger","floor":11.0,"key":"SMITH"},{"data":"Fluid Movement","floor":13.0,"key":"SMITH"},{"data":"Replay:Poison Smokescreen","floor":15,"key":"SMITH"},{"data":"Hidden Blade","floor":23,"key":"SMITH"},{"floor":28,"key":"REST"},{"floor":32,"key":"DIG"},{"data":"Replay:Bag of Tricks","floor":40,"key":"SMITH"},{"floor":42,"key":"REST"},{"data":"ReplayTheSpireMod:Shiv Toss","floor":45,"key":"SMITH"},{"floor":47,"key":"RECALL"},{"data":"Accuracy","floor":57,"key":"SMITH"},{"data":"Burst","floor":59,"key":"SMITH"}],"circlet_count":0,"master_deck":["Defend_G+1","Defend_G+1","Defend_G+1","Defend_G+1","Defend_G+1","Survivor","Neutralize","Blade Dance+1","Replay:Poison Smokescreen+1","Hidden Blade+1","ReplayTheSpireMod:Shiv Toss+1","Blade Dance+1","Cloak And Dagger+1","Fluid Movement+1","ReplayTheSpireMod:Speed Training","Fluid Movement+1","Slimebound:Tackle+1","Slimebound:Tackle+1","Replay:Bag of Tricks+1","Blade Dance+1","Dramatic Entrance+1","conspire:PoisonWeapons+1","Burst+1","Injury","Accuracy+1","ReplayTheSpireMod:Scrap Shanks"],"relics":["Ring of the Snake","aspiration:Nostalgia","Sizzling Blood","Bag of Marbles","Replay:Bandana","Pet Ghost","WristBlade","Juzu Bracelet","Membership Card","infinitespire:CheckeredPen","aspiration:RitualStick","Quantum Egg","ReplayTheSpireMod:Lightbulb","ReplayFunnel","Replay:Bottled Eggs","HoveringKite","Lantern","Bronze Scales","conspire:SpecialSausage","Toxic Egg 2","Frozen Eye","Mummified Hand","Replay:Kaleidoscope","Kunai","aspiration:StickyExplosives_weak"],"acts_visited":["Exordium","TheCity","TheBeyond","Exordium"],"potions_floor_usage":[16,16,21,21,50,50,61],"damage_taken":[{"damage":3.0,"enemies":"2 Louse","floor":1.0,"turns":3.0},{"damage":1.0,"enemies":"Jaw Worm","floor":4.0,"turns":2.0},{"damage":10.0,"enemies":"Lagavulin","floor":6.0,"turns":6.0},{"damage":0.0,"enemies":"Small Slimes","floor":8.0,"turns":2.0},{"damage":7.0,"enemies":"3 Louse","floor":12.0,"turns":3.0},{"damage":4.0,"enemies":"Red Slaver","floor":14.0,"turns":4.0},{"damage":7,"enemies":"Fading Forest","floor":16,"turns":11},{"damage":6,"enemies":"3 Byrds","floor":18,"turns":4},{"damage":11,"enemies":"conspire:FuzzyDice","floor":20,"turns":3},{"damage":14,"enemies":"conspire:MimicChest","floor":21,"turns":4},{"damage":36,"enemies":"Nightmare","floor":25,"turns":7},{"damage":5,"enemies":"Centurion and Healer","floor":29,"turns":3},{"damage":0,"enemies":"Champ","floor":33,"turns":7},{"damage":15,"enemies":"3 Darklings","floor":35,"turns":3},{"damage":0,"enemies":"3 Shapes","floor":36,"turns":1},{"damage":0,"enemies":"Spire Growth","floor":39,"turns":1},{"damage":0,"enemies":"Maw","floor":41,"turns":4},{"damage":0,"enemies":"Nemesis","floor":44,"turns":5},{"damage":5,"enemies":"Writhing Mass","floor":48,"turns":4},{"damage":62,"enemies":"conspire:OrnateMirror","floor":50,"turns":8},{"damage":0,"enemies":"2 Louse","floor":52,"turns":1},{"damage":0,"enemies":"Cultist","floor":54,"turns":1},{"damage":0,"enemies":"Small Slimes","floor":55,"turns":1},{"damage":0,"enemies":"Lagavulin","floor":58,"turns":3},{"damage":82,"enemies":"Nightmare","floor":61,"turns":3}],"seed_played":"7925601644457338904","potions_obtained":[{"floor":4.0,"key":"SkillPotion"},{"floor":6.0,"key":"Elixir"},{"floor":10.0,"key":"PowerPotion"},{"floor":16,"key":"GamblersBrew"},{"floor":18,"key":"Energy Potion"},{"floor":20,"key":"Weak Potion"},{"floor":39,"key":"sneckomod:MuddlingPotion"},{"floor":41,"key":"Reflective Coating"},{"floor":54,"key":"BlessingOfTheForge"},{"floor":55,"key":"Block Potion"}],"is_trial":false,"path_per_floor":["M","?","?","M","$","E","R","M","T","?","R","M","R","M","R","B",null,"M","?","M","?","$","R","?","NM","T","?","R","M","?","T","R","B",null,"M","M","?","?","M","R","M","R","T","E","R","AVR","R","M","R","B",null,"M","?","M","M","$","R","E","R","T","NM"],"character_chosen":"THE_SILENT","items_purchased":["Hidden Blade","ReplayTheSpireMod:Shiv Toss","Membership Card","infinitespire:CheckeredPen","Frozen Eye","Mummified Hand","ReplayTheSpireMod:Scrap Shanks","Replay:Kaleidoscope"],"campfire_rested":2,"item_purchase_floors":[5,5,22,22,56,56,56,56],"current_hp_per_floor":[74,74,74,74,74,68,68,72,72,72,72,69,69,69,69,74,74,72,72,65,55,55,55,40,8,8,8,30,29,29,29,29,33,74,63,67,67,38,42,42,46,68,68,72,72,72,72,71,74,16,74,74,74,74,74,71,71,71,71,71,0,0],"gold":447,"neow_bonus":"NOSTALGIA","is_daily":false,"chose_seed":false,"campfire_upgraded":9,"win_rate":0.0,"timestamp":1613585825,"path_taken":["M","?","?","M","?","E","R","M","T","?","R","?","R","M","R","BOSS","M","?","M","?","$","R","?","NM","T","?","R","M","?","?","R","BOSS","M","M","?","?","M","R","M","R","T","E","R","AVR","R","M","R","BOSS","M","?","M","M","$","R","E","R","T","NM"],"items_purchased_type":["Card","Card","Relic","Relic","Relic","Relic","Card","Relic"],"build_version":"2020-12-22","purchased_purges":2,"victory":false,"max_hp_per_floor":[74,74,74,74,74,74,74,74,74,74,74,74,74,74,74,74,74,74,74,74,74,74,74,74,74,74,74,74,74,74,74,74,74,74,74,74,74,74,74,74,74,74,74,74,74,74,74,74,74,74,74,74,74,74,74,71,71,71,71,71,71,71],"card_choices":[{"not_picked":["Bane","Outmaneuver"],"picked":"Blade Dance","floor":1.0},{"not_picked":["Underhanded Strike","Outmaneuver"],"picked":"Replay:Poison Smokescreen","floor":4.0},{"not_picked":["Backstab","Dagger Throw"],"picked":"Blade Dance","floor":6.0},{"not_picked":["Blade Dance","Noxious Fumes"],"picked":"Cloak And Dagger","floor":8.0},{"not_picked":["ReplayTheSpireMod:Shiv Toss","Blade Dance"],"picked":"Fluid Movement","floor":12.0},{"not_picked":["Underhanded Strike","Bane"],"picked":"ReplayTheSpireMod:Speed Training","floor":14.0},{"not_picked":["Bane","Dagger Spray"],"picked":"Fluid Movement+1","floor":18},{"not_picked":["Tactician","Deflect","Poisoned Stab"],"picked":"SKIP","floor":20},{"not_picked":["Quick Slash","Acrobatics","PiercingWail"],"picked":"SKIP","floor":25},{"not_picked":["Outmaneuver+1","ReplayTheSpireMod:Tripwire","Endless Agony"],"picked":"SKIP","floor":29},{"not_picked":["Glass Knife","A Thousand Cuts"],"picked":"Replay:Bag of Tricks","floor":33},{"not_picked":["Dagger Spray+1","Well Laid Plans+1","Dagger Throw+1"],"picked":"SKIP","floor":35},{"not_picked":["ReplayTheSpireMod:Speed Training+1","Outmaneuver+1"],"picked":"Blade Dance+1","floor":36},{"not_picked":["Flash of Steel","Deep Breath"],"picked":"Dramatic Entrance","floor":37},{"not_picked":["Deflect","Dash"],"picked":"conspire:PoisonWeapons+1","floor":39},{"not_picked":["Replay:Poison Smokescreen","aspiration:Lunge","Outmaneuver"],"picked":"SKIP","floor":41},{"not_picked":["Heel Hook","Hidden Blade+1","PiercingWail"],"picked":"SKIP","floor":44},{"not_picked":["All Out Attack","Sneak Up","Hidden Blade+1"],"picked":"SKIP","floor":48},{"not_picked":["Die Die Die","Doppelganger"],"picked":"Burst","floor":50},{"not_picked":["Skewer","Prepared","Slice"],"picked":"SKIP","floor":52},{"not_picked":["Acrobatics+1","Choke","Escape Plan+1"],"picked":"SKIP","floor":54},{"not_picked":["ReplayTheSpireMod:Exploit Weakness+1","Well Laid Plans"],"picked":"Accuracy","floor":55},{"not_picked":["ReplayTheSpireMod:Scrap Shanks","Bane","ReplayTheSpireMod:Speed Training+1"],"picked":"SKIP","floor":58}],"player_experience":247145,"relics_obtained":[{"floor":3.0,"key":"Bag of Marbles"},{"floor":6.0,"key":"Replay:Bandana"},{"floor":9.0,"key":"Pet Ghost"},{"floor":21,"key":"Juzu Bracelet"},{"floor":25,"key":"Quantum Egg"},{"floor":26,"key":"ReplayTheSpireMod:Lightbulb"},{"floor":31,"key":"ReplayFunnel"},{"floor":32,"key":"Replay:Bottled Eggs"},{"floor":44,"key":"Lantern"},{"floor":58,"key":"Kunai"},{"floor":60,"key":"aspiration:StickyExplosives_weak"}],"event_choices":[{"damage_healed":0.0,"max_hp_gain":0.0,"max_hp_loss":0.0,"gold_gain":0.0,"event_name":"Lab","player_choice":"Got Potions","floor":10.0,"gold_loss":0.0,"damage_taken":0.0},{"damage_healed":0,"gold_gain":0,"player_choice":"Paid Fearfully","damage_taken":0,"max_hp_gain":0,"max_hp_loss":0,"event_name":"Masked Bandits","floor":27,"gold_loss":141},{"damage_healed":0,"gold_gain":0,"player_choice":"Ignored","damage_taken":0,"max_hp_gain":0,"max_hp_loss":0,"event_name":"Cursed Tome","floor":30,"gold_loss":0},{"damage_healed":0,"gold_gain":0,"player_choice":"Memory 1","damage_taken":0,"max_hp_gain":0,"max_hp_loss":0,"event_name":"SensoryStone","floor":37,"gold_loss":0}],"is_beta":false,"boss_relics":[{"not_picked":["Replay:Ancient Bell","aspiration:DefectSkillbook"],"picked":"WristBlade"},{"not_picked":["ReplayTheSpireMod:DimensionalGlitch","hubris:RunicObelisk"],"picked":"HoveringKite"},{"not_picked":["aspiration:PoetsPen_weak","Runic Pyramid"],"picked":"conspire:SpecialSausage"}],"items_purged_floors":[22,56],"is_endless":true,"potions_floor_spawned":[4,6,12,16,18,20,39,41,44,48,54,55],"killed_by":"Nightmare","ascension_level":2}}