{"host":"q8o6l8eqnoevndy4","time":1613538855,"event":{"mods":["2.2 Compatiblity","AchievementEnabler","Act Like it!","AlwaysNeverKeys","Bard","BaseMod","Bestiary","Better Altar","Better Match","Better Note","Better Sensory Stone","Better Skull","Better Third Choice","Better Vampires","Better-Laid Plans","Booster Modes","Colored Map","Colored Powertips","Custom Start","Disable Question Mark Monsters","Displayed Cursed Tome","Friendly Minions","GifTheSpireLib","Hermit","Highlight Path","Infinite Spire","Keyboard Shortcuts","Minty Spire (QoL Compilation)","Permanent Neow","Quick Restart","Random Character Button","Random Character Mod","Rare Cards Sparkle","Relic Filter","Relic Sorter","Relic Stats","Reliquary","Reorder Act Four","Spicy Shops","Spire Arcade","StSLib","The Blackbeard","The Gatherer","Transform Curses","Virulent Crown"],"gold_per_floor":[135,135,135,90,144,249,249,291,316,316,406,406,439,487,45,45,45,333,333,369,369,369,369,420,420,495,537,537,537,843,948,1005,1005,326,326,326,623,773,833,1289,658,705,665,749,749,799,853,853,853,853,907,907,965,965,965,971],"floor_reached":57,"language":"ENG","playtime":3387,"items_purged":["Prepared","Decay","blackbeard:Spear","FTL"],"score":933,"play_id":"3e955b81-3a03-4abc-82fc-6ad93b860bc7","local_time":"20210216231415","daily_mods":["Draft","Diverse","Midas"],"is_ascension_mode":false,"campfire_choices":[{"floor":7.0,"key":"REST"},{"floor":12.0,"key":"REST"},{"floor":16.0,"key":"REST"},{"data":"blackbeard:CloakAndCannonball","floor":17.0,"key":"PURGE"},{"floor":25.0,"key":"REST"},{"floor":33.0,"key":"REST"},{"floor":35.0,"key":"REST"},{"floor":36.0,"key":"REST"},{"floor":50,"key":"REST"},{"data":"Gatherer:FlowerShield","floor":52,"key":"PURGE"},{"data":"Gatherer:VenomBarrier+1","floor":54,"key":"PURGE"},{"data":"blackbeard:WiseDefense","floor":55,"key":"PURGE"}],"circlet_count":0,"master_deck":["Gatherer:ColorfulGarden","hermit:Determination","Conclude","bard:LocateObject","Gatherer:CarefulStrike","bard:EchoEcho","Conserve Battery","Flying Knee","blackbeard:BlindAttacks+1","Cleave","infinitespire:Collect","All For One","blackbeard:FieryDefense+1","bard:Thunderwave+1","DevaForm","infinitespire:Collect+1","Spot Weakness","FollowUp+1","bard:EchoEcho+1","bard:Blink+1","Gatherer:Bulldoze+1","Mind Blast+1","CutThroughFate+1","Beam Cell+1","Conserve Battery","Dash+1","hermit:BodyArmor+1","Gatherer:CollectorsShot+1","Go for the Eyes+1","Jack Of All Trades","Apotheosis","blackbeard:TerrorOfTheSeas"],"relics":["PureWater","betterThird:SlimedRelic","Juzu Bracelet","Toy Ornithopter","Molten Egg 2","Peace Pipe","Frozen Eye","PreservedInsect","War Paint","Runic Pyramid","Bag of Marbles","infinitespire:Cupcake","reliquary:TuningFork","Kunai","infinitespire:Midas Blood","Du-Vu Doll","reliquary:QuartzCube","Red Mask","Membership Card","Art of War","infinitespire:CheckeredPen","infinitespire:ShieldingShard","Tiny House","Old Coin","Sling","reliquary:JackalopeAntler","Nunchaku","Strawberry","Potion Belt","infinitespire:Beetle Shell","Calipers","Bag of Marbles","Regal Pillow"],"acts_visited":["Exordium","TheCity","TheBeyond"],"potions_floor_usage":[],"damage_taken":[{"damage":1.0,"enemies":"Small Slimes","floor":1.0,"turns":2.0},{"damage":0.0,"enemies":"Cultist","floor":5.0,"turns":2.0},{"damage":4.0,"enemies":"3 Sentries","floor":6.0,"turns":4.0},{"damage":0.0,"enemies":"2 Louse","floor":8.0,"turns":1.0},{"damage":11.0,"enemies":"Lagavulin","floor":11.0,"turns":5.0},{"damage":0.0,"enemies":"2 Fungi Beasts","floor":13.0,"turns":2.0},{"damage":0.0,"enemies":"Exordium Thugs","floor":14.0,"turns":3.0},{"damage":12.0,"enemies":"Hexaghost","floor":18.0,"turns":8.0},{"damage":3.0,"enemies":"Chosen","floor":20.0,"turns":4.0},{"damage":5.0,"enemies":"Shell Parasite","floor":24.0,"turns":3.0},{"damage":0.0,"enemies":"Slavers","floor":26.0,"turns":2.0},{"damage":3.0,"enemies":"Centurion and Healer","floor":27.0,"turns":2.0},{"damage":16.0,"enemies":"Colosseum Slavers","floor":30.0,"turns":2.0},{"damage":10.0,"enemies":"Colosseum Nobs","floor":30.0,"turns":3.0},{"damage":0.0,"enemies":"Masked Bandits","floor":31.0,"turns":3.0},{"damage":0.0,"enemies":"Cultist and Chosen","floor":32.0,"turns":3.0},{"damage":0.0,"enemies":"Collector","floor":37.0,"turns":5.0},{"damage":0.0,"enemies":"3 Shapes","floor":39.0,"turns":3.0},{"damage":26.0,"enemies":"2 Orb Walkers","floor":40.0,"turns":3.0},{"damage":7.0,"enemies":"3 Darklings","floor":42.0,"turns":3.0},{"damage":0,"enemies":"Reptomancer","floor":44,"turns":2},{"damage":3,"enemies":"Sphere and 2 Shapes","floor":46,"turns":3},{"damage":0,"enemies":"4 Shapes","floor":51,"turns":3},{"damage":9,"enemies":"Writhing Mass","floor":53,"turns":3},{"damage":11,"enemies":"Awakened One","floor":56,"turns":7}],"seed_played":"-4494868014268107208","potions_obtained":[{"floor":1.0,"key":"LiquidMemories"},{"floor":6.0,"key":"EntropicBrew"},{"floor":8.0,"key":"Energy Potion"},{"floor":30.0,"key":"Strength Potion"}],"is_trial":true,"path_per_floor":["M","?","?","?","M","E","R","M","T","T","E","R","M","M","$","R","R","B",null,"M","?","?","AVR","M","R","E","M","T","T","?","?","M","R","$","R","R","B",null,"M","?","$","M","?","E","AVR","M","T","T","?","R","M","R","M","R","R","B",null],"character_chosen":"WATCHER","items_purchased":["Frozen Eye","PreservedInsect","War Paint","Membership Card","Art of War","infinitespire:CheckeredPen","Gatherer:Bulldoze+1","infinitespire:ShieldingShard","Mind Blast+1","Sling","reliquary:JackalopeAntler","Nunchaku","Strawberry","Potion Belt","CultistPotion","Strength Potion","Conserve Battery","Dash+1"],"campfire_rested":8,"item_purchase_floors":[15,15,15,34,34,34,34,34,34,41,41,41,41,41,41,41,41,41],"current_hp_per_floor":[71,76,56,45,45,41,64,64,64,64,53,76,76,76,76,77,77,65,77,74,74,74,74,69,77,77,74,74,74,48,48,48,71,71,77,77,77,82,82,56,63,56,56,56,56,53,53,53,53,89,89,89,80,80,80,69],"gold":971,"neow_bonus":"","is_daily":false,"chose_seed":false,"campfire_upgraded":0,"win_rate":0.0,"timestamp":1613538855,"path_taken":["M","?","?","?","M","E","R","M","T","T","E","R","M","M","$","R","R","BOSS","M","?","?","AVR","M","R","E","M","T","T","?","?","M","R","$","R","R","BOSS","M","?","$","M","?","E","AVR","M","T","T","?","R","M","R","M","R","R","BOSS"],"items_purchased_type":["Relic","Relic","Relic","Relic","Relic","Relic","Card","Relic","Card","Relic","Relic","Relic","Relic","Relic","Potion","Potion","Card","Card"],"build_version":"2020-12-22","purchased_purges":4,"victory":true,"max_hp_per_floor":[72,77,77,77,77,77,77,77,77,77,77,77,77,77,77,77,77,77,77,77,77,77,77,77,77,77,77,77,77,77,77,77,77,77,77,77,77,82,82,82,89,89,89,89,89,89,89,89,89,89,89,89,89,89,89,89],"relic_stats":{"Peace Pipe":4,"Nunchaku":[6],"Regal Pillow":10,"counters":[25,81],"PreservedInsect":133,"Juzu Bracelet":1,"Art of War":[2],"Kunai":[30],"War Paint":["blackbeard:FieryDefense","blackbeard:Dagger"],"obtain_stats":[{"Regal Pillow":48,"Tiny House":38,"Calipers":45,"Juzu Bracelet":6,"reliquary:QuartzCube":30,"Sling":41,"Old Coin":40,"Frozen Eye":15,"Nunchaku":41,"infinitespire:ShieldingShard":34,"Strawberry":41,"Red Mask":31,"Kunai":28,"Runic Pyramid":19,"Potion Belt":41,"PreservedInsect":15,"infinitespire:Beetle Shell":44,"infinitespire:CheckeredPen":34,"War Paint":15,"Peace Pipe":11,"Du-Vu Doll":30,"reliquary:JackalopeAntler":41,"betterThird:SlimedRelic":4,"Molten Egg 2":10,"Bag of Marbles":23,"reliquary:TuningFork":26,"Art of War":34,"Membership Card":34,"PureWater":0,"Toy Ornithopter":9,"infinitespire:Cupcake":23,"infinitespire:Midas Blood":29},{"Regal Pillow":22,"Tiny House":17,"Calipers":21,"Juzu Bracelet":3,"reliquary:QuartzCube":14,"Sling":19,"Old Coin":19,"Frozen Eye":7,"Nunchaku":19,"infinitespire:ShieldingShard":16,"Strawberry":19,"Red Mask":15,"Kunai":12,"Runic Pyramid":8,"Potion Belt":19,"PreservedInsect":7,"infinitespire:Beetle Shell":21,"infinitespire:CheckeredPen":16,"War Paint":7,"Peace Pipe":5,"Du-Vu Doll":14,"reliquary:JackalopeAntler":19,"betterThird:SlimedRelic":1,"Molten Egg 2":4,"Bag of Marbles":9,"reliquary:TuningFork":11,"Art of War":16,"Membership Card":16,"PureWater":0,"Toy Ornithopter":4,"infinitespire:Cupcake":9,"infinitespire:Midas Blood":12},{"Regal Pillow":68,"Tiny House":54,"Calipers":65,"Juzu Bracelet":8,"reliquary:QuartzCube":43,"Sling":60,"Old Coin":60,"Frozen Eye":19,"Nunchaku":60,"infinitespire:ShieldingShard":49,"Strawberry":60,"Red Mask":46,"Kunai":38,"Runic Pyramid":27,"Potion Belt":60,"PreservedInsect":19,"infinitespire:Beetle Shell":65,"infinitespire:CheckeredPen":49,"War Paint":19,"Peace Pipe":14,"Du-Vu Doll":43,"reliquary:JackalopeAntler":60,"betterThird:SlimedRelic":2,"Molten Egg 2":9,"Bag of Marbles":31,"reliquary:TuningFork":36,"Art of War":49,"Membership Card":49,"PureWater":0,"Toy Ornithopter":9,"infinitespire:Cupcake":31,"infinitespire:Midas Blood":38}],"Toy Ornithopter":0},"card_choices":[{"not_picked":["bard:Sonata","Berserk"],"picked":"Gatherer:ColorfulGarden","floor":0.0},{"not_picked":["InnerPeace","hermit:Spite"],"picked":"hermit:Determination","floor":0.0},{"not_picked":["blackbeard:AgileStrike","LikeWater"],"picked":"Conclude","floor":0.0},{"not_picked":["blackbeard:TerrorOfTheSeas","Worship"],"picked":"FTL","floor":0.0},{"not_picked":["Searing Blow","Defragment"],"picked":"bard:LocateObject","floor":0.0},{"not_picked":["Gatherer:DrugPower","blackbeard:Sharpening"],"picked":"blackbeard:Dagger","floor":0.0},{"not_picked":["Gatherer:TacticalStrike","hermit:HighCaliber"],"picked":"blackbeard:CloakAndCannonball","floor":0.0},{"not_picked":["Body Slam","Gatherer:PotentialSlash"],"picked":"Gatherer:CarefulStrike","floor":0.0},{"not_picked":["BowlingBash","Shrug It Off"],"picked":"Gatherer:FlowerShield","floor":0.0},{"not_picked":["Iron Wave","Flex"],"picked":"bard:EchoEcho","floor":0.0},{"not_picked":["Gatherer:CarefulStrike","Gatherer:TacticalStrike"],"picked":"Conserve Battery","floor":0.0},{"not_picked":["hermit:Dive","Sucker Punch"],"picked":"Flying Knee","floor":0.0},{"not_picked":["True Grit","Cold Snap"],"picked":"blackbeard:BlindAttacks","floor":0.0},{"not_picked":["Coolheaded","Gatherer:AcidicSpray"],"picked":"blackbeard:WiseDefense","floor":0.0},{"not_picked":["PiercingWail","Protect"],"picked":"Cleave","floor":0.0},{"not_picked":["Outmaneuver","Sweeping Beam","Iron Wave"],"picked":"SKIP","floor":1.0},{"not_picked":["infinitespire:FutureSight","infinitespire:Oblivion"],"picked":"infinitespire:Collect","floor":3.0},{"not_picked":["Sentinel","hermit:Dive"],"picked":"Prepared","floor":5.0},{"not_picked":["hermit:NoHoldsBarred","hermit:Combo"],"picked":"All For One","floor":6.0},{"not_picked":["Gatherer:BambuSword","SashWhip","blackbeard:Boarding"],"picked":"SKIP","floor":8.0},{"not_picked":["Gatherer:SmartManeuver","Crescendo"],"picked":"blackbeard:FieryDefense","floor":11.0},{"not_picked":["Gatherer:CarefulStrike+1","Steam"],"picked":"bard:Thunderwave+1","floor":13.0},{"not_picked":["hermit:BodyArmor","Cleave+1","Gatherer:CursedBlade+1"],"picked":"SKIP","floor":14.0},{"not_picked":["blackbeard:Murder+1","hermit:RoundhouseKick+1"],"picked":"DevaForm","floor":18.0},{"not_picked":["hermit:Coalescence","Gatherer:RottenStipe+1"],"picked":"blackbeard:Spear","floor":20.0},{"not_picked":["Noxious Fumes+1","Steam"],"picked":"Spot Weakness","floor":24.0},{"not_picked":["FTL+1","hermit:Vantage","Gatherer:EnergyBasket+1"],"picked":"SKIP","floor":26.0},{"not_picked":["Consume","Underhanded Strike+1"],"picked":"FollowUp+1","floor":27.0},{"not_picked":["Hologram+1","Cold Snap+1"],"picked":"bard:EchoEcho+1","floor":31.0},{"not_picked":["blackbeard:BlindAttacks+1","Malaise"],"picked":"bard:Blink+1","floor":32.0},{"not_picked":["Dodge and Roll","hermit:Roulette+1"],"picked":"CutThroughFate+1","floor":38.0},{"not_picked":["bard:Parry","Combust+1","bard:BestowCurse"],"picked":"SKIP","floor":39.0},{"not_picked":["Perfected Strike+1","EmptyFist+1"],"picked":"Beam Cell+1","floor":40.0},{"not_picked":["bard:LingeringEcho+1","EmptyFist+1"],"picked":"hermit:BodyArmor+1","floor":42.0},{"not_picked":["EmptyMind+1","hermit:BodyArmor+1"],"picked":"Gatherer:CollectorsShot+1","floor":44},{"not_picked":["Bullet Time","InnerPeace+1"],"picked":"Go for the Eyes+1","floor":46},{"not_picked":["Deep Breath","PanicButton"],"picked":"Jack Of All Trades","floor":49},{"not_picked":["Dark Shackles","Panache"],"picked":"Apotheosis","floor":49},{"not_picked":["Gash+1","Gatherer:CarefulStrike+1"],"picked":"Gatherer:VenomBarrier+1","floor":51},{"not_picked":["DeceiveReality","EmptyFist+1"],"picked":"blackbeard:TerrorOfTheSeas","floor":53}],"player_experience":1176041,"relics_obtained":[{"floor":6.0,"key":"Juzu Bracelet"},{"floor":9.0,"key":"Toy Ornithopter"},{"floor":10.0,"key":"Molten Egg 2"},{"floor":11.0,"key":"Peace Pipe"},{"floor":26.0,"key":"reliquary:TuningFork"},{"floor":28.0,"key":"Kunai"},{"floor":29.0,"key":"infinitespire:Midas Blood"},{"floor":30.0,"key":"Du-Vu Doll"},{"floor":30.0,"key":"reliquary:QuartzCube"},{"floor":31.0,"key":"Red Mask"},{"floor":40.0,"key":"Old Coin"},{"floor":44,"key":"infinitespire:Beetle Shell"},{"floor":47,"key":"Bag of Marbles"},{"floor":48,"key":"Regal Pillow"}],"event_choices":[{"damage_healed":0.0,"max_hp_gain":5.0,"max_hp_loss":0.0,"gold_gain":0.0,"event_name":"Big Fish","player_choice":"Donut","floor":2.0,"gold_loss":0.0,"damage_taken":0.0},{"damage_healed":0.0,"max_hp_gain":0.0,"max_hp_loss":0.0,"gold_gain":0.0,"event_name":"betterThird:BetterGoop","player_choice":"Slimed","floor":4.0,"gold_loss":45.0,"damage_taken":11.0},{"cards_removed":["blackbeard:Dagger"],"damage_healed":0.0,"max_hp_gain":0.0,"max_hp_loss":0.0,"gold_gain":0.0,"event_name":"Purifier","player_choice":"Purged","floor":21.0,"gold_loss":0.0,"damage_taken":0.0},{"cards_removed":["DevaForm"],"damage_healed":0.0,"max_hp_gain":0.0,"max_hp_loss":0.0,"gold_gain":0.0,"event_name":"betterNote:BetterNote","player_choice":"Take \u0026 Give","floor":22.0,"gold_loss":0.0,"damage_taken":0.0,"cards_obtained":["infinitespire:Collect"]},{"damage_healed":0.0,"max_hp_gain":0.0,"max_hp_loss":0.0,"gold_gain":0.0,"event_name":"Colosseum","player_choice":"Fight","floor":30.0,"gold_loss":0.0,"damage_taken":0.0},{"damage_healed":0.0,"max_hp_gain":0.0,"max_hp_loss":0.0,"gold_gain":0.0,"event_name":"Colosseum","player_choice":"Fled From Nobs","floor":30.0,"gold_loss":0.0,"damage_taken":0.0},{"damage_healed":0.0,"max_hp_gain":0.0,"max_hp_loss":0.0,"gold_gain":0.0,"event_name":"Colosseum","player_choice":"Fought Nobs","floor":30.0,"gold_loss":0.0,"damage_taken":0.0},{"damage_healed":0.0,"max_hp_gain":0.0,"max_hp_loss":0.0,"gold_gain":0.0,"event_name":"Masked Bandits","player_choice":"Fought Bandits","floor":31.0,"gold_loss":0.0,"damage_taken":0.0},{"damage_healed":0.0,"max_hp_gain":0.0,"max_hp_loss":0.0,"gold_gain":0.0,"event_name":"Mysterious Sphere","player_choice":"Fight","floor":40.0,"gold_loss":0.0,"damage_taken":0.0},{"damage_healed":0.0,"max_hp_gain":0.0,"max_hp_loss":0.0,"gold_gain":0.0,"event_name":"The Woman in Blue","player_choice":"Bought 3 Potions","floor":43.0,"gold_loss":0.0,"damage_taken":0.0},{"damage_healed":0,"gold_gain":3,"player_choice":"1","damage_taken":0,"max_hp_gain":0,"max_hp_loss":0,"event_name":"betterStone:BetterStone","floor":49,"gold_loss":0}],"is_beta":false,"boss_relics":[{"not_picked":["reliquary:Solitaire","SacredBark"],"picked":"Runic Pyramid"},{"not_picked":["reliquary:RustamsPendant","VioletLotus"],"picked":"Tiny House"}],"items_purged_floors":[23,34,34,41],"is_endless":false,"potions_floor_spawned":[1,6,8,13,14,26,27,30,30,39,42,44],"ascension_level":0}}