{"host":"bxyl4n8onrqni51y","time":1613590139,"event":{"mods":["BaseMod","BetterRewards","Colored Map","Downfall","Hubris","Marisa????????","Minty Spire (QoL Compilation)","Replay The Spire","StSLib","Td1madao Mod","The Animator","The Cursed","The Jungle","The Necromancer","The Servant 0.9.4"],"gold_per_floor":[114,155,155,170,190,225,225,225,305,82,82,82,102,67,67,191,191,205,205,224,224,224,244,244,66,91,91,62,95,95,111,111,210,210,227,227,281,298,409,442,28,145,145,145,145,159,176,288,288,238],"floor_reached":51,"language":"ENG","playtime":4773,"items_purged":["downfall:Icky"],"score":797,"play_id":"8c674734-5ef0-4672-a609-8d891a692fad","local_time":"20210217202859","is_ascension_mode":false,"campfire_choices":[{"floor":7,"key":"REST"},{"floor":12,"key":"REST"},{"floor":15,"key":"REST"},{"data":"Spectral_Walk","floor":24,"key":"SMITH"},{"data":"Slimebound:CheckThePlaybook","floor":27,"key":"SMITH"},{"floor":32,"key":"REST"},{"floor":45,"key":"RECALL"},{"floor":49,"key":"REST"}],"circlet_count":0,"master_deck":["Strike_W","Strike_W","Defend_W","Defend_W","Defend_W","Negative_Energy_Arrows","Bone_Wall","Pot Of Greed","Toxic_Smoke_Screen","Pandemic","Pot Of Greed","Reap_The_Weak","Blood_for_Blood","Death_March_Dance+1","Spectral_Walk+1","Strike_from_Beyond","Magnetism","Shade_Step+1","Blood_Is_Power","Requiem","Hallucinations","Pot Of Greed","Negative_Energy_Mist+1","Spectral_Armor+1","Slimebound:CheckThePlaybook+1","Uncharnel","hubris:Ssssneak","Summon_Undead_Army","Hellfire","Madness","Shade_Step","Skeleton_Dragon","Life_Tap","Pot Of Greed","Life_Tap","Violent_Necrosis","Bone_Armory+1","Bone_Shift","Grasp_Heart"],"relics":["Vampire_Amulet","Blue Doll","Grinning Jar","ClockworkSouvenir","Pet Ghost","Bloody Idol","Ancient Tea Set","hubris:Icosahedron","Bottled Flame","Replay:Ancient Bell","Happy Flower","Darkstone Periapt","Replay:Towering Pillar of Hats","ReplayTheSpireMod:TigerMarble","Vajra","Bronze Scales","hubris:RunicObelisk","hubris:BundleOfHerbs","Toy Ornithopter","Shuriken","Lizard Tail"],"acts_visited":["Exordium","TheCity","TheBeyond"],"potions_floor_usage":[4,4,6,6,23,29,29,33,39,39,50,50,50],"damage_taken":[{"damage":6,"enemies":"Jaw Worm","floor":1,"turns":4},{"damage":0,"enemies":"Small Slimes","floor":4,"turns":4},{"damage":0,"enemies":"2 Louse","floor":5,"turns":5},{"damage":14,"enemies":"3 Sentries","floor":6,"turns":15},{"damage":0,"enemies":"Looter","floor":13,"turns":1},{"damage":4,"enemies":"Blue Slaver","floor":14,"turns":4},{"damage":31,"enemies":"Fading Forest","floor":16,"turns":11},{"damage":31,"enemies":"3 Byrds","floor":18,"turns":5},{"damage":5,"enemies":"Chosen","floor":20,"turns":5},{"damage":22,"enemies":"Centurion and Healer","floor":23,"turns":7},{"damage":30,"enemies":"Book of Stabbing","floor":29,"turns":4},{"damage":19,"enemies":"Cultist and Chosen","floor":31,"turns":6},{"damage":36,"enemies":"Champ","floor":33,"turns":8},{"damage":24,"enemies":"3 Shapes","floor":35,"turns":7},{"damage":25,"enemies":"2 Orb Walkers","floor":37,"turns":3},{"damage":19,"enemies":"Orb Walker","floor":38,"turns":3},{"damage":8,"enemies":"Writhing Mass","floor":39,"turns":2},{"damage":3,"enemies":"R_Hoarder","floor":40,"turns":8},{"damage":35,"enemies":"3 Darklings","floor":42,"turns":5},{"damage":6,"enemies":"Transient","floor":46,"turns":5},{"damage":24,"enemies":"Jaw Worm Horde","floor":47,"turns":4},{"damage":28,"enemies":"4 Shapes","floor":48,"turns":6},{"damage":77,"enemies":"hubris:GrandSnecko","floor":50,"turns":10}],"seed_played":"4097806099110825412","potions_obtained":[{"floor":1,"key":"Strength Potion"},{"floor":2,"key":"EntropicBrew"},{"floor":4,"key":"EssenceOfSteel"},{"floor":6,"key":"hexamod:SoulburnPotion"},{"floor":18,"key":"Death Potion"},{"floor":31,"key":"ColorlessPotion"},{"floor":33,"key":"DistilledChaos"},{"floor":37,"key":"DistilledChaos"},{"floor":40,"key":"Elixir"},{"floor":47,"key":"Regen Potion"},{"floor":48,"key":"Fire Potion"}],"is_trial":false,"path_per_floor":["M","?","?","M","M","E","R","?","T","$","?","R","M","M","R","B",null,"M","?","M","?","?","M","R","$","T","R","$","E","?","M","R","B",null,"M","?","?","M","M","E","$","M","T","?","R","M","M","M","R","B",null],"character_chosen":"NECROMANCER","items_purchased":["Blue Doll","Grinning Jar","ClockworkSouvenir","Blood_for_Blood","Magnetism","Shade_Step+1","ReplayTheSpireMod:TigerMarble","hubris:Ssssneak","Summon_Undead_Army","Bone_Armory+1","Bone_Shift","Shuriken"],"campfire_rested":5,"item_purchase_floors":[0,0,0,0,10,10,25,25,28,41,41,41],"current_hp_per_floor":[36,6,6,10,14,6,26,26,26,26,26,46,48,46,66,43,87,62,62,59,59,65,52,52,52,57,57,57,34,22,12,39,16,93,77,77,61,49,53,66,66,47,47,47,47,48,35,25,52,11],"gold":238,"neow_bonus":"","is_daily":false,"chose_seed":false,"campfire_upgraded":2,"win_rate":0.0,"timestamp":1613590139,"path_taken":["M","?","?","M","?","E","R","?","T","$","?","R","M","M","R","BOSS","M","?","M","?","?","M","R","?","T","R","$","E","?","?","R","BOSS","M","?","?","?","M","E","$","M","T","?","R","M","M","?","R","BOSS"],"items_purchased_type":["Relic","Relic","Relic","Card","Card","Card","Relic","Card","Card","Card","Card","Relic"],"build_version":"2020-12-22","purchased_purges":1,"victory":true,"max_hp_per_floor":[75,75,69,69,69,69,69,69,69,69,69,69,69,69,69,69,87,87,87,87,87,93,93,93,93,93,93,93,93,93,93,93,93,93,93,93,93,93,93,93,93,93,93,93,93,93,93,93,93,93],"card_choices":[{"not_picked":["Death_Coil","Bones_to_Steel","Chill_Blood"],"picked":"SKIP","floor":1},{"not_picked":["Negative_Energy_Sphere","Spectral_Armor"],"picked":"Death_March_Dance","floor":2},{"not_picked":["Death_Knell","Negative_Energy_Shield"],"picked":"Spectral_Walk","floor":4},{"not_picked":["Necrotic_Claws","Blood_Is_Power","Bone_Armor"],"picked":"SKIP","floor":5},{"not_picked":["Bone_Bullets","Bone_Spikes"],"picked":"Strike_from_Beyond","floor":6},{"not_picked":["Shackles_Of_Pain","Slay_Living"],"picked":"Blood_Is_Power","floor":13},{"not_picked":["Bones_to_Steel","Slay_Living","Negative_Energy_Sphere"],"picked":"SKIP","floor":14},{"not_picked":["Cloudkill","Hellfire"],"picked":"Requiem","floor":16},{"not_picked":["Looming Evil","Amnesia"],"picked":"Hallucinations","floor":17},{"not_picked":["ReplayTheSpireMod:Splinters","hubris:Gluttony"],"picked":"Hallucinations","floor":17},{"not_picked":["Normality","hubris:Sloth"],"picked":"Regret","floor":17},{"not_picked":["Grasp_Heart","Negative_Energy_Burst"],"picked":"Negative_Energy_Mist+1","floor":18},{"not_picked":["Finger_Of_Death+1","Negative_Energy_Sphere+1"],"picked":"Spectral_Armor+1","floor":20},{"not_picked":["Bone_Prison+1","Toxic_Smoke_Screen"],"picked":"Uncharnel","floor":23},{"not_picked":["Bone_Bullets","Negative_Energy_Javelin"],"picked":"Hellfire","floor":29},{"not_picked":["Whirlwind_of_Bones","Necrotic_Claws"],"picked":"Shade_Step","floor":31},{"not_picked":["Grasp_Heart","Reap_The_Weak"],"picked":"Skeleton_Dragon","floor":33},{"not_picked":["Bone_Spikes+1","Consume_Illness","Death_Knell+1"],"picked":"SKIP","floor":35},{"not_picked":["Toxic_Smoke_Screen+1","Slay_Living"],"picked":"Life_Tap","floor":37},{"not_picked":["Bones_to_Steel","Slay_Living+1","Negative_Energy_Mist"],"picked":"SKIP","floor":38},{"not_picked":["Blood_for_Blood+1","Negative_Energy_Shield+1"],"picked":"Life_Tap","floor":39},{"not_picked":["Negative_Energy_Mist","Pandemic"],"picked":"Violent_Necrosis","floor":40},{"not_picked":["Negative_Energy_Burst","Negative_Energy_Javelin+1","Death_Coil"],"picked":"SKIP","floor":42},{"not_picked":["Shackles_Of_Pain+1","Blood_Curse+1","Acid_Javelin"],"picked":"SKIP","floor":46},{"not_picked":["Summon_Lich","Negative_Energy_Mist+1"],"picked":"Grasp_Heart","floor":47},{"not_picked":["Blood_for_Blood+1","Blood_Whip","Shackles_Of_Pain+1"],"picked":"SKIP","floor":48}],"player_experience":67500,"relics_obtained":[{"floor":2,"key":"Pet Ghost"},{"floor":6,"key":"Ancient Tea Set"},{"floor":9,"key":"Bottled Flame"},{"floor":26,"key":"Vajra"},{"floor":29,"key":"Bronze Scales"},{"floor":37,"key":"hubris:BundleOfHerbs"},{"floor":40,"key":"Toy Ornithopter"},{"floor":43,"key":"Lizard Tail"}],"event_choices":[{"damage_healed":0,"gold_gain":0,"player_choice":"Lose Max HP","damage_taken":0,"relics_obtained":["Golden Idol"],"max_hp_gain":0,"max_hp_loss":6,"event_name":"Golden Idol","floor":3,"gold_loss":0},{"cards_removed":["Regret"],"damage_healed":0,"gold_gain":0,"player_choice":"Elegance","damage_taken":0,"max_hp_gain":0,"max_hp_loss":0,"event_name":"Back to Basics","floor":19,"gold_loss":0},{"damage_healed":0,"gold_gain":0,"player_choice":"Gave Idol","damage_taken":0,"relics_obtained":["Bloody Idol"],"max_hp_gain":0,"max_hp_loss":0,"event_name":"Forgotten Altar","floor":21,"relics_lost":["Golden Idol"],"gold_loss":0},{"damage_healed":0,"gold_gain":0,"player_choice":"CARD ","damage_taken":12,"max_hp_gain":0,"max_hp_loss":0,"event_name":"Knowing Skull","floor":30,"potions_obtained":[],"gold_loss":0,"cards_obtained":["Madness"]},{"cards_removed":["Strike_W"],"damage_healed":0,"gold_gain":0,"player_choice":"Removed Attack","damage_taken":0,"max_hp_gain":0,"max_hp_loss":0,"event_name":"Falling","floor":36,"gold_loss":0},{"damage_healed":0,"gold_gain":0,"player_choice":"Fight","damage_taken":0,"max_hp_gain":0,"max_hp_loss":0,"event_name":"Mysterious Sphere","floor":37,"gold_loss":0},{"cards_removed":["Hallucinations"],"damage_healed":0,"gold_gain":0,"player_choice":"Purged","damage_taken":0,"max_hp_gain":0,"max_hp_loss":0,"event_name":"Purifier","floor":44,"gold_loss":0}],"is_beta":false,"boss_relics":[{"not_picked":["ChewingGum","ReplayTheSpireMod:DimensionalGlitch"],"picked":"Replay:Ancient Bell"},{"not_picked":["Lantern","Strawberry"],"picked":"Happy Flower"},{"not_picked":["Chameleon Ring","Meat on the Bone"],"picked":"Darkstone Periapt"},{"not_picked":["FossilizedHelix","Gambling Chip"],"picked":"Replay:Towering Pillar of Hats"},{"not_picked":["hubris:Stopwatch","Sozu"],"picked":"hubris:RunicObelisk"}],"items_purged_floors":[41],"is_endless":false,"potions_floor_spawned":[1,4,6,18,31,33,37,40,47,48],"ascension_level":0}}