{"host":"zsnmfqgcm92hlreo","time":1613551376,"event":{"mods":["AchievementEnabler","BaseMod","Bestiary","Block Reminder","Colored Map","Colored Powertips","Filter the Spire","Minty Spire (QoL Compilation)","Permanent Neow","Quick Restart","Relic Stats","StSLib","Weighted Paths"],"gold_per_floor":[110,127,127,202,221,250,250,285,308,308,318,348,348,359,359,433,433,450,482,496,99,149,149,174,174,174,192,242,269,283,313,313,384,384,396,415,463,463,463,463,53,84,84,99,99,99,99,119,119,119,119,119,119,29,57,57],"floor_reached":57,"language":"ENG","playtime":3291,"items_purged":["Strike_R","Strike_R","Strike_R"],"score":2812,"play_id":"6e5237bd-7ccf-4965-adfc-a7dafc315edc","local_time":"20210217024256","is_ascension_mode":true,"campfire_choices":[{"floor":7.0,"key":"REST"},{"data":"Uppercut","floor":10.0,"key":"SMITH"},{"data":"Rampage","floor":15.0,"key":"SMITH"},{"data":"Double Tap","floor":23.0,"key":"SMITH"},{"floor":25.0,"key":"REST"},{"data":"Demon Form","floor":32.0,"key":"SMITH"},{"floor":40.0,"key":"REST"},{"floor":45.0,"key":"REST"},{"floor":49.0,"key":"RECALL"},{"data":"Disarm","floor":53,"key":"SMITH"}],"circlet_count":0,"master_deck":["AscendersBane","Strike_R","Strike_R","Defend_R+1","Defend_R+1","Defend_R","Bash","Uppercut+1","Clothesline","Shrug It Off","Feed","Reaper","Rampage+1","Demon Form+1","Carnage","Shrug It Off","Double Tap+1","Armaments+1","Feel No Pain+1","Impervious","Dual Wield+1","Disarm+1","Shrug It Off+1","Mayhem","Shrug It Off"],"relics":["Snecko Eye","Omamori","Centennial Puzzle","War Paint","White Beast Statue","Runic Cube","Red Mask","Happy Flower","Lantern","Kunai","Akabeko","Red Skull","Sozu","Peace Pipe","Membership Card","Dead Branch","Strawberry","Mango","Blue Candle"],"acts_visited":["Exordium","TheCity","TheBeyond","TheEnding"],"potions_floor_usage":[55,56],"damage_taken":[{"damage":0.0,"enemies":"2 Louse","floor":1.0,"turns":3.0},{"damage":2.0,"enemies":"Jaw Worm","floor":2.0,"turns":2.0},{"damage":6.0,"enemies":"Cultist","floor":5.0,"turns":3.0},{"damage":6.0,"enemies":"Gremlin Nob","floor":6.0,"turns":3.0},{"damage":32.0,"enemies":"3 Sentries","floor":8.0,"turns":7.0},{"damage":13.0,"enemies":"Exordium Thugs","floor":11.0,"turns":5.0},{"damage":7.0,"enemies":"Lagavulin","floor":12.0,"turns":6.0},{"damage":6.0,"enemies":"3 Louse","floor":14.0,"turns":3.0},{"damage":29.0,"enemies":"The Guardian","floor":16.0,"turns":10.0},{"damage":6.0,"enemies":"2 Thieves","floor":18.0,"turns":3.0},{"damage":10.0,"enemies":"Masked Bandits","floor":19.0,"turns":3.0},{"damage":0.0,"enemies":"Spheric Guardian","floor":20.0,"turns":3.0},{"damage":53.0,"enemies":"Gremlin Leader","floor":24.0,"turns":4.0},{"damage":6.0,"enemies":"Centurion and Healer","floor":27.0,"turns":9.0},{"damage":24.0,"enemies":"Book of Stabbing","floor":29.0,"turns":5.0},{"damage":12.0,"enemies":"Sentry and Sphere","floor":30.0,"turns":13.0},{"damage":1.0,"enemies":"Slavers","floor":31.0,"turns":6.0},{"damage":89.0,"enemies":"Collector","floor":33.0,"turns":8.0},{"damage":1.0,"enemies":"3 Shapes","floor":35.0,"turns":5.0},{"damage":24.0,"enemies":"3 Darklings","floor":36.0,"turns":5.0},{"damage":80.0,"enemies":"2 Orb Walkers","floor":37.0,"turns":6.0},{"damage":44.0,"enemies":"Reptomancer","floor":42.0,"turns":6.0},{"damage":4.0,"enemies":"Jaw Worm Horde","floor":44.0,"turns":5.0},{"damage":33.0,"enemies":"Sphere and 2 Shapes","floor":48.0,"turns":7.0},{"damage":38.0,"enemies":"Time Eater","floor":50.0,"turns":8.0},{"damage":102,"enemies":"Awakened One","floor":51,"turns":10},{"damage":84,"enemies":"Shield and Spear","floor":55,"turns":8},{"damage":72,"enemies":"The Heart","floor":56,"turns":6}],"seed_played":"-2397695283061089816","potions_obtained":[{"floor":1.0,"key":"Swift Potion"},{"floor":2.0,"key":"Fire Potion"},{"floor":13.0,"key":"BlessingOfTheForge"},{"floor":13.0,"key":"Fire Potion"},{"floor":14.0,"key":"CultistPotion"},{"floor":16.0,"key":"Block Potion"},{"floor":18.0,"key":"Energy Potion"},{"floor":19.0,"key":"Dexterity Potion"},{"floor":20.0,"key":"FearPotion"},{"floor":33.0,"key":"CultistPotion"}],"is_trial":false,"path_per_floor":["M","M","?","?","M","E","R","E","T","R","M","E","?","M","R","B",null,"M","?","M","$","?","R","E","R","T","M","?","E","M","E","R","B",null,"M","M","?","?","$","R","$","E","T","M","R","T","?","M","R","B","B",null,"R","$","E","B",null],"character_chosen":"IRONCLAD","items_purchased":["Happy Flower","Double Tap","Membership Card","Dead Branch","Disarm","Shrug It Off"],"campfire_rested":4,"item_purchase_floors":[21,21,41,41,41,54],"current_hp_per_floor":[68,66,71,60,54,48,72,40,40,40,30,23,23,30,30,7,66,71,74,74,74,74,74,42,70,70,95,86,66,79,98,98,42,86,103,95,44,44,44,77,77,56,56,81,117,131,121,119,119,127,118,136,136,136,103,31],"gold":57,"neow_bonus":"BOSS_RELIC","is_daily":false,"chose_seed":false,"campfire_upgraded":5,"win_rate":0.0,"timestamp":1613551376,"path_taken":["M","M","?","?","M","E","R","E","T","R","M","E","?","?","R","BOSS","M","?","M","$","?","R","E","R","T","M","?","E","?","E","R","BOSS","M","M","?","?","?","R","$","E","T","?","R","?","?","M","R","BOSS","BOSS","R","$","E","BOSS"],"items_purchased_type":["Relic","Card","Relic","Relic","Card","Card"],"build_version":"2020-12-22","purchased_purges":3,"victory":true,"max_hp_per_floor":[75,75,80,80,80,80,80,80,80,80,83,83,83,86,86,86,86,89,92,92,92,92,92,95,95,95,98,98,98,101,101,101,101,101,104,107,110,110,110,110,110,117,117,121,121,135,135,138,138,138,142,142,142,142,142,142],"relic_stats":{"Sozu":7,"Peace Pipe":1,"Centennial Puzzle":[66],"Happy Flower":[37],"counters":[28,162],"Dead Branch":[89],"Blue Candle":[0],"Snecko Eye":[323,278,322,312],"Kunai":[41],"War Paint":["Defend_R","Defend_R"],"obtain_stats":[{"Lantern":24,"Happy Flower":21,"Dead Branch":41,"Blue Candle":55,"Mango":46,"Omamori":6,"War Paint":9,"Burning Blood":0,"White Beast Statue":12,"Akabeko":29,"Sozu":34,"Peace Pipe":37,"Centennial Puzzle":8,"Strawberry":42,"Snecko Eye":0,"Red Mask":19,"Kunai":26,"Membership Card":41,"Red Skull":31,"Runic Cube":17},{"Lantern":13,"Happy Flower":12,"Dead Branch":21,"Blue Candle":27,"Mango":23,"Omamori":4,"War Paint":5,"Burning Blood":0,"White Beast Statue":7,"Akabeko":15,"Sozu":18,"Peace Pipe":21,"Centennial Puzzle":5,"Strawberry":22,"Snecko Eye":0,"Red Mask":11,"Kunai":13,"Membership Card":21,"Red Skull":17,"Runic Cube":9},{"Lantern":55,"Happy Flower":51,"Dead Branch":112,"Blue Candle":156,"Mango":123,"Omamori":11,"War Paint":18,"Burning Blood":0,"White Beast Statue":29,"Akabeko":69,"Sozu":96,"Peace Pipe":112,"Centennial Puzzle":18,"Strawberry":118,"Snecko Eye":0,"Red Mask":48,"Kunai":55,"Membership Card":112,"Red Skull":88,"Runic Cube":42}],"Runic Cube":[83]},"card_choices":[{"not_picked":["Metallicize","Seeing Red"],"picked":"Uppercut","floor":1.0},{"not_picked":["Pommel Strike","Perfected Strike"],"picked":"Clothesline","floor":2.0},{"not_picked":["Clothesline","Anger"],"picked":"Shrug It Off","floor":5.0},{"not_picked":["Body Slam","Seeing Red","Shrug It Off"],"picked":"SKIP","floor":6.0},{"not_picked":["Blood for Blood","Cleave"],"picked":"Feed","floor":8.0},{"not_picked":["Iron Wave","Body Slam","Metallicize"],"picked":"SKIP","floor":11.0},{"not_picked":["Inflame","Thunderclap"],"picked":"Reaper","floor":12.0},{"not_picked":["Clash","Headbutt"],"picked":"Rampage","floor":14.0},{"not_picked":["Berserk","Corruption"],"picked":"Demon Form","floor":16.0},{"not_picked":["Dark Embrace","Infernal Blade"],"picked":"Carnage","floor":18.0},{"not_picked":["Metallicize","Carnage"],"picked":"Shrug It Off","floor":19.0},{"not_picked":["Armaments","Pummel","Warcry"],"picked":"SKIP","floor":20.0},{"not_picked":["Battle Trance","Iron Wave","Cleave"],"picked":"SKIP","floor":24.0},{"not_picked":["Pummel+1","Clothesline","Havoc+1"],"picked":"SKIP","floor":27.0},{"not_picked":["Entrench","Clash"],"picked":"Armaments+1","floor":29.0},{"not_picked":["Anger","Clash+1"],"picked":"Feel No Pain+1","floor":30.0},{"not_picked":["Berserk","Clothesline","Armaments"],"picked":"SKIP","floor":31.0},{"not_picked":["Double Tap","Brutality"],"picked":"Impervious","floor":33.0},{"not_picked":["Iron Wave","Havoc"],"picked":"Dual Wield+1","floor":35.0},{"not_picked":["Sword Boomerang","Cleave","Dropkick"],"picked":"SKIP","floor":36.0},{"not_picked":["Rampage","Rage"],"picked":"Shrug It Off+1","floor":42.0},{"not_picked":["Body Slam+1","Headbutt","Twin Strike"],"picked":"SKIP","floor":44.0},{"not_picked":["Discovery","Magnetism"],"picked":"Mayhem","floor":47.0},{"not_picked":["Clash+1","Sword Boomerang+1","Anger"],"picked":"SKIP","floor":48.0},{"not_picked":["Headbutt","Perfected Strike","Warcry"],"picked":"SKIP","floor":55}],"player_experience":911070,"relics_obtained":[{"floor":6.0,"key":"Omamori"},{"floor":8.0,"key":"Centennial Puzzle"},{"floor":9.0,"key":"War Paint"},{"floor":12.0,"key":"White Beast Statue"},{"floor":19.0,"key":"Red Mask"},{"floor":24.0,"key":"Lantern"},{"floor":26.0,"key":"Kunai"},{"floor":29.0,"key":"Akabeko"},{"floor":31.0,"key":"Red Skull"},{"floor":37.0,"key":"Peace Pipe"},{"floor":42.0,"key":"Strawberry"},{"floor":46.0,"key":"Mango"},{"floor":55,"key":"Blue Candle"}],"event_choices":[{"damage_healed":0.0,"max_hp_gain":5.0,"max_hp_loss":0.0,"gold_gain":0.0,"event_name":"Big Fish","player_choice":"Donut","floor":3.0,"gold_loss":0.0,"damage_taken":0.0},{"damage_healed":0.0,"max_hp_gain":0.0,"max_hp_loss":0.0,"gold_gain":75.0,"event_name":"World of Goop","player_choice":"Gather Gold","floor":4.0,"gold_loss":0.0,"damage_taken":11.0},{"damage_healed":0.0,"max_hp_gain":0.0,"max_hp_loss":0.0,"gold_gain":0.0,"event_name":"Lab","player_choice":"Got Potions","floor":13.0,"gold_loss":0.0,"damage_taken":0.0},{"damage_healed":0.0,"max_hp_gain":0.0,"max_hp_loss":0.0,"gold_gain":0.0,"event_name":"Masked Bandits","player_choice":"Fought Bandits","floor":19.0,"gold_loss":0.0,"damage_taken":0.0},{"damage_healed":0.0,"max_hp_gain":0.0,"max_hp_loss":0.0,"gold_gain":50.0,"event_name":"Nest","player_choice":"Stole From Cult","floor":22.0,"gold_loss":0.0,"damage_taken":0.0},{"damage_healed":0.0,"max_hp_gain":0.0,"max_hp_loss":0.0,"gold_gain":50.0,"event_name":"FaceTrader","player_choice":"Touch","floor":28.0,"gold_loss":0.0,"damage_taken":9.0},{"damage_healed":0.0,"max_hp_gain":0.0,"max_hp_loss":0.0,"gold_gain":0.0,"event_name":"Mysterious Sphere","player_choice":"Fight","floor":37.0,"gold_loss":0.0,"damage_taken":0.0},{"cards_removed":["Defend_R"],"damage_healed":0.0,"max_hp_gain":0.0,"max_hp_loss":0.0,"gold_gain":0.0,"event_name":"Falling","player_choice":"Removed Skill","floor":38.0,"gold_loss":0.0,"damage_taken":0.0},{"damage_healed":0.0,"max_hp_gain":0.0,"max_hp_loss":0.0,"gold_gain":0.0,"event_name":"SensoryStone","player_choice":"Memory 3","floor":47.0,"gold_loss":0.0,"damage_taken":10.0}],"is_beta":false,"boss_relics":[{"not_picked":["Runic Dome","Empty Cage"],"picked":"Runic Cube"},{"not_picked":["Calling Bell","Philosopher\u0027s Stone"],"picked":"Sozu"}],"items_purged_floors":[21,41,54],"is_endless":false,"potions_floor_spawned":[1,2,8,14,16,18,19,20,24,27,29,30,31,33,35,36,37,42,44,48,55],"ascension_level":20}}