{"host":"plzv31qd94m7lu76","time":1613531997,"event":{"mods":["BaseMod","Downfall","GifTheSpireLib","Minty Spire (QoL Compilation)","Random Character Button","StSLib","Unceasing Turn Reminder"],"gold_per_floor":[99,109,41,41,41,56,56,71,84,69,95,114,114,143,154,258,258,258,274,274,274,288,316,341,341,341,341],"floor_reached":25,"language":"ENG","playtime":1268,"items_purged":[],"score":256,"play_id":"36c6c4d3-efdc-440d-a278-95463f7bc37f","local_time":"20210217041957","is_ascension_mode":false,"campfire_choices":[{"data":"Slimebound:CorrosiveSpit","floor":1,"key":"SMITH"},{"data":"Slimebound:Split","floor":13,"key":"SMITH"},{"data":"Slimebound:MassRepurpose","floor":18,"key":"SMITH"}],"circlet_count":0,"master_deck":["Slimebound:Strike_Slimebound","Slimebound:Strike_Slimebound","Slimebound:Strike_Slimebound","Slimebound:Tackle","Slimebound:Defend_Slimebound","Slimebound:Defend_Slimebound","Slimebound:Defend_Slimebound","Slimebound:Defend_Slimebound","Slimebound:Split+1","Slimebound:CorrosiveSpit+1","Slimebound:Nibble","Slimebound:RollThrough","Slimebound:SplitLeeching","Slimebound:FinishingTackle","Slimebound:SlimeTap","Slimebound:LivingWall","Slimebound:MassRepurpose+1","Slimebound:Prepare","Slimebound:ForwardTackle","Slimebound:RejuvenatingLick","Slimebound:SlimeSpikes","Slimebound:Teamwork","Pride","RitualDagger+1","Slimebound:Replication+1","Slimebound:SplitAcid"],"relics":["Slimebound:AbsorbEndCombat","Pear","Happy Flower","Ornamental Fan","Sozu","Nunchaku","Ginger","Ancient Tea Set"],"acts_visited":["Exordium","TheCity"],"potions_floor_usage":[3,10,10,14,16],"damage_taken":[{"damage":4,"enemies":"Cultist","floor":2,"turns":3},{"damage":0,"enemies":"downfall:FleeingMerchant","floor":3,"turns":4},{"damage":5,"enemies":"Small Slimes","floor":6,"turns":4},{"damage":3,"enemies":"2 Louse","floor":8,"turns":2},{"damage":0,"enemies":"Exordium Wildlife","floor":9,"turns":4},{"damage":4,"enemies":"downfall:FleeingMerchant","floor":10,"turns":4},{"damage":8,"enemies":"3 Sentries","floor":11,"turns":7},{"damage":0,"enemies":"Large Slime","floor":12,"turns":4},{"damage":10,"enemies":"Lagavulin","floor":14,"turns":6},{"damage":2,"enemies":"Blue Slaver","floor":15,"turns":3},{"damage":30,"enemies":"DF_ARCHETYPE_STREAMLINE","floor":16,"turns":8},{"damage":5,"enemies":"downfall:LooterAlt2","floor":19,"turns":3},{"damage":20,"enemies":"Shell Parasite","floor":22,"turns":5},{"damage":59,"enemies":"Book of Stabbing","floor":23,"turns":7},{"damage":15,"enemies":"downfall:FleeingMerchant","floor":25,"turns":2}],"seed_played":"6644955439805677968","potions_obtained":[{"floor":2,"key":"Dexterity Potion"},{"floor":8,"key":"Swift Potion"},{"floor":9,"key":"SteroidPotion"},{"floor":12,"key":"Weak Potion"},{"floor":14,"key":"PowerPotion"}],"is_trial":false,"path_per_floor":["R","M","$","?","?","M","T","M","M","$","E","M","R","E","M","B",null,"R","M","?","?","M","E","T","$"],"character_chosen":"SLIMEBOUND","items_purchased":["Slimebound:SplitLeeching"],"campfire_rested":0,"item_purchase_floors":[3],"current_hp_per_floor":[71,67,71,71,71,70,80,79,81,81,77,81,81,75,77,53,81,81,81,81,81,64,13,13,0,0,0],"gold":341,"neow_bonus":"TEN_PERCENT_HP_BONUS","is_daily":false,"chose_seed":false,"campfire_upgraded":3,"win_rate":0.0,"timestamp":1613531997,"path_taken":["R","M","?","?","?","M","T","M","?","$","E","M","R","E","M","BOSS","R","M","?","?","?","E","T","$"],"items_purchased_type":["Card"],"build_version":"2020-12-22","purchased_purges":0,"victory":false,"max_hp_per_floor":[71,71,71,71,71,71,81,81,81,81,81,81,81,81,81,81,81,81,81,81,81,81,81,81,81,81,81],"card_choices":[{"not_picked":["Slimebound:LeadByExample","Slimebound:FinishingTackle"],"picked":"Slimebound:Nibble","floor":2},{"not_picked":["Slimebound:DisruptingSlam","Slimebound:GoopSpray"],"picked":"Slimebound:RollThrough","floor":3},{"not_picked":["Slimebound:SlimeBarrage","Slimebound:RollThrough"],"picked":"Slimebound:FinishingTackle","floor":6},{"not_picked":["Slimebound:RollThrough","Slimebound:ComboTackle"],"picked":"Slimebound:SlimeTap","floor":8},{"not_picked":["Slimebound:Schlurp","Slimebound:LeechingTouch"],"picked":"Slimebound:LivingWall","floor":9},{"not_picked":["Slimebound:ItLooksTasty","Slimebound:FinishingTackle"],"picked":"Slimebound:MassRepurpose","floor":10},{"not_picked":["Slimebound:ComboTackle","Slimebound:LeechingTouch"],"picked":"Slimebound:Prepare","floor":11},{"not_picked":["Slimebound:LeadByExample","Slimebound:ItLooksTasty"],"picked":"Slimebound:ForwardTackle","floor":12},{"not_picked":["Slimebound:ProtectTheBoss","Slimebound:Dissolve"],"picked":"Slimebound:RejuvenatingLick","floor":14},{"not_picked":["Slimebound:LivingWall","Slimebound:Chomp"],"picked":"Slimebound:SlimeSpikes","floor":15},{"not_picked":["Slimebound:DouseInSlime","Slimebound:Overexert"],"picked":"Slimebound:Teamwork","floor":16},{"not_picked":["Slimebound:FlameTackle+1","Slimebound:DisruptingSlam","Slimebound:RollThrough"],"picked":"SKIP","floor":19},{"not_picked":["Slimebound:FinishingTackle","Slimebound:ComboTackle"],"picked":"Slimebound:Replication+1","floor":22},{"not_picked":["Slimebound:Nibble","Slimebound:GrowthPunch"],"picked":"Slimebound:SplitAcid","floor":23}],"player_experience":602221,"relics_obtained":[{"floor":7,"key":"Pear"},{"floor":11,"key":"Happy Flower"},{"floor":14,"key":"Ornamental Fan"},{"floor":23,"key":"Ginger"},{"floor":24,"key":"Ancient Tea Set"}],"event_choices":[{"damage_healed":0,"gold_gain":0,"player_choice":"Ignored","damage_taken":0,"max_hp_gain":0,"max_hp_loss":0,"event_name":"NoteForYourself","floor":5,"gold_loss":0},{"damage_healed":0,"gold_gain":0,"player_choice":"Stole Relic","damage_taken":0,"relics_obtained":["Nunchaku"],"max_hp_gain":0,"max_hp_loss":0,"event_name":"Addict","floor":20,"gold_loss":0,"cards_obtained":["Pride"]}],"is_beta":false,"boss_relics":[{"not_picked":["Runic Dome","SlaversCollar"],"picked":"Sozu"}],"items_purged_floors":[],"is_endless":false,"potions_floor_spawned":[2,8,9,12,14,23],"killed_by":"downfall:FleeingMerchant","ascension_level":0}}