{"host":"Hutts","time":1613539927,"event":{"mods":["BaseMod","Downfall","Googly Eyes","Minty Spire (QoL Compilation)","StSLib","The Cursed","The IronCluck"],"gold_per_floor":[99,109,119,219,134,147,173,38,38,38,68,53,69,88,105,201,201,201,213,29,29,40,40,40,40,25,44,44,12,47,64,82,177,177,177,190,200,213,213,213,264,264,33,53,86,86,136,187,202,202],"floor_reached":51,"language":"ENG","playtime":7492,"items_purged":["champ:Strike","downfall:Malfunctioning","downfall:Bewildered"],"score":797,"play_id":"5c684310-eece-46bf-b162-18d26cd052bc","local_time":"20210216233207","is_ascension_mode":false,"campfire_choices":[{"data":"champ:Taunt","floor":1,"key":"SMITH"},{"data":"champ:StanceDance","floor":10,"key":"SMITH"},{"data":"champ:TripleStrike","floor":18,"key":"SMITH"},{"data":"champ:HoldFirm","floor":23,"key":"SMITH"},{"data":"champ:StanceDance","floor":25,"key":"SMITH"},{"data":"champ:VampiricStrike","floor":35,"key":"SMITH"},{"data":"champ:IronFortress","floor":40,"key":"SMITH"},{"data":"champ:FanOfKnives","floor":42,"key":"SMITH"},{"floor":46,"key":"REST"}],"circlet_count":0,"master_deck":["champ:Strike","champ:Strike","champ:Strike","champ:Defend","champ:Defend+1","champ:Defend","champ:Defend+1","champ:Execute","champ:Taunt+1","champ:Endure","champ:CrownThrow","champ:AdrenalArmor+1","champ:Backstep","champ:PreciseThrust","champ:StanceDance+1","champ:PreciseThrust","champ:BerserkersShout","champ:StanceDance+1","champ:IronFortress+1","champ:FanOfKnives+1","champ:TripleStrike+1","champ:Shatter+1","champ:HoldFirm+1","champ:FanOfKnives+1","champ:SteelEdge","champ:StanceDance+1","champ:StanceDance+1","champ:Backstep+1","champ:VampiricStrike+1","champ:FocusedBerserking+1","champ:AdrenalArmor+1","champ:Backstep+1","champ:FocusedBerserking+1","champ:HoldFirm+1","champ:BladeFlurry","champ:ShieldSlam+1"],"relics":["champ:ChampionCrownUpgraded","MealTicket","Happy Flower","Darkstone Periapt","sneckomod:BabySnecko","Toxic Egg 2","Eternal Feather","Philosopher\u0027s Stone","Bag of Preparation","Pen Nib","InkBottle","StoneCalendar","Mango"],"acts_visited":["Exordium","TheCity","TheBeyond"],"potions_floor_usage":[11,12,16,33,45,48,49],"damage_taken":[{"damage":12,"enemies":"Small Slimes","floor":2,"turns":4},{"damage":12,"enemies":"2 Louse","floor":3,"turns":3},{"damage":22,"enemies":"downfall:FleeingMerchant","floor":5,"turns":4},{"damage":6,"enemies":"Jaw Worm","floor":6,"turns":4},{"damage":26,"enemies":"downfall:FleeingMerchant","floor":8,"turns":4},{"damage":50,"enemies":"3 Sentries","floor":11,"turns":7},{"damage":42,"enemies":"downfall:FleeingMerchant","floor":12,"turns":4},{"damage":37,"enemies":"Exordium Wildlife","floor":13,"turns":4},{"damage":10,"enemies":"Large Slime","floor":14,"turns":4},{"damage":0,"enemies":"downfall:LooterAlt","floor":15,"turns":3},{"damage":71,"enemies":"DF_ARCHETYPE_STREAMLINE","floor":16,"turns":9},{"damage":46,"enemies":"downfall:LooterAlt2","floor":19,"turns":4},{"damage":35,"enemies":"downfall:FleeingMerchant","floor":20,"turns":4},{"damage":25,"enemies":"Spheric Guardian","floor":22,"turns":2},{"damage":48,"enemies":"downfall:FleeingMerchant","floor":26,"turns":4},{"damage":30,"enemies":"Centurion and Healer","floor":27,"turns":4},{"damage":5,"enemies":"downfall:FleeingMerchant","floor":29,"turns":1},{"damage":45,"enemies":"Gremlin Leader","floor":30,"turns":7},{"damage":15,"enemies":"Chosen and Byrds","floor":31,"turns":4},{"damage":11,"enemies":"Snake Plant","floor":32,"turns":4},{"damage":95,"enemies":"IC_MUSHROOM_ARCHETYPE","floor":33,"turns":11},{"damage":25,"enemies":"3 Shapes","floor":36,"turns":3},{"damage":23,"enemies":"3 Darklings","floor":37,"turns":5},{"damage":64,"enemies":"Jaw Worm Horde","floor":38,"turns":4},{"damage":65,"enemies":"4 Shapes","floor":44,"turns":4},{"damage":114,"enemies":"Giant Head","floor":45,"turns":9},{"damage":35,"enemies":"Giant Head","floor":47,"turns":4},{"damage":22,"enemies":"2 Orb Walkers","floor":48,"turns":4},{"damage":40,"enemies":"Sphere and 2 Shapes","floor":49,"turns":3},{"damage":138,"enemies":"WA_ARCHETYPE_DIVINITY","floor":50,"turns":15}],"seed_played":"-7356814769885461665","potions_obtained":[{"floor":6,"key":"ColorlessPotion"},{"floor":11,"key":"bronze:BurnAndBuffPotion"},{"floor":14,"key":"DistilledChaos"},{"floor":16,"key":"ColorlessPotion"},{"floor":27,"key":"SteroidPotion"},{"floor":32,"key":"Explosive Potion"},{"floor":33,"key":"FairyPotion"},{"floor":38,"key":"SteroidPotion"},{"floor":45,"key":"champ:OpenerPotion"}],"is_trial":false,"path_per_floor":["R","M","M","?","$","M","T","$","?","R","E","$","M","M","M","B",null,"R","M","$","?","M","R","T","R","$","M","?","$","E","M","M","B",null,"R","M","M","M","?","R","T","R","$","M","E","R","?","?","M","B",null],"character_chosen":"THE_CHAMP","items_purchased":["champ:Backstep","champ:PreciseThrust","champ:BerserkersShout","champ:HoldFirm","Toxic Egg 2","champ:StanceDance+1","Pen Nib","champ:FocusedBerserking+1"],"campfire_rested":1,"item_purchase_floors":[5,5,8,20,29,29,43,43],"current_hp_per_floor":[99,97,95,95,93,92,92,98,98,98,98,87,85,85,85,44,99,99,83,98,98,98,98,98,98,96,96,102,105,105,105,104,74,105,105,105,102,88,88,105,105,105,105,105,46,95,95,107,107,49],"gold":202,"neow_bonus":"TEN_PERCENT_HP_BONUS","is_daily":false,"chose_seed":false,"campfire_upgraded":8,"win_rate":0.0,"timestamp":1613539927,"path_taken":["R","M","M","?","$","M","T","$","?","R","E","$","M","M","M","BOSS","R","M","$","?","M","R","T","R","$","M","?","$","E","M","M","BOSS","R","M","M","M","?","R","T","R","$","M","E","R","?","?","M","BOSS"],"items_purchased_type":["Card","Card","Card","Card","Relic","Card","Relic","Card"],"build_version":"2020-12-18","purchased_purges":3,"victory":true,"max_hp_per_floor":[99,99,99,99,99,99,99,99,99,99,99,99,99,99,99,99,99,99,99,99,99,99,99,99,99,99,99,105,105,105,105,105,105,105,105,105,105,105,105,105,105,105,105,105,105,105,105,119,119,119],"card_choices":[{"not_picked":["champ:FlashCut","champ:PreemptiveStrike"],"picked":"champ:Endure","floor":2},{"not_picked":["champ:BladeFlurry","champ:EnGarde"],"picked":"champ:CrownThrow","floor":3},{"not_picked":["champ:Backstep","champ:CalledShot"],"picked":"champ:AdrenalArmor","floor":5},{"not_picked":["champ:FlashCut","champ:PreemptiveStrike"],"picked":"champ:StanceDance","floor":6},{"not_picked":["champ:Endure","champ:EnGarde"],"picked":"champ:PreciseThrust","floor":8},{"not_picked":["champ:SetATrap","champ:PerfectedStrike","champ:ShieldThrow"],"picked":"SKIP","floor":11},{"not_picked":["champ:Backstep","champ:EnGarde"],"picked":"champ:StanceDance","floor":12},{"not_picked":["champ:DefensiveShout","champ:Backstep"],"picked":"champ:IronFortress","floor":13},{"not_picked":["champ:BerserkersShout","champ:Backstep"],"picked":"champ:FanOfKnives","floor":14},{"not_picked":["champ:Duel","champ:FlashCut","champ:Haymaker"],"picked":"SKIP","floor":15},{"not_picked":["champ:HeavySlash","champ:DancingMaster"],"picked":"champ:TripleStrike","floor":16},{"not_picked":["champ:Backstep","champ:TornadoPunch","champ:DefensiveShout"],"picked":"SKIP","floor":19},{"not_picked":["champ:GladiatorForm","champ:AdrenalArmor"],"picked":"champ:Shatter+1","floor":20},{"not_picked":["champ:Circumvent","champ:Haymaker","champ:Backstep"],"picked":"SKIP","floor":22},{"not_picked":["champ:Shatter","champ:BladeFlurry"],"picked":"champ:FanOfKnives+1","floor":26},{"not_picked":["champ:DefensiveShout","champ:Circumvent","champ:Haymaker"],"picked":"SKIP","floor":27},{"not_picked":["champ:TornadoPunch","champ:Haymaker"],"picked":"champ:SteelEdge","floor":29},{"not_picked":["champ:EnGarde+1","champ:Shatter"],"picked":"champ:StanceDance+1","floor":30},{"not_picked":["champ:Parry+1","champ:SteelEdge"],"picked":"champ:Backstep+1","floor":31},{"not_picked":["champ:FalseCounter+1","champ:Parry+1","champ:Encircle"],"picked":"SKIP","floor":32},{"not_picked":["champ:HeavySlash","champ:GladiatorForm"],"picked":"champ:VampiricStrike","floor":33},{"not_picked":["champ:DefensiveShout+1","champ:Haymaker"],"picked":"champ:FocusedBerserking+1","floor":36},{"not_picked":["champ:EnGarde+1","champ:FlashCut+1"],"picked":"champ:AdrenalArmor+1","floor":37},{"not_picked":["champ:SkillfulDodge+1","champ:FlashCut+1"],"picked":"champ:Backstep+1","floor":38},{"not_picked":["champ:Haymaker","champ:Endure+1","champ:FanOfKnives+1"],"picked":"SKIP","floor":44},{"not_picked":["champ:Duel","champ:PerfectedStrike+1"],"picked":"champ:HoldFirm+1","floor":45},{"not_picked":["champ:RisingSlash","champ:GutPunch+1"],"picked":"champ:BladeFlurry","floor":48},{"not_picked":["champ:FancyFootwork+1","champ:GladiatorStyle"],"picked":"champ:ShieldSlam+1","floor":49}],"player_experience":1052767,"relics_obtained":[{"floor":7,"key":"MealTicket"},{"floor":11,"key":"Happy Flower"},{"floor":24,"key":"Darkstone Periapt"},{"floor":30,"key":"Eternal Feather"},{"floor":41,"key":"Bag of Preparation"},{"floor":45,"key":"InkBottle"},{"floor":47,"key":"StoneCalendar"},{"floor":48,"key":"Mango"}],"event_choices":[{"damage_healed":0,"gold_gain":0,"player_choice":"Ignored","damage_taken":0,"max_hp_gain":0,"max_hp_loss":0,"event_name":"Ghosts","floor":21,"gold_loss":0},{"damage_healed":0,"gold_gain":0,"player_choice":"Fight","damage_taken":0,"max_hp_gain":0,"max_hp_loss":0,"event_name":"Mysterious Sphere","floor":48,"gold_loss":0}],"is_beta":true,"boss_relics":[{"not_picked":["bronze:MakeshiftBattery","Empty Cage"],"picked":"champ:ChampionCrownUpgraded"},{"not_picked":["Runic Dome","Runic Pyramid"],"picked":"Philosopher\u0027s Stone"}],"items_purged_floors":[8,20,29],"is_endless":false,"potions_floor_spawned":[6,11,14,16,27,32,33,38,45,47],"ascension_level":0}}