{"host":"e3zuhorjxi9w14q4","time":1613573510,"event":{"mods":["AchievementEnabler","Aspiration","BaseMod","Defuse TimeMaze Blight","Downfall","Energized Spire","GifTheSpireLib","Hubris","Infinite Spire","Jorbs\u0027s Wanderer Trilogy","Minty Spire (QoL Compilation)","Reliquary","Replay The Spire","Spicy Shops","Spikes Relics","StSLib","Stuff the Spire","The Bug Knight","The Marked","The Poker Player","The Servant 0.9.4"],"gold_per_floor":[0,14,31,31,41,52,134,148,148,148,148],"floor_reached":9,"language":"ENG","playtime":370,"items_purged":[],"score":55,"play_id":"1803446e-2d74-42a4-bcd7-a6964d2a9a29","local_time":"20210217155150","is_ascension_mode":false,"campfire_choices":[],"circlet_count":0,"master_deck":["Guardian:Strike_Guardian","Guardian:Strike_Guardian","Guardian:Strike_Guardian","Guardian:Strike_Guardian","Guardian:Defend_Guardian","Guardian:Defend_Guardian","Guardian:Defend_Guardian","Guardian:Defend_Guardian","Guardian:CurlUp","Guardian:TwinSlam","ReplayTheSpireMod:Brewmster","Regret","Guardian:SentryBeam","Guardian:TimeBomb","Guardian:Gem_White","Guardian:SentryBeam","Guardian:Gem_Blue"],"relics":["Guardian:ModeShifter","HornCleat","downfall:ShatteredFragment"],"acts_visited":["Exordium"],"potions_floor_usage":[3,3,8,9,9],"damage_taken":[{"damage":13,"enemies":"2 Louse","floor":2,"turns":5},{"damage":2,"enemies":"Cultist","floor":3,"turns":3},{"damage":8,"enemies":"Jaw Worm","floor":5,"turns":4},{"damage":7,"enemies":"downfall:LooterAlt","floor":6,"turns":4},{"damage":7,"enemies":"Exordium Wildlife","floor":8,"turns":4},{"damage":24,"enemies":"Gremlin Nob","floor":9,"turns":3}],"seed_played":"-4721841335347459383","potions_obtained":[{"floor":3,"key":"Strength Potion"}],"is_trial":false,"path_per_floor":["R","M","M","?","M","M","T","M","E"],"character_chosen":"GUARDIAN","items_purchased":[],"campfire_rested":0,"item_purchase_floors":[],"current_hp_per_floor":[80,67,65,41,33,26,26,19,0,0,0],"gold":148,"neow_bonus":"RANDOM_COLORLESS_2","is_daily":false,"chose_seed":false,"campfire_upgraded":0,"win_rate":0.0,"timestamp":1613573510,"path_taken":["R","M","M","?","M","M","T","M","E"],"items_purchased_type":[],"build_version":"2020-12-22","purchased_purges":0,"victory":false,"max_hp_per_floor":[80,80,80,80,80,80,80,80,80,80,80],"card_choices":[{"not_picked":["Poisoned Strike","Feint"],"picked":"ReplayTheSpireMod:Brewmster","floor":0},{"not_picked":["Guardian:Gem_Cyan","Guardian:Gem_Green"],"picked":"Guardian:SentryBeam","floor":2},{"not_picked":["Guardian:Gem_Lightblue","Guardian:ChargeUp"],"picked":"Guardian:TimeBomb","floor":3},{"not_picked":["Guardian:VentSteam","Guardian:ChargeCore"],"picked":"Guardian:Gem_White","floor":5},{"not_picked":["Guardian:ShieldSpikes","Guardian:CrystalBeam"],"picked":"Guardian:SentryBeam","floor":6},{"not_picked":["Guardian:Gem_Green","Guardian:FloatingOrbs"],"picked":"Guardian:Gem_Blue","floor":8}],"player_experience":331553,"relics_obtained":[],"event_choices":[{"damage_healed":0,"gold_gain":0,"player_choice":"Box","damage_taken":0,"relics_obtained":["HornCleat"],"max_hp_gain":0,"max_hp_loss":0,"event_name":"Big Fish","floor":1,"gold_loss":0,"cards_obtained":["Regret"]}],"is_beta":false,"boss_relics":[],"items_purged_floors":[],"is_endless":false,"potions_floor_spawned":[3,6],"killed_by":"Gremlin Nob","ascension_level":0}}