{"host":"i9z6y8pcdeu2qxnx","time":1613527606,"event":{"mods":["BaseMod","Colored Map","Googly Eyes","Highlight Path","Minty Spire (QoL Compilation)","Replay The Spire","StSLib"],"gold_per_floor":[115,115,115,131,142,176,176,208,278,278,8,8,19,32,32,128,128,146,162,178,178,229,256,171,171,171],"floor_reached":25,"language":"ENG","playtime":3437,"items_purged":[],"score":231,"play_id":"d2473202-2afd-4ca2-93d6-18e25820198d","local_time":"20210216210646","daily_mods":["Chimera","ControlledChaos","Lethality"],"is_ascension_mode":false,"campfire_choices":[{"data":"Blur","floor":7,"key":"SMITH"},{"data":"Zap","floor":7,"key":"SMITH"},{"floor":10,"key":"REST"},{"data":"Riddle With Holes","floor":12,"key":"SMITH"},{"data":"Dagger Spray","floor":12,"key":"SMITH"},{"floor":15,"key":"REST"}],"circlet_count":0,"master_deck":["Bash+1","Survivor+1","Zap+1","Eruption","Strike_R","Strike_G+1","Strike_B+1","Defend_R","Defend_G","Defend_P","Backflip","Deadly Poison","Blur+1","Acrobatics","Flying Knee","PiercingWail","Dagger Spray+1","Riddle With Holes+1","Cloak And Dagger","Expertise","Venomology","Outmaneuver+1","Caltrops+1","Predator+1","CommonCold","ReplayTheSpireMod:Splinters","Choke","Acrobatics+1"],"relics":["Ring of the Snake","Frozen Eye","Replay:Arrowhead","Vajra","Replay:Bottled Flurry","Whetstone","ChewingGum","ReplayTheSpireMod:Ring of Collecting","Ring of Fangs","Bottled Lightning","TungstenRod","Smiling Mask"],"acts_visited":["Exordium","TheCity"],"potions_floor_usage":[8,16,18,23,23,25],"damage_taken":[{"damage":4,"enemies":"Jaw Worm","floor":1,"turns":4},{"damage":0,"enemies":"2 Louse","floor":4,"turns":2},{"damage":0,"enemies":"Small Slimes","floor":5,"turns":2},{"damage":21,"enemies":"Lagavulin","floor":6,"turns":4},{"damage":25,"enemies":"3 Sentries","floor":8,"turns":5},{"damage":0,"enemies":"Gremlin Gang","floor":13,"turns":1},{"damage":0,"enemies":"Blue Slaver","floor":14,"turns":2},{"damage":38,"enemies":"The Guardian","floor":16,"turns":9},{"damage":2,"enemies":"Shell Parasite","floor":18,"turns":2},{"damage":0,"enemies":"Spheric Guardian","floor":19,"turns":3},{"damage":13,"enemies":"Snecko","floor":20,"turns":4},{"damage":23,"enemies":"Gremlin Leader","floor":23,"turns":7},{"damage":32,"enemies":"Centurion and Healer","floor":25,"turns":3}],"seed_played":"-5983087303090862335","potions_obtained":[{"floor":1,"key":"Adrenaline Potion"},{"floor":4,"key":"LiquidBronze"},{"floor":8,"key":"CultistPotion"},{"floor":16,"key":"Energy Potion"},{"floor":20,"key":"DistilledChaos"},{"floor":22,"key":"DistilledChaos"},{"floor":23,"key":"Dexterity Potion"}],"is_trial":true,"path_per_floor":["M","?","?","M","M","E","R","E","T","R","$","R","M","M","R","B",null,"M","M","M","?","?","E","?","M"],"character_chosen":"THE_SILENT","items_purchased":["Dagger Spray","Riddle With Holes","Whetstone"],"campfire_rested":2,"item_purchase_floors":[11,11,11],"current_hp_per_floor":[66,52,52,52,52,31,31,6,6,27,27,27,27,27,48,10,70,68,68,55,55,55,32,32,0,0],"gold":171,"neow_bonus":"","is_daily":false,"chose_seed":false,"campfire_upgraded":4,"win_rate":0.0,"timestamp":1613527606,"path_taken":["M","?","?","?","M","E","R","E","T","R","$","R","M","M","R","BOSS","M","M","M","?","?","E","?","M"],"items_purchased_type":["Card","Card","Relic"],"build_version":"2020-12-22","purchased_purges":0,"victory":false,"max_hp_per_floor":[70,70,70,70,70,70,70,70,70,70,70,70,70,70,70,70,70,70,70,70,70,70,70,70,70,70],"card_choices":[{"not_picked":["ReplayTheSpireMod:Shiv Toss","ReplayTheSpireMod:Exploit Weakness"],"picked":"Backflip","floor":1},{"not_picked":["Crippling Poison","Dodge and Roll"],"picked":"Blur","floor":4},{"not_picked":["Calculated Gamble","Accuracy"],"picked":"Acrobatics","floor":5},{"not_picked":["ReplayTheSpireMod:Shiv Toss","Replay:Bag of Tricks"],"picked":"Flying Knee","floor":6},{"not_picked":["Deflect","Caltrops"],"picked":"PiercingWail","floor":8},{"not_picked":["Slice","Deflect"],"picked":"Cloak And Dagger","floor":13},{"not_picked":["Toxin Wave","ReplayTheSpireMod:Shiv Toss"],"picked":"Expertise","floor":14},{"not_picked":["Grand Finale","Night Terror"],"picked":"Venomology","floor":16},{"not_picked":["Poisoned Stab","Dagger Throw"],"picked":"Outmaneuver+1","floor":18},{"not_picked":["Deadly Poison","Dagger Spray+1"],"picked":"Caltrops+1","floor":19},{"not_picked":["Slice","Cloak And Dagger+1"],"picked":"Predator+1","floor":20},{"not_picked":["Skewer+1","Prepared"],"picked":"Choke","floor":22},{"not_picked":["Hidden Blade","Burst"],"picked":"Acrobatics+1","floor":23}],"player_experience":1024450,"relics_obtained":[{"floor":6,"key":"Replay:Arrowhead"},{"floor":8,"key":"Vajra"},{"floor":9,"key":"Replay:Bottled Flurry"},{"floor":21,"key":"ReplayTheSpireMod:Ring of Collecting"},{"floor":21,"key":"Ring of Fangs"},{"floor":22,"key":"Bottled Lightning"},{"floor":23,"key":"TungstenRod"}],"event_choices":[{"damage_healed":0,"gold_gain":0,"player_choice":"Entered Light","damage_taken":14,"max_hp_gain":0,"max_hp_loss":0,"event_name":"Shining Light","floor":2,"gold_loss":0,"cards_upgraded":["Survivor","Strike_B"]},{"damage_healed":0,"gold_gain":0,"player_choice":"1 cards matched","damage_taken":0,"max_hp_gain":0,"max_hp_loss":0,"event_name":"Match and Keep!","floor":3,"gold_loss":0,"cards_obtained":["Deadly Poison"]},{"damage_healed":0,"gold_gain":0,"player_choice":"Obtained Relic","damage_taken":0,"relics_obtained":["Smiling Mask"],"max_hp_gain":0,"max_hp_loss":0,"event_name":"Addict","floor":24,"gold_loss":85}],"is_beta":false,"boss_relics":[{"not_picked":["Pandora\u0027s Box","WristBlade"],"picked":"ChewingGum"}],"items_purged_floors":[],"is_endless":false,"potions_floor_spawned":[1,4,5,8,16,20,23],"killed_by":"Centurion and Healer","ascension_level":0}}