{"host":"me7pax5d7uwssv6n","time":1613579970,"event":{"mods":["BaseMod","Jorbs\u0027s Wanderer Trilogy","Minty Spire (QoL Compilation)","StSLib"],"gold_per_floor":[109,109,119,170,170,203,128,128,128,128,144,171,201,245,245,346,346,369,369,388,137,155,155,155,155,155,155,189,202,214,234,234,338,338,370,330,350,350,47,73,73,96,123,156,156,169,180,205,205,205,205,205,205,239,239,239],"floor_reached":55,"language":"ENG","playtime":7417,"items_purged":["stsjorbsmod:Strike_Wanderer","stsjorbsmod:Defend_Wanderer"],"score":882,"play_id":"0ef323d9-ff82-41e9-a371-ae400057f67d","local_time":"20210218003930","is_ascension_mode":false,"campfire_choices":[{"data":"stsjorbsmod:Channel","floor":8,"key":"SMITH"},{"data":"stsjorbsmod:MistyStep","floor":10,"key":"SMITH"},{"data":"stsjorbsmod:GatherPower","floor":15,"key":"SMITH"},{"data":"stsjorbsmod:Banish","floor":23,"key":"SMITH"},{"floor":25,"key":"RECALL"},{"data":"stsjorbsmod:Prestidigitation","floor":32,"key":"SMITH"},{"data":"stsjorbsmod:DeathThroes","floor":41,"key":"SMITH"},{"data":"stsjorbsmod:Channel","floor":49,"key":"SMITH"},{"data":"stsjorbsmod:ArcaneWeapon","floor":52,"key":"SMITH"}],"circlet_count":0,"master_deck":["stsjorbsmod:ForbiddenGrimoire+1","stsjorbsmod:Strike_Wanderer+1","stsjorbsmod:Strike_Wanderer+1","stsjorbsmod:Strike_Wanderer+1","stsjorbsmod:Defend_Wanderer","stsjorbsmod:FreshAdventure","stsjorbsmod:EyeOfTheStorm+1","stsjorbsmod:Channel+1","stsjorbsmod:MistyStep+1","stsjorbsmod:Patron","stsjorbsmod:ArcaneWeapon+1","stsjorbsmod:GatherPower+1","stsjorbsmod:BookOfTongues","stsjorbsmod:Banish+1","stsjorbsmod:FranticSearch","stsjorbsmod:Channel+1","stsjorbsmod:Prestidigitation+1","stsjorbsmod:DeathThroes+1","stsjorbsmod:Mania+1","stsjorbsmod:Materialize+1","stsjorbsmod:Fireball"],"relics":["stsjorbsmod:GrimoireRelic","NeowsBlessing","stsjorbsmod:BottledMemoryRelic","Matryoshka","Blood Vial","Nunchaku","Darkstone Periapt","Coffee Dripper","Sling","Pen Nib","Omamori","Lantern","Black Star","PreservedInsect","Potion Belt","Anchor","Incense Burner","Boot","Bag of Marbles","Bronze Scales","Kunai","Eternal Feather","Shuriken"],"acts_visited":["Exordium","TheCity","TheBeyond","TheEnding"],"potions_floor_usage":[38,40,47,54,55,55],"damage_taken":[{"damage":0,"enemies":"2 Louse","floor":1,"turns":1},{"damage":0,"enemies":"Jaw Worm","floor":3,"turns":1},{"damage":0,"enemies":"Lagavulin","floor":6,"turns":1},{"damage":0,"enemies":"Cultist","floor":11,"turns":4},{"damage":6,"enemies":"Gremlin Gang","floor":13,"turns":4},{"damage":14,"enemies":"3 Sentries","floor":14,"turns":7},{"damage":31,"enemies":"Slime Boss","floor":16,"turns":7},{"damage":0,"enemies":"Chosen","floor":18,"turns":5},{"damage":0,"enemies":"Shell Parasite","floor":20,"turns":6},{"damage":27,"enemies":"Sentry and Sphere","floor":22,"turns":4},{"damage":1,"enemies":"Slavers","floor":28,"turns":4},{"damage":0,"enemies":"Cultist and Chosen","floor":29,"turns":6},{"damage":0,"enemies":"Snecko","floor":30,"turns":5},{"damage":0,"enemies":"3 Cultists","floor":31,"turns":4},{"damage":15,"enemies":"Champ","floor":33,"turns":8},{"damage":1,"enemies":"3 Shapes","floor":35,"turns":4},{"damage":0,"enemies":"3 Darklings","floor":37,"turns":4},{"damage":0,"enemies":"Jaw Worm Horde","floor":38,"turns":1},{"damage":5,"enemies":"Nemesis","floor":40,"turns":3},{"damage":0,"enemies":"Reptomancer","floor":44,"turns":4},{"damage":12,"enemies":"Sphere and 2 Shapes","floor":46,"turns":5},{"damage":0,"enemies":"Transient","floor":47,"turns":5},{"damage":12,"enemies":"3 Darklings","floor":48,"turns":5},{"damage":15,"enemies":"Awakened One","floor":50,"turns":9},{"damage":9,"enemies":"Shield and Spear","floor":54,"turns":3},{"damage":72,"enemies":"The Heart","floor":55,"turns":5}],"seed_played":"8198464128061377951","potions_obtained":[{"floor":1,"key":"PowerPotion"},{"floor":3,"key":"Dexterity Potion"},{"floor":20,"key":"SteroidPotion"},{"floor":30,"key":"SmokeBomb"},{"floor":46,"key":"ColorlessPotion"},{"floor":47,"key":"Weak Potion"},{"floor":48,"key":"Energy Potion"},{"floor":54,"key":"stsjorbsmod:BurningPotion"}],"is_trial":false,"path_per_floor":["M","?","M","T","?","E","$","R","T","R","M","T","M","E","R","B",null,"M","?","M","$","M","R","$","R","T","?","E","M","M","M","R","B",null,"M","?","M","M","$","E","R","T","T","E","?","M","M","M","R","B",null,"R","$","E","B"],"character_chosen":"WANDERER","items_purchased":["Sling","PreservedInsect","Potion Belt"],"campfire_rested":0,"item_purchase_floors":[21,39,39],"current_hp_per_floor":[68,61,61,61,61,61,61,61,61,61,66,66,65,53,53,26,70,70,70,72,72,47,47,47,47,47,47,52,58,65,70,70,57,74,74,74,74,74,74,72,72,72,72,74,74,66,71,65,65,52,74,74,74,68,0,0],"gold":239,"neow_bonus":"THREE_ENEMY_KILL","is_daily":false,"chose_seed":false,"campfire_upgraded":8,"win_rate":0.0,"timestamp":1613579970,"path_taken":["M","?","M","?","?","E","?","R","T","R","M","?","M","E","R","BOSS","M","?","M","$","?","R","$","R","T","?","E","M","M","M","R","BOSS","M","?","M","?","$","E","R","?","T","E","?","M","?","M","R","BOSS","R","$","E","BOSS"],"items_purchased_type":["Relic","Relic","Relic"],"build_version":"2020-12-22","purchased_purges":2,"victory":false,"max_hp_per_floor":[68,68,68,68,68,68,68,68,68,68,70,70,70,70,70,70,70,70,70,72,72,72,72,72,72,72,72,72,72,74,74,74,74,74,74,74,74,74,74,74,74,74,74,74,74,74,74,74,74,74,74,74,74,74,74,74],"card_choices":[{"not_picked":["stsjorbsmod:ChainLightning","stsjorbsmod:Message"],"picked":"stsjorbsmod:Channel","floor":1},{"not_picked":["stsjorbsmod:ParryingBlow","stsjorbsmod:WanderingMind"],"picked":"stsjorbsmod:MistyStep","floor":3},{"not_picked":["stsjorbsmod:RayOfFrost","stsjorbsmod:FracturedMind"],"picked":"stsjorbsmod:Patron","floor":6},{"not_picked":["stsjorbsmod:Message","stsjorbsmod:Firebolt"],"picked":"stsjorbsmod:ArcaneWeapon","floor":11},{"not_picked":["stsjorbsmod:WeightOfMemory","stsjorbsmod:ArcaneWeapon"],"picked":"stsjorbsmod:GatherPower","floor":13},{"not_picked":["stsjorbsmod:TinyHut","stsjorbsmod:Introspection"],"picked":"stsjorbsmod:BookOfTongues","floor":14},{"not_picked":["stsjorbsmod:CorrodingBarrier","stsjorbsmod:ThirstingSword"],"picked":"stsjorbsmod:Banish","floor":16},{"not_picked":["stsjorbsmod:Materialize","stsjorbsmod:Introspection","stsjorbsmod:Prepare+1"],"picked":"SKIP","floor":18},{"not_picked":["stsjorbsmod:BookOfTongues+1","stsjorbsmod:Materialize","stsjorbsmod:ChainLightning"],"picked":"SKIP","floor":20},{"not_picked":["stsjorbsmod:MagicMirror+1","stsjorbsmod:FlameWard","stsjorbsmod:ChainLightning"],"picked":"SKIP","floor":22},{"not_picked":["stsjorbsmod:BurningFlask+1","stsjorbsmod:Prepare"],"picked":"stsjorbsmod:Channel","floor":28},{"not_picked":["stsjorbsmod:AnimateObjects+1","stsjorbsmod:DoubleCheck","stsjorbsmod:MageArmor+1"],"picked":"SKIP","floor":29},{"not_picked":["stsjorbsmod:Materialize","stsjorbsmod:BurningFlask"],"picked":"stsjorbsmod:Prestidigitation","floor":30},{"not_picked":["stsjorbsmod:ColorSpray","stsjorbsmod:BlackTentacles","stsjorbsmod:Determination"],"picked":"SKIP","floor":31},{"not_picked":["stsjorbsmod:Hurt","stsjorbsmod:ParryingBlow","stsjorbsmod:AnimateObjects+1"],"picked":"SKIP","floor":35},{"not_picked":["stsjorbsmod:Introspection","stsjorbsmod:SmithingStrike","stsjorbsmod:ChatteringStrike"],"picked":"SKIP","floor":37},{"not_picked":["stsjorbsmod:BlackTentacles","stsjorbsmod:Materialize+1"],"picked":"stsjorbsmod:DeathThroes","floor":40},{"not_picked":["stsjorbsmod:WeightOfMemory","stsjorbsmod:MagicMissiles+1","stsjorbsmod:TollTheDead"],"picked":"SKIP","floor":44},{"not_picked":["stsjorbsmod:Message","stsjorbsmod:Hibernate+1"],"picked":"stsjorbsmod:Mania+1","floor":46},{"not_picked":["stsjorbsmod:TrueStrike+1","stsjorbsmod:ChainLightning","stsjorbsmod:ArcaneWeapon"],"picked":"SKIP","floor":47},{"not_picked":["stsjorbsmod:Hurt+1","stsjorbsmod:Will+1"],"picked":"stsjorbsmod:Materialize+1","floor":48},{"not_picked":["stsjorbsmod:FlameWard","stsjorbsmod:BlackTentacles+1"],"picked":"stsjorbsmod:Fireball","floor":54}],"player_experience":38918,"relics_obtained":[{"floor":6,"key":"stsjorbsmod:BottledMemoryRelic"},{"floor":9,"key":"Matryoshka"},{"floor":12,"key":"Blood Vial"},{"floor":12,"key":"Nunchaku"},{"floor":14,"key":"Darkstone Periapt"},{"floor":26,"key":"Pen Nib"},{"floor":26,"key":"Omamori"},{"floor":28,"key":"Lantern"},{"floor":40,"key":"Anchor"},{"floor":40,"key":"Incense Burner"},{"floor":42,"key":"Boot"},{"floor":43,"key":"Bag of Marbles"},{"floor":44,"key":"Bronze Scales"},{"floor":44,"key":"Kunai"},{"floor":54,"key":"Eternal Feather"},{"floor":54,"key":"Shuriken"}],"event_choices":[{"cards_removed":["stsjorbsmod:Defend_Wanderer"],"damage_healed":0,"gold_gain":0,"player_choice":"Card Removal","damage_taken":7,"max_hp_gain":0,"max_hp_loss":0,"event_name":"Golden Wing","floor":2,"gold_loss":0},{"damage_healed":0,"gold_gain":0,"player_choice":"Ignored","damage_taken":0,"max_hp_gain":0,"max_hp_loss":0,"event_name":"Liars Game","floor":5,"gold_loss":0},{"damage_healed":0,"gold_gain":0,"player_choice":"1 cards matched","damage_taken":0,"max_hp_gain":0,"max_hp_loss":0,"event_name":"Match and Keep!","floor":19,"gold_loss":0,"cards_obtained":["stsjorbsmod:FranticSearch"]},{"damage_healed":0,"gold_gain":0,"player_choice":"Ignored","damage_taken":0,"max_hp_gain":0,"max_hp_loss":0,"event_name":"Ghosts","floor":27,"gold_loss":0},{"damage_healed":0,"gold_gain":0,"player_choice":"Upgraded Two","damage_taken":0,"max_hp_gain":0,"max_hp_loss":0,"event_name":"Designer","floor":36,"gold_loss":40,"cards_upgraded":["stsjorbsmod:Strike_Wanderer","stsjorbsmod:Strike_Wanderer"]},{"cards_removed":["stsjorbsmod:Defend_Wanderer"],"damage_healed":0,"gold_gain":0,"player_choice":"Purged","damage_taken":0,"max_hp_gain":0,"max_hp_loss":0,"event_name":"Purifier","floor":45,"gold_loss":0}],"is_beta":false,"boss_relics":[{"not_picked":["Fusion Hammer","Astrolabe"],"picked":"Coffee Dripper"},{"not_picked":["Velvet Choker","Runic Dome"],"picked":"Black Star"}],"items_purged_floors":[7,21],"is_endless":false,"potions_floor_spawned":[1,3,20,29,30,31,37,46,47,48,54],"killed_by":"The Heart","ascension_level":0}}