{"host":"vhifjdba66khcqwn","time":1613604108,"event":{"mods":["AchievementEnabler","BaseMod","Bestiary","Energized Spire","Minty Spire (QoL Compilation)","Practice Mode","Relic Stats","Spicy Shops","StSLib","slay the spire mod where everything is the same but ironclad has a cowboy hat"],"gold_per_floor":[111,261,272,272,300,339,351,388,500,512,524,524],"floor_reached":11,"language":"ENG","playtime":302,"items_purged":[],"score":154,"play_id":"e8608ba4-ccbd-4fb2-b8a5-6a7930326458","local_time":"20210217152148","is_ascension_mode":true,"campfire_choices":[{"floor":7,"key":"REST"}],"circlet_count":0,"master_deck":["AscendersBane","Strike_R","Strike_R","Strike_R","Strike_R","Strike_R","Defend_R","Defend_R","Defend_R","Defend_R","Bash","Flame Barrier","Doubt","Metallicize","Sword Boomerang","Spot Weakness","Disarm"],"relics":["Burning Blood","MawBank","Bottled Tornado","Incense Burner","Potion Belt"],"acts_visited":["Exordium"],"potions_floor_usage":[6,11,11],"damage_taken":[{"damage":9,"enemies":"Jaw Worm","floor":1,"turns":4},{"damage":3,"enemies":"2 Louse","floor":3,"turns":3},{"damage":16,"enemies":"Cultist","floor":5,"turns":5},{"damage":42,"enemies":"Gremlin Nob","floor":6,"turns":6},{"damage":42,"enemies":"Lagavulin","floor":8,"turns":9},{"damage":26,"enemies":"Gremlin Nob","floor":11,"turns":4}],"seed_played":"7158289081274944837","potions_obtained":[{"floor":0,"key":"HeartOfIron"},{"floor":0,"key":"EssenceOfSteel"},{"floor":8,"key":"Strength Potion"}],"is_trial":false,"path_per_floor":["M","?","M","T","M","E","R","E","?","T","E"],"character_chosen":"IRONCLAD","items_purchased":[],"campfire_rested":1,"item_purchase_floors":[],"current_hp_per_floor":[65,65,68,68,58,22,44,8,8,8,0,0],"gold":524,"neow_bonus":"THREE_SMALL_POTIONS","is_daily":false,"chose_seed":false,"campfire_upgraded":0,"win_rate":0.0,"timestamp":1613604108,"path_taken":["M","?","M","?","M","E","R","E","?","T","E"],"items_purchased_type":[],"build_version":"2020-12-22","purchased_purges":0,"victory":false,"max_hp_per_floor":[75,75,75,75,75,75,75,75,75,75,75,75],"relic_stats":{"counters":[6,31],"MawBank":84,"obtain_stats":[{"Potion Belt":10,"Incense Burner":8,"Bottled Tornado":6,"MawBank":4,"Burning Blood":0},{"Potion Belt":5,"Incense Burner":5,"Bottled Tornado":4,"MawBank":2,"Burning Blood":0},{"Potion Belt":27,"Incense Burner":27,"Bottled Tornado":18,"MawBank":7,"Burning Blood":0}],"Burning Blood":30},"card_choices":[{"not_picked":["Warcry","Clash"],"picked":"Flame Barrier","floor":1},{"not_picked":["Iron Wave","Clothesline"],"picked":"Metallicize","floor":3},{"not_picked":["Burning Pact","Body Slam"],"picked":"Sword Boomerang","floor":5},{"not_picked":["Infernal Blade","Shockwave"],"picked":"Spot Weakness","floor":6},{"not_picked":["Sword Boomerang","Twin Strike"],"picked":"Disarm","floor":8}],"player_experience":1203959,"relics_obtained":[{"floor":4,"key":"MawBank"},{"floor":6,"key":"Bottled Tornado"},{"floor":8,"key":"Incense Burner"},{"floor":10,"key":"Potion Belt"}],"event_choices":[{"damage_healed":0,"gold_gain":150,"player_choice":"AGREE","damage_taken":0,"max_hp_gain":0,"max_hp_loss":0,"event_name":"Liars Game","floor":2,"gold_loss":0,"cards_obtained":["Doubt"]},{"damage_healed":0,"gold_gain":100,"player_choice":"Gold","damage_taken":0,"max_hp_gain":0,"max_hp_loss":0,"event_name":"Wheel of Change","floor":9,"gold_loss":0}],"is_beta":false,"boss_relics":[],"items_purged_floors":[],"is_endless":false,"potions_floor_spawned":[8],"killed_by":"Gremlin Nob","ascension_level":18}}