{"host":"956g3854xvs16zht","time":1613599190,"event":{"mods":["2.2 Compatiblity","AlwaysNeverKeys","Aspiration","BaseMod","BetterRewards","Colored Map","Colored Powertips","DeckTracker","Displayed Cursed Tome","Energized Spire","Evolution","Friendly Minions","Infinite Spire","Minty Spire (QoL Compilation)","Permanent Neow","Relic Filter","Relic Sorter","Shop Mod","Spicy Shops","StSLib","TheHero"],"gold_per_floor":[118,137,157,177,177,205,205,215,241,241,255,266,293,5,5,110,110,122,221,221,241,241,274,274,274],"floor_reached":24,"language":"ENG","playtime":1949,"items_purged":[],"score":228,"play_id":"783f6bb6-4673-4c14-ab63-c17ca9f0a81d","local_time":"20210217165950","is_ascension_mode":false,"campfire_choices":[{"floor":7,"key":"REST"},{"floor":10,"key":"REST"},{"floor":15,"key":"REST"}],"circlet_count":0,"master_deck":["animeID:Deku+1","animeID:Bakugo","animeID:Smash","animeID:Smash","animeID:Smash","animeID:DefendMH","animeID:DefendMH","animeID:DefendMH","animeID:DefendMH","animeID:Kirishima","animeID:Bakugo","animeID:Iida","animeID:Mina","animeID:Thirteen","animeID:TodorokiShoto","animeID:HowitzerImpact","animeID:DetroitDelaware","animeID:Momo","animeID:DelawareSmash","animeID:Hawks","Prepared","animeID:NightEye","animeID:Iida+1","Acrobatics+1"],"relics":["animeID:HeroCostume","aspiration:SilentSkillbook","Vajra","MerchantsRug","infinitespire:Golems Mask","Oddly Smooth Stone"],"acts_visited":["Exordium","TheCity"],"potions_floor_usage":[],"damage_taken":[{"damage":22,"enemies":"infinitespire:Voidling","floor":1,"turns":5},{"damage":3,"enemies":"Small Slimes","floor":2,"turns":4},{"damage":1,"enemies":"Cultist","floor":3,"turns":3},{"damage":7,"enemies":"Blue Slaver","floor":4,"turns":3},{"damage":33,"enemies":"Lagavulin","floor":6,"turns":6},{"damage":16,"enemies":"2 Fungi Beasts","floor":8,"turns":4},{"damage":5,"enemies":"Looter","floor":11,"turns":3},{"damage":1,"enemies":"Exordium Wildlife","floor":12,"turns":3},{"damage":12,"enemies":"3 Sentries","floor":13,"turns":8},{"damage":31,"enemies":"Slime Boss","floor":16,"turns":7},{"damage":10,"enemies":"Chosen","floor":18,"turns":3},{"damage":14,"enemies":"Spheric Guardian","floor":21,"turns":5},{"damage":46,"enemies":"Nightmare","floor":23,"turns":9},{"damage":22,"enemies":"3 Cultists","floor":24,"turns":3}],"seed_played":"8781365230537795471","potions_obtained":[{"floor":2,"key":"Block Potion"},{"floor":4,"key":"Explosive Potion"},{"floor":8,"key":"PowerPotion"},{"floor":16,"key":"PowerPotion"},{"floor":21,"key":"EssenceOfSteel"}],"is_trial":false,"path_per_floor":["M","M","M","M","?","E","R","M","T","R","M","M","E","$","R","B",null,"M","?","?","M","?","NM","M"],"character_chosen":"THE_HERO","items_purchased":["MerchantsRug","infinitespire:Golems Mask","animeID:DelawareSmash"],"campfire_rested":3,"item_purchase_floors":[14,14,14],"current_hp_per_floor":[55,54,55,50,50,19,41,27,27,49,46,47,39,39,61,32,75,65,65,65,55,55,15,0,0],"gold":274,"neow_bonus":"UPGRADE_CARD","is_daily":false,"chose_seed":false,"campfire_upgraded":0,"win_rate":0.0,"timestamp":1613599190,"path_taken":["M","?","M","M","?","E","R","M","T","R","M","?","E","$","R","BOSS","M","?","?","M","?","NM","?"],"items_purchased_type":["Relic","Relic","Card"],"build_version":"2020-12-22","purchased_purges":0,"victory":false,"max_hp_per_floor":[75,75,75,75,75,75,75,75,75,75,75,75,75,75,75,75,75,75,75,75,75,75,75,75,75],"card_choices":[{"not_picked":["animeID:Himiko","animeID:ToruHagakure"],"picked":"animeID:Kirishima","floor":1},{"not_picked":["animeID:GranTorino","animeID:Momo"],"picked":"animeID:Bakugo","floor":2},{"not_picked":["animeID:GranTorino","animeID:Uraraka"],"picked":"animeID:Iida","floor":3},{"not_picked":["animeID:Uraraka","animeID:PresentMic"],"picked":"animeID:Mina","floor":4},{"not_picked":["animeID:TetsuTetsu","animeID:Nomu"],"picked":"animeID:Thirteen","floor":6},{"not_picked":["animeID:Ojiro","animeID:Tomura"],"picked":"animeID:TodorokiShoto","floor":8},{"not_picked":["animeID:Muscular","animeID:Kirishima"],"picked":"animeID:HowitzerImpact","floor":11},{"not_picked":["animeID:Rappa","animeID:Kirishima"],"picked":"animeID:DetroitDelaware","floor":12},{"not_picked":["animeID:Thirteen","animeID:PresentMic"],"picked":"animeID:Momo","floor":13},{"not_picked":["animeID:Chisaki","animeID:PlusUltra"],"picked":"animeID:Hawks","floor":16},{"not_picked":["Finisher","Dagger Throw","Acrobatics"],"picked":"Prepared","floor":18},{"not_picked":["Dodge and Roll","Flying Knee","animeID:SkinnyGum+1"],"picked":"animeID:Iida+1","floor":21},{"not_picked":["Concentrate","animeID:Thirteen+1","Dodge and Roll"],"picked":"Acrobatics+1","floor":23}],"player_experience":23759,"relics_obtained":[{"floor":6,"key":"aspiration:HummingbirdHeart"},{"floor":9,"key":"aspiration:TomeofQuesting"},{"floor":13,"key":"Vajra"},{"floor":23,"key":"Oddly Smooth Stone"}],"event_choices":[{"cards_removed":["animeID:Smash"],"damage_healed":0,"gold_gain":0,"player_choice":"Offered Basic","damage_taken":0,"max_hp_gain":0,"max_hp_loss":0,"event_name":"Bonfire Elementals","floor":5,"gold_loss":0},{"damage_healed":0,"gold_gain":99,"player_choice":"Stole From Cult","damage_taken":0,"max_hp_gain":0,"max_hp_loss":0,"event_name":"Nest","floor":19,"gold_loss":0},{"damage_healed":0,"gold_gain":0,"player_choice":"Read","damage_taken":0,"max_hp_gain":0,"max_hp_loss":0,"event_name":"The Library","floor":20,"gold_loss":0,"cards_obtained":["animeID:NightEye"]},{"damage_healed":0,"gold_gain":0,"player_choice":"Ignored","damage_taken":0,"max_hp_gain":0,"max_hp_loss":0,"event_name":"Vampires","floor":22,"gold_loss":0}],"is_beta":false,"boss_relics":[{"not_picked":["aspiration:FutureDiary","aspiration:RunicSpoon"],"picked":"aspiration:SilentSkillbook"}],"items_purged_floors":[],"is_endless":true,"potions_floor_spawned":[2,4,8,12,16,21],"killed_by":"3 Cultists","ascension_level":0}}