{"host":"x05n69rv5q9mps34","time":1613520176,"event":{"mods":["AchievementEnabler","BaseMod","Colored Map","Minty Spire (QoL Compilation)","SuperFastMode"],"gold_per_floor":[115,190,190,190,205,230,230,255,255,255,272,96,110,123,123,225,225,260,260,298,213,213,242,242,254,280,280,280,180,213,255,255,354,354,397,441,114,128,143,143,175,210,261,261,111,111,111,121,121,121,121,121,87,118,118],"floor_reached":56,"language":"ENG","playtime":3668,"items_purged":["Strike_P","Defend_P","Vengeance","CrushJoints"],"score":1378,"play_id":"d5008927-6fcc-4924-aadf-11fbdf6fb222","local_time":"20210216220256","is_ascension_mode":true,"campfire_choices":[{"data":"LikeWater","floor":7,"key":"SMITH"},{"data":"Vigilance","floor":10,"key":"SMITH"},{"data":"LikeWater","floor":15,"key":"SMITH"},{"floor":24,"key":"REST"},{"floor":28,"key":"REST"},{"data":"Evaluate","floor":32,"key":"SMITH"},{"data":"PathToVictory","floor":40,"key":"SMITH"},{"floor":44,"key":"RECALL"},{"data":"Omniscience","floor":47,"key":"SMITH"},{"data":"DeusExMachina","floor":49,"key":"SMITH"},{"data":"WaveOfTheHand","floor":52,"key":"SMITH"}],"circlet_count":0,"master_deck":["Eruption","Vigilance+1","PathToVictory+1","CutThroughFate","LikeWater+1","Evaluate+1","LikeWater+1","EmptyMind","PathToVictory+1","EmptyMind","EmptyBody+1","Wireheading","DeusExMachina+1","TalkToTheHand","Tantrum","Omniscience+1","Sanctity","PathToVictory+1","WaveOfTheHand+1","InnerPeace"],"relics":["PureWater","InkBottle","Eternal Feather","Bag of Marbles","Mummified Hand","Runic Pyramid","Torii","Happy Flower","Strawberry","Bag of Preparation","Pandora\u0027s Box","TheAbacus","Omamori","Letter Opener"],"acts_visited":["Exordium","TheCity","TheBeyond","TheEnding"],"potions_floor_usage":[6,13,16,23,48,54,55],"damage_taken":[{"damage":0,"enemies":"Cultist","floor":1,"turns":2},{"damage":6,"enemies":"2 Louse","floor":5,"turns":3},{"damage":20,"enemies":"Gremlin Nob","floor":6,"turns":4},{"damage":10,"enemies":"Lagavulin","floor":8,"turns":9},{"damage":6,"enemies":"Jaw Worm","floor":11,"turns":3},{"damage":8,"enemies":"Exordium Thugs","floor":13,"turns":5},{"damage":0,"enemies":"2 Fungi Beasts","floor":14,"turns":3},{"damage":0,"enemies":"The Guardian","floor":16,"turns":9},{"damage":0,"enemies":"Chosen","floor":18,"turns":6},{"damage":5,"enemies":"Shell Parasite","floor":20,"turns":5},{"damage":54,"enemies":"Gremlin Leader","floor":23,"turns":9},{"damage":16,"enemies":"Snake Plant","floor":25,"turns":4},{"damage":1,"enemies":"Book of Stabbing","floor":30,"turns":5},{"damage":2,"enemies":"Cultist and Chosen","floor":31,"turns":7},{"damage":0,"enemies":"Champ","floor":33,"turns":8},{"damage":1,"enemies":"Orb Walker","floor":35,"turns":4},{"damage":0,"enemies":"3 Shapes","floor":36,"turns":6},{"damage":0,"enemies":"Sphere and 2 Shapes","floor":38,"turns":4},{"damage":9,"enemies":"3 Darklings","floor":39,"turns":4},{"damage":0,"enemies":"Nemesis","floor":41,"turns":5},{"damage":7,"enemies":"Maw","floor":42,"turns":7},{"damage":0,"enemies":"Spire Growth","floor":48,"turns":5},{"damage":41,"enemies":"Awakened One","floor":50,"turns":13},{"damage":1,"enemies":"Shield and Spear","floor":54,"turns":5},{"damage":39,"enemies":"The Heart","floor":55,"turns":8}],"seed_played":"-7156929228952371388","potions_obtained":[{"floor":5,"key":"DistilledChaos"},{"floor":8,"key":"PowerPotion"},{"floor":13,"key":"StancePotion"},{"floor":14,"key":"BottledMiracle"},{"floor":16,"key":"FairyPotion"},{"floor":30,"key":"Ancient Potion"},{"floor":48,"key":"Ambrosia"},{"floor":54,"key":"Block Potion"}],"is_trial":false,"path_per_floor":["M","?","?","T","M","E","R","E","T","R","M","$","M","M","R","B",null,"M","?","M","?","?","E","R","M","T","?","R","$","E","M","R","B",null,"M","M","$","M","M","R","E","M","T","R","$","?","R","M","R","B",null,"R","$","E","B",null],"character_chosen":"WATCHER","items_purchased":["FairyPotion","PathToVictory","TheAbacus","InnerPeace"],"campfire_rested":2,"item_purchase_floors":[12,37,37,53],"current_hp_per_floor":[79,68,68,68,62,42,48,38,38,44,38,38,30,30,39,39,79,79,79,74,74,74,20,52,36,43,26,62,62,61,59,68,68,91,90,90,90,90,81,91,91,84,84,91,91,101,101,101,101,60,101,101,101,100,61],"gold":118,"neow_bonus":"TEN_PERCENT_HP_BONUS","is_daily":false,"chose_seed":false,"campfire_upgraded":8,"win_rate":0.0,"timestamp":1613520176,"path_taken":["M","?","?","?","?","E","R","E","T","R","M","$","M","M","R","BOSS","M","?","M","?","?","E","R","M","T","?","R","?","E","M","R","BOSS","M","M","$","M","M","R","E","M","T","R","$","?","R","?","R","BOSS","R","$","E","BOSS"],"items_purchased_type":["Potion","Card","Relic","Card"],"build_version":"2020-12-22","purchased_purges":4,"victory":true,"max_hp_per_floor":[79,79,79,79,79,79,79,79,79,79,79,79,79,79,79,79,79,79,79,79,79,79,79,79,79,86,91,91,91,91,91,91,91,91,91,91,91,91,91,91,91,91,91,91,91,101,101,101,101,101,101,101,101,101,101],"card_choices":[{"not_picked":["SashWhip","JustLucky"],"picked":"PathToVictory","floor":1},{"not_picked":["Protect","JustLucky"],"picked":"CutThroughFate","floor":5},{"not_picked":["Establishment","ForeignInfluence"],"picked":"LikeWater","floor":6},{"not_picked":["Indignation","DevaForm"],"picked":"CrushJoints","floor":8},{"not_picked":["SashWhip","Protect"],"picked":"Evaluate","floor":11},{"not_picked":["FlurryOfBlows","Worship"],"picked":"LikeWater","floor":13},{"not_picked":["JustLucky","FollowUp"],"picked":"EmptyMind","floor":14},{"not_picked":["Scrawl","DeusExMachina"],"picked":"Wish","floor":16},{"not_picked":["SandsOfTime","Meditate"],"picked":"PathToVictory+1","floor":18},{"not_picked":["Wallop","Conclude"],"picked":"EmptyMind","floor":20},{"not_picked":["BowlingBash","Evaluate"],"picked":"EmptyBody+1","floor":23},{"not_picked":["FlyingSleeves","Collect+1","CutThroughFate"],"picked":"SKIP","floor":25},{"not_picked":["FlyingSleeves","Collect"],"picked":"Wireheading","floor":30},{"not_picked":["TalkToTheHand","FlurryOfBlows","Swivel"],"picked":"SKIP","floor":31},{"not_picked":["Wish","Devotion"],"picked":"DeusExMachina","floor":33},{"not_picked":["SashWhip+1","ReachHeaven+1","FlurryOfBlows+1"],"picked":"SKIP","floor":35},{"not_picked":["EmptyFist+1","Worship","CrushJoints"],"picked":"SKIP","floor":36},{"not_picked":["Halt+1","FlurryOfBlows"],"picked":"WaveOfTheHand","floor":38},{"not_picked":["SashWhip","JustLucky","Omniscience"],"picked":"SKIP","floor":39},{"not_picked":["Blasphemy","Wireheading","ThirdEye+1"],"picked":"SKIP","floor":41},{"not_picked":["EmptyBody+1","FlurryOfBlows","CarveReality+1"],"picked":"SKIP","floor":42},{"not_picked":["Prostrate+1","CutThroughFate","WaveOfTheHand"],"picked":"SKIP","floor":48},{"not_picked":["BowlingBash+1","Fasting2+1","Vengeance+1"],"picked":"SKIP","floor":54}],"player_experience":1005594,"relics_obtained":[{"floor":4,"key":"InkBottle"},{"floor":6,"key":"Eternal Feather"},{"floor":8,"key":"Bag of Marbles"},{"floor":9,"key":"Mummified Hand"},{"floor":23,"key":"Happy Flower"},{"floor":26,"key":"Strawberry"},{"floor":30,"key":"Bag of Preparation"},{"floor":41,"key":"Omamori"},{"floor":54,"key":"Letter Opener"}],"event_choices":[{"damage_healed":0,"gold_gain":75,"player_choice":"Gather Gold","damage_taken":11,"max_hp_gain":0,"max_hp_loss":0,"event_name":"World of Goop","floor":2,"gold_loss":0},{"damage_healed":0,"gold_gain":0,"player_choice":"Grow","damage_taken":0,"max_hp_gain":0,"max_hp_loss":0,"event_name":"Living Wall","floor":3,"gold_loss":0,"cards_upgraded":["PathToVictory"]},{"cards_removed":["Strike_P"],"damage_healed":0,"gold_gain":0,"player_choice":"Elegance","damage_taken":0,"max_hp_gain":0,"max_hp_loss":0,"event_name":"Back to Basics","floor":19,"gold_loss":0},{"damage_healed":0,"gold_gain":0,"player_choice":"Obtained Relic","damage_taken":0,"relics_obtained":["Torii"],"max_hp_gain":0,"max_hp_loss":0,"event_name":"Addict","floor":21,"gold_loss":85},{"damage_healed":0,"gold_gain":0,"player_choice":"Ignored","damage_taken":0,"max_hp_gain":0,"max_hp_loss":0,"event_name":"Vampires","floor":22,"gold_loss":0},{"damage_healed":0,"gold_gain":0,"player_choice":"Shed Blood","damage_taken":22,"max_hp_gain":5,"max_hp_loss":0,"event_name":"Forgotten Altar","floor":27,"gold_loss":0},{"cards_removed":["Wish"],"damage_healed":0,"gold_gain":0,"player_choice":"Offered Rare","damage_taken":0,"max_hp_gain":10,"max_hp_loss":0,"event_name":"Bonfire Elementals","floor":46,"gold_loss":0}],"is_beta":false,"boss_relics":[{"not_picked":["Sozu","Black Star"],"picked":"Runic Pyramid"},{"not_picked":["Tiny House","Busted Crown"],"picked":"Pandora\u0027s Box"}],"items_purged_floors":[12,29,37,45],"is_endless":false,"potions_floor_spawned":[5,8,13,14,16,18,20,30,38,39,42,48,54],"ascension_level":1}}