{"host":"js2su9tbbk4rmjfl","time":1613599215,"event":{"mods":["AchievementEnabler","BaseMod","Block Reminder","Colored Map","Colored Powertips","Highlight Path","Minty Spire (QoL Compilation)","Relic Stats"],"gold_per_floor":[19,34,34,34,8,8,40,55,55,55,69,82,82,97,97,174,174,174,174,174,174],"floor_reached":20,"language":"ENG","playtime":964,"items_purged":[],"score":334,"play_id":"ab8414cd-cf36-4481-9ba0-7ecaef191522","local_time":"20210217230015","is_ascension_mode":true,"campfire_choices":[{"floor":6,"key":"DIG"},{"floor":10,"key":"DIG"},{"floor":13,"key":"DIG"},{"floor":15,"key":"DIG"}],"circlet_count":0,"master_deck":["AscendersBane","Strike_R","Strike_R","Strike_R","Strike_R","Strike_R","Defend_R","Defend_R","Defend_R","Defend_R","Bash","Inflame+1","Thunderclap","Armaments","Flame Barrier","Spot Weakness","Feed","Heavy Blade"],"relics":["Burning Blood","Shovel","Bottled Lightning","Boot","Lantern","Pen Nib","Omamori","Anchor","Ectoplasm"],"acts_visited":["Exordium","TheCity"],"potions_floor_usage":[7,16,20],"damage_taken":[{"damage":11,"enemies":"Jaw Worm","floor":1,"turns":5},{"damage":3,"enemies":"2 Louse","floor":2,"turns":3},{"damage":35,"enemies":"Lagavulin","floor":7,"turns":5},{"damage":2,"enemies":"Cultist","floor":8,"turns":5},{"damage":8,"enemies":"3 Louse","floor":11,"turns":4},{"damage":1,"enemies":"Red Slaver","floor":12,"turns":3},{"damage":8,"enemies":"Looter","floor":14,"turns":4},{"damage":40,"enemies":"The Guardian","floor":16,"turns":11},{"damage":55,"enemies":"Chosen","floor":18,"turns":7},{"damage":0,"enemies":"3 Byrds","floor":19,"turns":1},{"damage":34,"enemies":"Centurion and Healer","floor":20,"turns":5}],"seed_played":"7970431947126937555","potions_obtained":[{"floor":1,"key":"Fire Potion"},{"floor":8,"key":"ElixirPotion"},{"floor":11,"key":"Fire Potion"},{"floor":18,"key":"Weak Potion"},{"floor":19,"key":"Regen Potion"}],"is_trial":false,"path_per_floor":["M","M","?","?","$","R","E","M","T","R","M","M","R","M","R","B",null,"M","M","M"],"character_chosen":"IRONCLAD","items_purchased":["Armaments"],"campfire_rested":0,"item_purchase_floors":[5],"current_hp_per_floor":[63,66,66,66,66,66,37,41,41,41,39,44,44,42,42,8,58,12,18,0,0],"gold":174,"neow_bonus":"ONE_RARE_RELIC","is_daily":false,"chose_seed":false,"campfire_upgraded":0,"win_rate":0.0,"timestamp":1613599215,"path_taken":["M","M","?","?","?","R","E","M","T","R","M","M","R","M","R","BOSS","M","M","?"],"items_purchased_type":["Card"],"build_version":"2020-12-22","purchased_purges":0,"victory":false,"max_hp_per_floor":[75,75,75,75,75,75,75,75,75,75,75,75,75,75,75,75,75,78,78,81,81],"relic_stats":{"Shovel":4,"counters":[11,53],"Pen Nib":[4],"Ectoplasm":27,"Boot":[6],"obtain_stats":[{"Lantern":9,"Anchor":15,"Shovel":0,"Pen Nib":10,"Ectoplasm":17,"Omamori":13,"Bottled Lightning":6,"Boot":7,"Burning Blood":0},{"Lantern":4,"Anchor":7,"Shovel":0,"Pen Nib":4,"Ectoplasm":8,"Omamori":6,"Bottled Lightning":2,"Boot":3,"Burning Blood":0},{"Lantern":18,"Anchor":29,"Shovel":0,"Pen Nib":18,"Ectoplasm":40,"Omamori":25,"Bottled Lightning":8,"Boot":13,"Burning Blood":0}],"Burning Blood":60},"card_choices":[{"not_picked":["Clothesline","Dropkick"],"picked":"Inflame","floor":1},{"not_picked":["Carnage","Pommel Strike"],"picked":"Thunderclap","floor":2},{"not_picked":["Dark Embrace","Clash"],"picked":"Flame Barrier","floor":7},{"not_picked":["Perfected Strike","Armaments","Clothesline"],"picked":"SKIP","floor":8},{"not_picked":["True Grit","Perfected Strike"],"picked":"Spot Weakness","floor":11},{"not_picked":["Hemokinesis","Anger","Dark Embrace"],"picked":"SKIP","floor":12},{"not_picked":["Hemokinesis","Flex","Perfected Strike"],"picked":"SKIP","floor":14},{"not_picked":["Corruption","Bludgeon"],"picked":"Feed","floor":16},{"not_picked":["Havoc","Iron Wave","Feel No Pain"],"picked":"SKIP","floor":18},{"not_picked":["Body Slam","Flex"],"picked":"Heavy Blade","floor":19}],"player_experience":823811,"relics_obtained":[{"floor":6,"key":"Bottled Lightning"},{"floor":7,"key":"Boot"},{"floor":9,"key":"Lantern"},{"floor":10,"key":"Pen Nib"},{"floor":13,"key":"Omamori"},{"floor":15,"key":"Anchor"}],"event_choices":[{"damage_healed":0,"gold_gain":0,"player_choice":"Grow","damage_taken":0,"max_hp_gain":0,"max_hp_loss":0,"event_name":"Living Wall","floor":3,"gold_loss":0,"cards_upgraded":["Inflame"]},{"damage_healed":0,"gold_gain":0,"player_choice":"Ignored","damage_taken":0,"max_hp_gain":0,"max_hp_loss":0,"event_name":"Liars Game","floor":4,"gold_loss":0}],"is_beta":false,"boss_relics":[{"not_picked":["SlaversCollar","Velvet Choker"],"picked":"Ectoplasm"}],"items_purged_floors":[],"is_endless":false,"potions_floor_spawned":[1,8,11,18,19],"killed_by":"Centurion and Healer","ascension_level":18}}