{"host":"e3zuhorjxi9w14q4","time":1613573118,"event":{"mods":["AchievementEnabler","Aspiration","BaseMod","Defuse TimeMaze Blight","Downfall","Energized Spire","GifTheSpireLib","Hubris","Infinite Spire","Jorbs\u0027s Wanderer Trilogy","Minty Spire (QoL Compilation)","Reliquary","Replay The Spire","Spicy Shops","Spikes Relics","StSLib","Stuff the Spire","The Bug Knight","The Marked","The Poker Player","The Servant 0.9.4"],"gold_per_floor":[99,110,110,124,136,136,136,48,156,172,183,283,183,17,36,134,134,134,147,165,265,277,294,294,294,294,294],"floor_reached":25,"language":"ENG","playtime":1534,"items_purged":[],"score":195,"play_id":"e2d7cbc0-48b3-4d91-8006-f91526c16091","local_time":"20210217154518","is_ascension_mode":false,"campfire_choices":[{"data":"hexamod:Float","floor":1,"key":"SMITH"},{"data":"infinitespire:Oblivion","floor":6,"key":"SMITH"},{"floor":13,"key":"REST"},{"data":"hexamod:ForkedFlame","floor":18,"key":"SMITH"}],"circlet_count":0,"master_deck":["hexamod:Strike","hexamod:Strike","hexamod:Strike","hexamod:Strike","hexamod:Defend","hexamod:Defend","hexamod:Defend","hexamod:Defend","hexamod:Sear","hexamod:Float+1","hexamod:InspiringFlames","infinitespire:Oblivion+1","hexamod:FirstSeal","hexamod:ThirdSeal","hexamod:RainOfEmbers","hexamod:AdvancingGuard","hexamod:FourthSeal","hexamod:StepThrough","hexamod:InspiringFlames","hexamod:SoulSteal","hexamod:ChargedBarrage","hexamod:FlamesFromBeyond","hexamod:TimeOfNeed","hexamod:WildfireWeapon","hexamod:ForkedFlame+1","hexamod:SearingWound","hexamod:StepThrough","hexamod:FastForward+1"],"relics":["hexamod:SpiritBrand","Calipers","reliquary:Aerogel","White Beast Statue","downfall:HeartBlessingBlue","Membership Card","hubris:HollowSoul","downfall:GremlinWheel","StuffTheSpire:SapphireSignet"],"acts_visited":["Exordium","TheCity"],"potions_floor_usage":[11,12,12,12,16,16,16,21,21,23,25,25,25],"damage_taken":[{"damage":1,"enemies":"Jaw Worm","floor":2,"turns":3},{"damage":0,"enemies":"Small Slimes","floor":4,"turns":3},{"damage":0,"enemies":"Cultist","floor":5,"turns":3},{"damage":0,"enemies":"downfall:FleeingMerchant","floor":8,"turns":4},{"damage":0,"enemies":"2 Fungi Beasts","floor":10,"turns":3},{"damage":10,"enemies":"Exordium Thugs","floor":11,"turns":5},{"damage":37,"enemies":"downfall:LadyInBlue","floor":12,"turns":9},{"damage":0,"enemies":"downfall:FleeingMerchant","floor":14,"turns":4},{"damage":9,"enemies":"Blue Slaver","floor":15,"turns":3},{"damage":14,"enemies":"DF_ARCHETYPE_STREAMLINE","floor":16,"turns":6},{"damage":30,"enemies":"downfall:LooterAlt2","floor":19,"turns":3},{"damage":0,"enemies":"Spheric Guardian","floor":20,"turns":3},{"damage":13,"enemies":"Spheric Guardian","floor":21,"turns":4},{"damage":32,"enemies":"Chosen and Byrds","floor":22,"turns":7},{"damage":8,"enemies":"Centurion and Healer","floor":23,"turns":6},{"damage":22,"enemies":"Shelled Parasite and Fungi","floor":25,"turns":2}],"seed_played":"-8157102326614577412","potions_obtained":[{"floor":2,"key":"champ:CounterPotion"},{"floor":10,"key":"Flashbang"},{"floor":10,"key":"Reflective Coating"},{"floor":11,"key":"Fire Potion"},{"floor":12,"key":"EssenceOfSteel"},{"floor":12,"key":"LiquidBronze"},{"floor":12,"key":"Strength Potion"},{"floor":12,"key":"EntropicBrew"},{"floor":12,"key":"Regen Potion"},{"floor":19,"key":"hexamod:DoubleChargePotion"},{"floor":21,"key":"LifebloodPotion"},{"floor":21,"key":"LiquidBronze"},{"floor":23,"key":"Weak Potion"},{"floor":23,"key":"SkillPotion"}],"is_trial":false,"path_per_floor":["R","M","?","M","M","R","T","$","?","M","M","?","R","$","M","B",null,"R","M","M","?","M","M","T","M"],"character_chosen":"THE_SPIRIT","items_purchased":["hexamod:FourthSeal","Membership Card"],"campfire_rested":1,"item_purchase_floors":[8,14],"current_hp_per_floor":[49,48,30,30,37,37,37,44,44,44,41,11,45,52,50,57,80,80,50,50,44,19,11,11,0,0,0],"gold":294,"neow_bonus":"ONE_RARE_RELIC","is_daily":false,"chose_seed":false,"campfire_upgraded":3,"win_rate":0.0,"timestamp":1613573118,"path_taken":["R","M","?","M","M","R","T","$","?","M","?","?","R","?","M","BOSS","R","M","M","?","?","M","T","M"],"items_purchased_type":["Card","Relic"],"build_version":"2020-12-22","purchased_purges":0,"victory":false,"max_hp_per_floor":[70,70,70,70,70,70,70,70,70,70,70,70,80,80,80,80,80,80,80,80,80,80,80,80,80,80,80],"card_choices":[{"not_picked":["hexamod:NightmareGuise","hexamod:GhostLash"],"picked":"hexamod:InspiringFlames","floor":2},{"not_picked":["infinitespire:FinalStrike","infinitespire:Punishment"],"picked":"infinitespire:Oblivion","floor":3},{"not_picked":["hexamod:InspiringFlames","hexamod:ThirdSeal"],"picked":"hexamod:FirstSeal","floor":4},{"not_picked":["hexamod:BurningTouch","hexamod:FirstSeal"],"picked":"hexamod:ThirdSeal","floor":5},{"not_picked":["hexamod:SwordOfDarkness","hexamod:ShieldOfDarkness"],"picked":"hexamod:RainOfEmbers","floor":8},{"not_picked":["hexamod:ChargedBarrage","hexamod:ThermalTransfer"],"picked":"hexamod:AdvancingGuard","floor":8},{"not_picked":["hexamod:Hexaguard","hexamod:Haunt"],"picked":"hexamod:StepThrough","floor":9},{"not_picked":["hexamod:SpectralSpark","hexamod:HeatCrush"],"picked":"hexamod:InspiringFlames","floor":9},{"not_picked":["hexamod:ExtraCrispy","hexamod:SpectersWail"],"picked":"hexamod:SoulSteal","floor":10},{"not_picked":["hexamod:PhantomCloak","hexamod:HauntingEcho"],"picked":"hexamod:ChargedBarrage","floor":10},{"not_picked":["hexamod:Again","hexamod:HauntingEcho"],"picked":"hexamod:FlamesFromBeyond","floor":11},{"not_picked":["hexamod:Haunt","hexamod:SwordOfDarkness","hexamod:SuperheatedStrike"],"picked":"SKIP","floor":11},{"not_picked":["hexamod:SuperheatedStrike","hexamod:GhostflameBarrier"],"picked":"hexamod:TimeOfNeed","floor":12},{"not_picked":["hexamod:ShieldOfDarkness","hexamod:RetreatToShadows","hexamod:Hexaguard"],"picked":"SKIP","floor":14},{"not_picked":["hexamod:SwordOfDarkness","hexamod:NightmareGuise","hexamod:ThermalTransfer"],"picked":"SKIP","floor":14},{"not_picked":["hexamod:Again","hexamod:NightmareGuise","hexamod:SkipABeat"],"picked":"SKIP","floor":15},{"not_picked":["hexamod:VolcanoVisage","hexamod:UnleashSpirits"],"picked":"hexamod:WildfireWeapon","floor":16},{"not_picked":["hexamod:ParanormalForm","hexamod:GiftsFromTheDead"],"picked":"hexamod:ForkedFlame","floor":16},{"not_picked":["hexamod:SwordOfDarkness","hexamod:NightmareStrike","hexamod:BurningTouch+1"],"picked":"SKIP","floor":19},{"not_picked":["hexamod:PhantomFireball","hexamod:Again+1","hexamod:GhostOfSpireFuture"],"picked":"SKIP","floor":19},{"not_picked":["hexamod:GhostShield","hexamod:Incineration","hexamod:NightmareStrike+1"],"picked":"SKIP","floor":20},{"not_picked":["hexamod:ThermalTransfer","hexamod:RainOfEmbers","hexamod:ThirdSeal"],"picked":"SKIP","floor":20},{"not_picked":["hexamod:GhostOfSpireFuture","hexamod:ShieldOfDarkness"],"picked":"hexamod:SearingWound","floor":22},{"not_picked":["hexamod:SkipABeat","hexamod:FourthSeal","hexamod:SpectersWail"],"picked":"SKIP","floor":22},{"not_picked":["hexamod:HeatMetal","hexamod:SwordOfDarkness"],"picked":"hexamod:StepThrough","floor":23},{"not_picked":["hexamod:GhostShield","hexamod:HeatShield"],"picked":"hexamod:FastForward+1","floor":23}],"player_experience":330019,"relics_obtained":[{"floor":9,"key":"reliquary:Aerogel"},{"floor":12,"key":"White Beast Statue"},{"floor":21,"key":"downfall:GremlinWheel"},{"floor":24,"key":"StuffTheSpire:SapphireSignet"}],"event_choices":[],"is_beta":false,"boss_relics":[{"not_picked":["energizedSpire:OgreHead","reliquary:WritOfMandamus"],"picked":"hubris:HollowSoul"}],"items_purged_floors":[],"is_endless":false,"potions_floor_spawned":[2,10,11,12,14,15,16,19,20,21,22,23],"killed_by":"Shelled Parasite and Fungi","ascension_level":0}}