{"host":"gyvm9iplrwbfzexe","time":1613529885,"event":{"mods":["BaseMod","Minty Spire (QoL Compilation)","StSLib"],"gold_per_floor":[113,127,127,145,164,164,193,208,208,241,252,280,280,293,293,396,396,416,416,416,29,43,72,72,104,104,129,29,43,77,77,77,173,173,185,203,213,88,108,135,149,180,180,180,180,197,226,236,236,236],"floor_reached":51,"language":"ENG","playtime":2610,"items_purged":["Strike_G","Defend_G","Defend_G"],"score":1213,"play_id":"744f0894-cea7-42e9-b282-edeb3c8b13f6","local_time":"20210216204445","is_ascension_mode":true,"campfire_choices":[{"data":"Blade Dance","floor":6,"key":"SMITH"},{"data":"After Image","floor":15,"key":"SMITH"},{"data":"After Image","floor":24,"key":"SMITH"},{"data":"A Thousand Cuts","floor":32,"key":"SMITH"},{"data":"Blade Dance","floor":44,"key":"SMITH"},{"data":"Blade Dance","floor":49,"key":"SMITH"}],"circlet_count":0,"master_deck":["Strike_G+1","Strike_G","Strike_G","Defend_G","Defend_G","Defend_G","Survivor","Neutralize+1","Masterful Stab","Backstab","Underhanded Strike","Blade Dance+1","After Image+1","Masterful Stab","Blade Dance+1","Cloak And Dagger","A Thousand Cuts+1","Cloak And Dagger+1","Prepared","After Image+1","Adrenaline","Terror","Prepared","Blade Dance","Cloak And Dagger+1","Parasite","Prepared+1","Tactician","Calculated Gamble+1","Blade Dance+1","After Image","Cloak And Dagger+1","Terror+1"],"relics":["Ring of the Snake","Tiny Chest","Shuriken","Orichalcum","CaptainsWheel","Gremlin Horn","MutagenicStrength","Prayer Wheel","Whetstone","Shovel","HornCleat","Art of War","Bronze Scales","Pear","Runic Pyramid","Regal Pillow","Nunchaku","Meat on the Bone","Tough Bandages"],"acts_visited":["Exordium","TheCity","TheBeyond"],"potions_floor_usage":[4,5,12,16,18,25,46,50,50],"damage_taken":[{"damage":5,"enemies":"Small Slimes","floor":1,"turns":5},{"damage":0,"enemies":"Jaw Worm","floor":2,"turns":3},{"damage":0,"enemies":"Cultist","floor":4,"turns":2},{"damage":7,"enemies":"Large Slime","floor":5,"turns":6},{"damage":13,"enemies":"3 Sentries","floor":7,"turns":7},{"damage":0,"enemies":"Red Slaver","floor":8,"turns":1},{"damage":3,"enemies":"Lagavulin","floor":10,"turns":5},{"damage":0,"enemies":"2 Fungi Beasts","floor":11,"turns":2},{"damage":14,"enemies":"3 Sentries","floor":12,"turns":4},{"damage":0,"enemies":"Blue Slaver","floor":14,"turns":2},{"damage":0,"enemies":"Slime Boss","floor":16,"turns":5},{"damage":0,"enemies":"2 Thieves","floor":18,"turns":3},{"damage":0,"enemies":"Chosen","floor":22,"turns":2},{"damage":0,"enemies":"Slavers","floor":23,"turns":4},{"damage":4,"enemies":"Book of Stabbing","floor":25,"turns":5},{"damage":0,"enemies":"Gremlin Leader","floor":27,"turns":4},{"damage":0,"enemies":"Sentry and Sphere","floor":29,"turns":4},{"damage":0,"enemies":"Book of Stabbing","floor":30,"turns":4},{"damage":23,"enemies":"Automaton","floor":33,"turns":6},{"damage":0,"enemies":"3 Darklings","floor":35,"turns":3},{"damage":0,"enemies":"Orb Walker","floor":36,"turns":2},{"damage":0,"enemies":"Writhing Mass","floor":37,"turns":5},{"damage":0,"enemies":"Jaw Worm Horde","floor":39,"turns":2},{"damage":0,"enemies":"Giant Head","floor":40,"turns":6},{"damage":3,"enemies":"Sphere and 2 Shapes","floor":41,"turns":3},{"damage":13,"enemies":"Nemesis","floor":42,"turns":5},{"damage":0,"enemies":"Transient","floor":46,"turns":5},{"damage":0,"enemies":"Giant Head","floor":47,"turns":5},{"damage":0,"enemies":"3 Darklings","floor":48,"turns":3},{"damage":7,"enemies":"Time Eater","floor":50,"turns":5}],"seed_played":"3787635276821094590","potions_obtained":[{"floor":1,"key":"Dexterity Potion"},{"floor":2,"key":"Strength Potion"},{"floor":4,"key":"LiquidMemories"},{"floor":12,"key":"ColorlessPotion"},{"floor":14,"key":"Fruit Juice"},{"floor":22,"key":"Strength Potion"},{"floor":23,"key":"ColorlessPotion"},{"floor":27,"key":"Regen Potion"},{"floor":33,"key":"Block Potion"},{"floor":41,"key":"GamblersBrew"},{"floor":46,"key":"Dexterity Potion"},{"floor":47,"key":"BlessingOfTheForge"}],"is_trial":false,"path_per_floor":["M","M","?","M","M","R","E","M","T","E","M","E","?","M","R","B",null,"M","?","?","$","M","E","R","E","T","E","$","M","E","T","R","B",null,"M","M","M","$","M","E","M","E","T","R","?","M","E","M","R","B",null],"character_chosen":"THE_SILENT","items_purchased":["Prayer Wheel"],"campfire_rested":0,"item_purchase_floors":[21],"current_hp_per_floor":[65,65,70,70,63,63,50,50,50,47,47,33,30,30,30,35,80,80,80,80,80,80,80,80,76,76,76,76,76,76,86,86,63,90,90,90,90,90,90,90,87,74,74,74,74,74,74,74,74,67],"gold":236,"neow_bonus":"REMOVE_CARD","is_daily":false,"chose_seed":false,"campfire_upgraded":6,"win_rate":0.0,"timestamp":1613529885,"path_taken":["M","M","?","M","M","R","E","M","T","E","M","E","?","M","R","BOSS","M","?","?","$","M","E","R","E","T","E","$","M","E","?","R","BOSS","M","M","?","$","M","E","M","E","T","R","?","?","E","M","R","BOSS"],"items_purchased_type":["Relic"],"build_version":"2020-12-22","purchased_purges":3,"victory":true,"max_hp_per_floor":[70,70,75,75,75,75,75,75,75,75,75,75,75,75,75,80,80,80,80,80,80,80,80,80,80,80,80,80,80,80,90,90,90,90,90,90,90,90,90,90,90,90,90,90,90,90,90,90,90,90],"card_choices":[{"not_picked":["Calculated Gamble","Dagger Throw"],"picked":"Masterful Stab","floor":1},{"not_picked":["Dash","Bouncing Flask"],"picked":"Backstab","floor":2},{"not_picked":["Prepared","Heel Hook"],"picked":"Underhanded Strike","floor":4},{"not_picked":["Bane","Dodge and Roll"],"picked":"Blade Dance","floor":5},{"not_picked":["Poisoned Stab","Deadly Poison"],"picked":"After Image","floor":7},{"not_picked":["Poisoned Stab","Sucker Punch"],"picked":"Masterful Stab","floor":8},{"not_picked":["Dodge and Roll","Sucker Punch","Heel Hook"],"picked":"SKIP","floor":10},{"not_picked":["PiercingWail","Prepared"],"picked":"Blade Dance","floor":11},{"not_picked":["Crippling Poison","Heel Hook","Flying Knee"],"picked":"SKIP","floor":12},{"not_picked":["Quick Slash","Deadly Poison"],"picked":"Cloak And Dagger","floor":14},{"not_picked":["Unload","Corpse Explosion"],"picked":"A Thousand Cuts","floor":16},{"not_picked":["Quick Slash","Slice"],"picked":"Cloak And Dagger+1","floor":18},{"not_picked":["Quick Slash+1","Blur"],"picked":"Prepared","floor":22},{"not_picked":["Catalyst","Acrobatics+1","Deadly Poison+1"],"picked":"SKIP","floor":22},{"not_picked":["Quick Slash","Masterful Stab"],"picked":"After Image","floor":23},{"not_picked":["Flying Knee","Quick Slash"],"picked":"Adrenaline","floor":25},{"not_picked":["Deadly Poison","Distraction"],"picked":"Terror","floor":27},{"not_picked":["PiercingWail","Poisoned Stab"],"picked":"Prepared","floor":29},{"not_picked":["Riddle With Holes","Blur","Crippling Poison"],"picked":"SKIP","floor":29},{"not_picked":["Bane+1","PiercingWail","Endless Agony"],"picked":"SKIP","floor":30},{"not_picked":["Heel Hook","Poisoned Stab+1"],"picked":"Blade Dance","floor":35},{"not_picked":["Backstab","Flechettes","PiercingWail+1"],"picked":"SKIP","floor":35},{"not_picked":["Tactician+1","Outmaneuver+1"],"picked":"Cloak And Dagger+1","floor":36},{"not_picked":["Doppelganger","Poisoned Stab+1","Bane"],"picked":"SKIP","floor":36},{"not_picked":["Deadly Poison","Caltrops+1"],"picked":"Prepared+1","floor":37},{"not_picked":["Choke","Dagger Throw+1","PiercingWail"],"picked":"SKIP","floor":37},{"not_picked":["Underhanded Strike","PiercingWail+1"],"picked":"Tactician","floor":39},{"not_picked":["PiercingWail+1","Corpse Explosion","Cloak And Dagger"],"picked":"SKIP","floor":39},{"not_picked":["Sucker Punch","Cloak And Dagger"],"picked":"Calculated Gamble+1","floor":40},{"not_picked":["Flying Knee","Escape Plan+1"],"picked":"Blade Dance","floor":41},{"not_picked":["Outmaneuver+1","Eviscerate+1","Dagger Spray"],"picked":"SKIP","floor":41},{"not_picked":["Prepared","Poisoned Stab"],"picked":"After Image","floor":42},{"not_picked":["After Image","Eviscerate"],"picked":"Cloak And Dagger+1","floor":46},{"not_picked":["Caltrops","Acrobatics+1","Slice"],"picked":"SKIP","floor":46},{"not_picked":["Flying Knee+1","Masterful Stab","Sucker Punch+1"],"picked":"SKIP","floor":47},{"not_picked":["PiercingWail","Dagger Spray"],"picked":"Terror+1","floor":48},{"not_picked":["Caltrops+1","Dagger Throw","Dash"],"picked":"SKIP","floor":48}],"player_experience":44807,"relics_obtained":[{"floor":7,"key":"Tiny Chest"},{"floor":9,"key":"Shuriken"},{"floor":10,"key":"Orichalcum"},{"floor":12,"key":"CaptainsWheel"},{"floor":23,"key":"Whetstone"},{"floor":25,"key":"Shovel"},{"floor":26,"key":"HornCleat"},{"floor":27,"key":"Art of War"},{"floor":30,"key":"Bronze Scales"},{"floor":31,"key":"Pear"},{"floor":40,"key":"Regal Pillow"},{"floor":42,"key":"Nunchaku"},{"floor":43,"key":"Meat on the Bone"},{"floor":47,"key":"Tough Bandages"}],"event_choices":[{"damage_healed":0,"gold_gain":0,"player_choice":"Donut","damage_taken":0,"max_hp_gain":5,"max_hp_loss":0,"event_name":"Big Fish","floor":3,"gold_loss":0},{"damage_healed":0,"gold_gain":0,"player_choice":"Success","damage_taken":3,"relics_obtained":["Gremlin Horn"],"max_hp_gain":0,"max_hp_loss":0,"event_name":"Scrap Ooze","floor":13,"gold_loss":0},{"damage_healed":0,"gold_gain":0,"player_choice":"Inject Mutagens","damage_taken":0,"relics_obtained":["MutagenicStrength"],"max_hp_gain":0,"max_hp_loss":0,"event_name":"Drug Dealer","floor":19,"gold_loss":0},{"damage_healed":0,"gold_gain":0,"player_choice":"Ignored","damage_taken":0,"max_hp_gain":0,"max_hp_loss":0,"event_name":"Ghosts","floor":20,"gold_loss":0},{"damage_healed":0,"gold_gain":0,"player_choice":"Bought 0 Potions","damage_taken":0,"max_hp_gain":0,"max_hp_loss":0,"event_name":"The Woman in Blue","floor":45,"gold_loss":0}],"is_beta":false,"boss_relics":[{"not_picked":["Fusion Hammer","Snecko Eye","Runic Dome"]},{"not_picked":["Coffee Dripper","Tiny House"],"picked":"Runic Pyramid"}],"items_purged_floors":[21,28,38],"is_endless":false,"potions_floor_spawned":[1,2,4,12,14,22,23,27,33,36,37,41,46,47,48],"ascension_level":2}}