{"host":"raaimkojny05jekw","time":1613566934,"event":{"mods":["AchievementEnabler","BaseMod","Colored Map","Colored Powertips","DeckTracker","Minty Spire (QoL Compilation)","Quick Restart","Rare Cards Sparkle","everything is the same but u backflip on backflip"],"gold_per_floor":[109,109,31,41,17,46,46,81,81,96,108,118,134,154,154,256,256,267,178,35,35,48,10,23,23,23,43,43,60,60,73,73,175,175,190,205,255,34,46,73,73,73,97,3,58,93,93,104,104,104],"floor_reached":51,"language":"KOR","playtime":1855,"items_purged":["Injury"],"score":1341,"play_id":"6e86fb85-ac9a-417c-8ac1-c5c18dcd573e","local_time":"20210217220214","is_ascension_mode":true,"campfire_choices":[{"data":"Immolate","floor":7,"key":"SMITH"},{"data":"Bash","floor":15,"key":"SMITH"},{"floor":25,"key":"REST"},{"data":"Berserk","floor":28,"key":"SMITH"},{"data":"Rupture","floor":32,"key":"SMITH"},{"data":"Brutality","floor":41,"key":"SMITH"},{"data":"Battle Trance","floor":42,"key":"SMITH"},{"floor":47,"key":"REST"},{"data":"Mayhem","floor":49,"key":"SMITH"}],"circlet_count":0,"master_deck":["AscendersBane","Strike_R+1","Strike_R","Strike_R","Strike_R","Strike_R","Defend_R+1","Defend_R","Defend_R","Defend_R","Bash+1","Metallicize","Rage","Shrug It Off","Immolate+1","Brutality+1","Iron Wave+1","Battle Trance+1","Flex","Berserk+1","Inflame","Panacea","Necronomicurse","Bloodletting","Rupture+1","Heavy Blade+1","Pommel Strike+1","Intimidate+1","Double Tap","CurseOfTheBell","Ghostly Armor+1","Armaments+1","Havoc+1","Disarm+1","Evolve+1","Parasite","Mayhem+1","Dark Embrace+1"],"relics":["Burning Blood","NeowsBlessing","Paper Frog","Darkstone Periapt","White Beast Statue","Cursed Key","Membership Card","Necronomicon","Meat on the Bone","Nloth\u0027s Gift","Calling Bell","Bag of Marbles","Singing Bowl","Dead Branch","WingedGreaves","Champion Belt","War Paint","Whetstone","Pocketwatch","Omamori"],"acts_visited":["Exordium","TheCity","TheBeyond"],"potions_floor_usage":[13,14,16,16,16,18,24,29,29,33,33,33,36,39,40,40,45,46,50,50,50],"damage_taken":[{"damage":0,"enemies":"Jaw Worm","floor":1,"turns":1},{"damage":0,"enemies":"Cultist","floor":4,"turns":1},{"damage":0,"enemies":"Gremlin Nob","floor":6,"turns":1},{"damage":8,"enemies":"3 Sentries","floor":8,"turns":4},{"damage":0,"enemies":"Small Slimes","floor":10,"turns":3},{"damage":2,"enemies":"3 Louse","floor":11,"turns":3},{"damage":10,"enemies":"Exordium Thugs","floor":12,"turns":5},{"damage":0,"enemies":"Blue Slaver","floor":13,"turns":1},{"damage":0,"enemies":"Exordium Wildlife","floor":14,"turns":2},{"damage":57,"enemies":"The Guardian","floor":16,"turns":10},{"damage":6,"enemies":"Shell Parasite","floor":18,"turns":4},{"damage":20,"enemies":"3 Byrds","floor":22,"turns":3},{"damage":41,"enemies":"Snake Plant","floor":24,"turns":3},{"damage":3,"enemies":"Centurion and Healer","floor":27,"turns":4},{"damage":14,"enemies":"Shelled Parasite and Fungi","floor":29,"turns":3},{"damage":2,"enemies":"Snecko","floor":31,"turns":3},{"damage":44,"enemies":"Champ","floor":33,"turns":5},{"damage":20,"enemies":"3 Shapes","floor":35,"turns":4},{"damage":12,"enemies":"Orb Walker","floor":36,"turns":4},{"damage":15,"enemies":"Mind Bloom Boss Battle","floor":37,"turns":6},{"damage":0,"enemies":"Sphere and 2 Shapes","floor":39,"turns":1},{"damage":15,"enemies":"Giant Head","floor":40,"turns":5},{"damage":7,"enemies":"2 Orb Walkers","floor":45,"turns":2},{"damage":61,"enemies":"Nemesis","floor":46,"turns":7},{"damage":16,"enemies":"Writhing Mass","floor":48,"turns":6},{"damage":39,"enemies":"Time Eater","floor":50,"turns":8}],"seed_played":"-1095895249652366305","potions_obtained":[{"floor":10,"key":"FearPotion"},{"floor":11,"key":"ColorlessPotion"},{"floor":12,"key":"LiquidMemories"},{"floor":13,"key":"DistilledChaos"},{"floor":14,"key":"SneckoOil"},{"floor":16,"key":"ColorlessPotion"},{"floor":18,"key":"SteroidPotion"},{"floor":22,"key":"Explosive Potion"},{"floor":24,"key":"LiquidBronze"},{"floor":27,"key":"DuplicationPotion"},{"floor":29,"key":"DuplicationPotion"},{"floor":31,"key":"ColorlessPotion"},{"floor":33,"key":"Strength Potion"},{"floor":35,"key":"LiquidMemories"},{"floor":36,"key":"BlessingOfTheForge"},{"floor":37,"key":"PowerPotion"},{"floor":39,"key":"BlessingOfTheForge"},{"floor":40,"key":"EssenceOfSteel"},{"floor":45,"key":"Energy Potion"},{"floor":46,"key":"HeartOfIron"},{"floor":48,"key":"FearPotion"}],"is_trial":false,"path_per_floor":["M","$","?","M","$","E","R","E","T","M","M","M","M","M","R","B",null,"M","$","$","?","M","$","M","R","T","M","R","M","?","M","R","B",null,"M","M","?","$","M","E","R","R","T","$","?","E","R","M","R","B",null],"character_chosen":"IRONCLAD","items_purchased":["Shrug It Off","Panacea","Membership Card","Rupture","Champion Belt","Disarm","Mayhem"],"campfire_rested":2,"item_purchase_floors":[5,19,20,23,38,38,44],"current_hp_per_floor":[78,78,78,80,80,80,80,78,78,80,80,76,80,80,80,29,67,69,69,69,59,47,47,14,39,45,62,62,56,56,60,60,34,84,70,64,67,67,75,66,66,66,72,72,71,30,62,66,66,45],"gold":104,"neow_bonus":"THREE_ENEMY_KILL","is_daily":false,"chose_seed":false,"campfire_upgraded":7,"win_rate":0.0,"timestamp":1613566934,"path_taken":["M","$","?","M","$","E","R","E","T","M","M","M","M","M","R","BOSS","M","?","$","?","M","$","M","R","T","M","R","M","?","M","R","BOSS","M","M","?","$","M","E","R","R","T","$","?","E","R","?","R","BOSS"],"items_purchased_type":["Card","Card","Relic","Card","Relic","Card","Card"],"build_version":"2020-12-22","purchased_purges":1,"victory":true,"max_hp_per_floor":[80,80,80,80,80,80,80,80,80,80,80,80,80,80,80,80,80,80,80,80,86,86,86,86,86,92,92,92,92,92,92,92,92,98,98,98,98,98,100,100,100,100,106,106,106,108,108,110,110,110],"card_choices":[{"not_picked":["Armaments","Cleave"],"picked":"Metallicize","floor":1},{"not_picked":["Second Wind","Heavy Blade"],"picked":"Rage","floor":4},{"not_picked":["Searing Blow","Infernal Blade"],"picked":"Immolate","floor":6},{"not_picked":["Heavy Blade","Clash","Feel No Pain"],"picked":"SKIP","floor":8},{"not_picked":["Havoc","Reckless Charge"],"picked":"Brutality","floor":10},{"not_picked":["Heavy Blade","Warcry"],"picked":"Iron Wave","floor":11},{"not_picked":["Ghostly Armor","Twin Strike"],"picked":"Battle Trance","floor":12},{"not_picked":["Thunderclap","Shrug It Off","Havoc"],"picked":"SKIP","floor":13},{"not_picked":["Thunderclap","Shrug It Off","Havoc"],"picked":"SKIP","floor":13},{"not_picked":["Reckless Charge","Thunderclap"],"picked":"Flex","floor":14},{"not_picked":["Exhume","Double Tap"],"picked":"Berserk","floor":16},{"not_picked":["Perfected Strike+1","Pommel Strike"],"picked":"Inflame","floor":18},{"not_picked":["Sentinel","Power Through"],"picked":"Bloodletting","floor":22},{"not_picked":["Rupture","Reckless Charge+1","Anger"],"picked":"SKIP","floor":24},{"not_picked":["Hemokinesis","Carnage"],"picked":"Heavy Blade+1","floor":27},{"not_picked":["Twin Strike","Warcry"],"picked":"Pommel Strike+1","floor":29},{"not_picked":["Twin Strike","Metallicize"],"picked":"Intimidate+1","floor":31},{"not_picked":["Berserk","Corruption"],"picked":"Double Tap","floor":33},{"not_picked":["Twin Strike","Iron Wave"],"picked":"Ghostly Armor+1","floor":35},{"not_picked":["Warcry","Searing Blow+1"],"picked":"Armaments+1","floor":36},{"not_picked":["Armaments+1","Shrug It Off"],"picked":"Havoc+1","floor":37},{"not_picked":["Power Through","Uppercut+1","Pummel+1"],"picked":"Singing Bowl","floor":39},{"not_picked":["Uppercut+1","Impervious"],"picked":"Evolve+1","floor":40},{"not_picked":["Reaper","Iron Wave+1"],"picked":"Dark Embrace+1","floor":45},{"not_picked":["Intimidate+1","Evolve+1","Fiend Fire"],"picked":"Singing Bowl","floor":46},{"not_picked":["Evolve","Sword Boomerang","Rupture+1"],"picked":"Singing Bowl","floor":48}],"player_experience":767265,"relics_obtained":[{"floor":6,"key":"Darkstone Periapt"},{"floor":8,"key":"Blood Vial"},{"floor":9,"key":"White Beast Statue"},{"floor":21,"key":"Necronomicon"},{"floor":26,"key":"Meat on the Bone"},{"floor":34,"key":"Bag of Marbles"},{"floor":34,"key":"Singing Bowl"},{"floor":34,"key":"Dead Branch"},{"floor":37,"key":"WingedGreaves"},{"floor":40,"key":"War Paint"},{"floor":43,"key":"Whetstone"},{"floor":45,"key":"Pocketwatch"},{"floor":46,"key":"Omamori"}],"event_choices":[{"damage_healed":0,"gold_gain":0,"player_choice":"Paid Gold","damage_taken":0,"relics_obtained":["Paper Frog"],"max_hp_gain":0,"max_hp_loss":0,"event_name":"WeMeetAgain","floor":3,"gold_loss":78},{"damage_healed":0,"gold_gain":0,"player_choice":"Obtained Book","damage_taken":16,"max_hp_gain":0,"max_hp_loss":0,"event_name":"Cursed Tome","floor":21,"gold_loss":0},{"damage_healed":0,"gold_gain":0,"player_choice":"Traded Relic","damage_taken":0,"relics_obtained":["Nloth\u0027s Gift"],"max_hp_gain":0,"max_hp_loss":0,"event_name":"N\u0027loth","floor":30,"relics_lost":["Blood Vial"],"gold_loss":0},{"damage_healed":0,"gold_gain":0,"player_choice":"Fight","damage_taken":0,"max_hp_gain":0,"max_hp_loss":0,"event_name":"MindBloom","floor":37,"gold_loss":0},{"damage_healed":0,"gold_gain":0,"player_choice":"Fight","damage_taken":0,"max_hp_gain":0,"max_hp_loss":0,"event_name":"Mysterious Sphere","floor":45,"gold_loss":0}],"is_beta":false,"boss_relics":[{"not_picked":["Black Star","Ectoplasm"],"picked":"Cursed Key"},{"not_picked":["Snecko Eye","Fusion Hammer"],"picked":"Calling Bell"}],"items_purged_floors":[38],"is_endless":false,"potions_floor_spawned":[10,11,12,13,14,16,18,22,24,27,29,31,33,35,36,37,39,40,45,46,48],"ascension_level":10}}