{"host":"f9ntswufr8mq3t4y","time":1613579799,"event":{"mods":["AchievementEnabler","BaseMod","Best Route Mod","Block Reminder","Colored Map","Colored Powertips","Curses Come First","DeckTracker","Displayed Cursed Tome","Highlight Path","Minty Spire (QoL Compilation)","Permanent Neow","Quick Restart","Slay-I","StSLib"],"gold_per_floor":[110,129,141,141,158,158,158],"floor_reached":6,"language":"ENG","playtime":369,"items_purged":[],"score":48,"play_id":"e48cc467-4a0e-4f41-8e50-dc644a6a8bf2","local_time":"20210217193639","is_ascension_mode":true,"campfire_choices":[],"circlet_count":0,"master_deck":["Strike_P","Strike_P","Defend_P","Defend_P","Defend_P","Eruption","Vigilance","BattleHymn","CarveReality","CarveReality","Vengeance","DeceiveReality"],"relics":["PureWater"],"acts_visited":["Exordium"],"potions_floor_usage":[6,6],"damage_taken":[{"damage":4,"enemies":"2 Louse","floor":1,"turns":3},{"damage":0,"enemies":"Cultist","floor":2,"turns":2},{"damage":10,"enemies":"Small Slimes","floor":3,"turns":2},{"damage":12,"enemies":"2 Fungi Beasts","floor":5,"turns":3},{"damage":30,"enemies":"3 Sentries","floor":6,"turns":2}],"seed_played":"-547928823365816491","potions_obtained":[{"floor":1,"key":"SkillPotion"},{"floor":3,"key":"Explosive Potion"}],"is_trial":false,"path_per_floor":["M","M","M","?","M","E"],"character_chosen":"WATCHER","items_purchased":[],"campfire_rested":0,"item_purchase_floors":[],"current_hp_per_floor":[47,47,37,37,25,0,0],"gold":158,"neow_bonus":"TRANSFORM_TWO_CARDS","is_daily":false,"chose_seed":false,"campfire_upgraded":0,"win_rate":0.0,"timestamp":1613579799,"path_taken":["M","M","M","?","?","E"],"items_purchased_type":[],"build_version":"2020-12-22","purchased_purges":0,"victory":false,"max_hp_per_floor":[72,72,72,72,72,72,72],"card_choices":[{"not_picked":["Wallop","EmptyBody"],"picked":"CarveReality","floor":1},{"not_picked":["FlyingSleeves","Prostrate"],"picked":"Vengeance","floor":2},{"not_picked":["Prostrate","PathToVictory","EmptyFist"],"picked":"SKIP","floor":3},{"not_picked":["WheelKick","JustLucky"],"picked":"DeceiveReality","floor":5}],"player_experience":450132,"relics_obtained":[],"event_choices":[{"cards_removed":["Strike_P"],"damage_healed":0,"gold_gain":0,"player_choice":"Offered Basic","damage_taken":0,"max_hp_gain":0,"max_hp_loss":0,"event_name":"Bonfire Elementals","floor":4,"gold_loss":0}],"is_beta":false,"boss_relics":[],"items_purged_floors":[],"is_endless":false,"potions_floor_spawned":[1,3],"killed_by":"3 Sentries","ascension_level":5}}