{"host":"acw864156wjp8gcv","time":1613572042,"event":{"mods":["2.2 Compatiblity","AchievementEnabler","Ascension Reborn","Aspiration","BaseMod","Beaked The Cultist","Better Altar","Better Match","Better Note","Better Sensory Stone","Better Silent Start","Better Skull","Better Third Choice","Better Vampires","BetterRewards","Challenge The Spire","Colored Map","Colored Powertips","Conspire","Curses Come First","Downfall","Energized Spire","GifTheSpireLib","Halation","Hubris","Infinite Spire","Ironclad Rager","Jedi Mod","Mimic Mod","Minty Spire (QoL Compilation)","Permanent Neow","Relic Sorter","Replay The Spire","Robot Space Explorer","Shop Mod","Spicy Shops","Spikes Relics","StSLib","Stuff the Spire","The Blue Laboratory","The Construct","The Jungle","The Marked","Wandering Minibosses","everything is the same but u backflip on backflip"],"gold_per_floor":[99,99,99,124,138,164,164,164,164,164,164,164,164,164,164,164,164,164,164,164,164,164,164,164],"floor_reached":25,"language":"ENG","playtime":193,"items_purged":[],"score":934,"play_id":"7d3f5825-0ab3-4444-abaf-6d015497fd2a","local_time":"20210217082722","is_ascension_mode":false,"campfire_choices":[{"floor":7,"key":"RECALL"},{"floor":15,"key":"REST"},{"floor":18,"key":"REST"},{"floor":21,"key":"REST"}],"circlet_count":0,"master_deck":["beaked:Strike_Y+1","beaked:Strike_Y+1","beaked:Strike_Y+1","beaked:Strike_Y+1","beaked:Strike_Y+1","beaked:Strike_Y+1","beaked:Defend_Y+1","beaked:Defend_Y+1","beaked:Defend_Y+1","beaked:Defend_Y+1","beaked:Ceremony+1","beaked:Ceremony+1","beaked:Ceremony+1"],"relics":["beaked:MendingPlumage","NeowsBlessing","SnailShell","energizedSpire:StickyHand"],"acts_visited":["Exordium","TheCity","TheEnding","TheEnding"],"potions_floor_usage":[],"damage_taken":[{"damage":0,"enemies":"Cultist","floor":1,"turns":1},{"damage":0,"enemies":"2 Louse","floor":3,"turns":1},{"damage":0,"enemies":"Jaw Worm","floor":5,"turns":1},{"damage":53,"enemies":"Gremlin Nob","floor":6,"turns":6},{"damage":0,"enemies":"Blue Slaver","floor":10,"turns":1},{"damage":0,"enemies":"3 Sentries","floor":11,"turns":1},{"damage":0,"enemies":"Exordium Thugs","floor":12,"turns":1},{"damage":0,"enemies":"Looter","floor":13,"turns":1},{"damage":0,"enemies":"Exordium Wildlife","floor":14,"turns":1},{"damage":0,"enemies":"Fading Forest","floor":16,"turns":1},{"damage":0,"enemies":"Shield and Spear","floor":23,"turns":1},{"damage":0,"enemies":"The Heart","floor":24,"turns":2}],"seed_played":"2625254122329039614","potions_obtained":[{"floor":6,"key":"Milkshake"}],"is_trial":false,"path_per_floor":["M","$","M","T","M","E","R","?","T","M","E","M","M","M","R","B",null,"R","$","E","R","$","E","B",null],"character_chosen":"BEAKED_THE_CULTIST","items_purchased":[],"campfire_rested":3,"item_purchase_floors":[],"current_hp_per_floor":[50,50,50,50,50,4,4,4,4,4,4,4,4,4,19,19,50,50,50,50,50,50,50,50],"gold":164,"neow_bonus":"THREE_ENEMY_KILL","is_daily":false,"chose_seed":false,"campfire_upgraded":0,"win_rate":0.0,"timestamp":1613572042,"path_taken":["M","$","?","?","M","E","R","?","T","M","E","M","M","?","R","BOSS","R","$","E","R","$","E","BOSS"],"items_purchased_type":[],"build_version":"2020-12-22","purchased_purges":0,"victory":true,"max_hp_per_floor":[50,50,50,50,50,50,50,50,50,50,50,50,50,50,50,50,50,50,50,50,50,50,50,50],"card_choices":[{"not_picked":["beaked:Brace","beaked:FeelMyPain","beaked:WarriorEssence"],"picked":"SKIP","floor":1},{"not_picked":["beaked:RitualOfBody","beaked:TuckingFeathers","beaked:BraceForImpact"],"picked":"SKIP","floor":3},{"not_picked":["beaked:BloodForTheGods","beaked:Tradeoff","beaked:BraceForImpact"],"picked":"SKIP","floor":5},{"not_picked":["beaked:SacrificialScars","beaked:Devastation","beaked:MimicHuntress"],"picked":"SKIP","floor":6},{"not_picked":["beaked:FeelMyPain","beaked:Overexert","beaked:Windmill"],"picked":"SKIP","floor":10},{"not_picked":["ReplayTheSpireMod:Wings of Steel","beaked:Windmill","beaked:Foresight"],"picked":"SKIP","floor":11},{"not_picked":["beaked:Redirect","beaked:MaddeningMurmurs","beaked:Pecker"],"picked":"SKIP","floor":12},{"not_picked":["beaked:DigDeep","beaked:SurvivalInstinct","beaked:Devastation"],"picked":"SKIP","floor":13},{"not_picked":["beaked:Brace","beaked:Tradeoff","beaked:Overpower"],"picked":"SKIP","floor":14},{"not_picked":["beaked:BraceForImpact+1","beaked:VigorBurst","beaked:RuinSticks"],"picked":"SKIP","floor":23}],"player_experience":167977,"relics_obtained":[{"floor":6,"key":"SnailShell"}],"event_choices":[{"damage_healed":0,"gold_gain":0,"player_choice":"Leave","damage_taken":0,"max_hp_gain":0,"max_hp_loss":0,"event_name":"The Cleric","floor":8,"gold_loss":0}],"is_beta":false,"boss_relics":[{"not_picked":["Busted Crown","infinitespire:Cupcake"],"picked":"energizedSpire:StickyHand"}],"items_purged_floors":[],"is_endless":false,"potions_floor_spawned":[3,6,10,13,16,23],"ascension_level":0}}