{"host":"ffqn1azj9urswy62","time":1613575517,"event":{"mods":["BaseMod","Better Third Choice","Conspire","Googly Eyes","Hubris","Minty Spire (QoL Compilation)","Replay The Spire","StSLib","Wandering Minibosses","slay the spire mod where everything is the same but ironclad has a cowboy hat"],"gold_per_floor":[110,35,47,71,71,71,104,52,52,52,52],"floor_reached":10,"language":"ENG","playtime":317,"items_purged":["Strike_B"],"score":76,"play_id":"79e732db-316a-4c07-ae96-e44c1a9b84d5","local_time":"20210217102517","is_ascension_mode":true,"campfire_choices":[{"data":"ReplayTheSpireMod:Calculation Training","floor":6,"key":"SMITH"}],"circlet_count":0,"master_deck":["Strike_B","Strike_B","Strike_B","Defend_B","Defend_B","Defend_B","Zap","Dualcast","ReplayTheSpireMod:Calculation Training+1","Gash","Coolheaded","Auto Shields","Gash"],"relics":["Nuclear Battery","DataDisk","Carrot"],"acts_visited":["Exordium"],"potions_floor_usage":[10],"damage_taken":[{"damage":6,"enemies":"Cultist","floor":1,"turns":4},{"damage":13,"enemies":"Jaw Worm","floor":3,"turns":4},{"damage":2,"enemies":"2 Louse","floor":4,"turns":3},{"damage":49,"enemies":"Gremlin Nob","floor":7,"turns":5},{"damage":9,"enemies":"3 Sentries","floor":10,"turns":2}],"seed_played":"2591378381107476441","potions_obtained":[{"floor":4,"key":"Reflective Coating"},{"floor":7,"key":"SteroidPotion"}],"is_trial":false,"path_per_floor":["M","$","M","M","?","R","E","$","T","E"],"character_chosen":"DEFECT","items_purchased":["Gash"],"campfire_rested":0,"item_purchase_floors":[8],"current_hp_per_floor":[69,69,56,54,54,54,5,5,5,0,0],"gold":52,"neow_bonus":"BOSS_RELIC","is_daily":false,"chose_seed":false,"campfire_upgraded":1,"win_rate":0.0,"timestamp":1613575517,"path_taken":["M","$","?","?","?","R","E","$","T","E"],"items_purchased_type":["Card"],"build_version":"2020-12-22","purchased_purges":1,"victory":false,"max_hp_per_floor":[75,75,75,75,75,75,75,75,75,75,75],"card_choices":[{"not_picked":["Conserve Battery","BasicCrystalCard"],"picked":"ReplayTheSpireMod:Calculation Training","floor":1},{"not_picked":["Steam","Force Field"],"picked":"Gash","floor":3},{"not_picked":["Hologram","Steam"],"picked":"Coolheaded","floor":4},{"not_picked":["FIFO Queue","Rebound"],"picked":"Auto Shields","floor":7}],"player_experience":684824,"relics_obtained":[{"floor":7,"key":"DataDisk"},{"floor":9,"key":"Carrot"}],"event_choices":[{"cards_removed":["Defend_B"],"damage_healed":0,"gold_gain":0,"player_choice":"Forget","damage_taken":0,"max_hp_gain":0,"max_hp_loss":0,"event_name":"Living Wall","floor":5,"gold_loss":0}],"is_beta":false,"boss_relics":[],"items_purged_floors":[2],"is_endless":false,"potions_floor_spawned":[4,7],"killed_by":"3 Sentries","ascension_level":3}}