{"host":"i0avyit1s6jb1siw","time":1613586347,"event":{"mods":["BaseMod","DeckTracker","Dota2Spire","Highlight Path","Minty Spire (QoL Compilation)","Quick Restart","StSLib","SuperFastMode"],"gold_per_floor":[118,135,152,172,3,3,36,36,36,61,61,61,90,90,37,67,83,83,157,157,167,241,241,252,252,252,252,252,252,284,304,250,261,261,261],"floor_reached":34,"language":"ENG","playtime":661,"items_purged":[],"score":556,"play_id":"962edc6a-7bcd-4e41-b47c-44caeecea781","local_time":"20210217192547","is_ascension_mode":true,"campfire_choices":[{"data":"Perfected Strike","floor":6.0,"key":"SMITH"},{"data":"Battle Trance","floor":8.0,"key":"SMITH"},{"data":"True Grit","floor":12.0,"key":"SMITH"},{"data":"Bash","floor":14.0,"key":"SMITH"},{"data":"Feel No Pain","floor":18.0,"key":"SMITH"},{"floor":26,"key":"REST"}],"circlet_count":0,"master_deck":["AscendersBane","Strike_R","Strike_R","Defend_R+1","Defend_R+1","Bash+1","True Grit+1","Hemokinesis","Wild Strike","Perfected Strike+1","Battle Trance+1","Perfected Strike","Feel No Pain+1","Fiend Fire","Perfected Strike+1","Sentinel+1","Berserk+1","Power Through","Evolve","Armaments","Wild Strike"],"relics":["Burning Blood","Medical Kit","Tiny Chest","Lantern","Shuriken","Red Skull","Odd Mushroom","Astrolabe","Dota2Spire:MantaStyle","Meat on the Bone","War Paint","Eternal Feather"],"acts_visited":["Exordium","TheCity"],"potions_floor_usage":[19,19,30,34,34],"damage_taken":[{"damage":12.0,"enemies":"Jaw Worm","floor":1.0,"turns":5.0},{"damage":8.0,"enemies":"Cultist","floor":2.0,"turns":3.0},{"damage":6.0,"enemies":"Small Slimes","floor":3.0,"turns":3.0},{"damage":15.0,"enemies":"Looter","floor":4.0,"turns":3.0},{"damage":10.0,"enemies":"Gremlin Nob","floor":7.0,"turns":3.0},{"damage":23.0,"enemies":"Lagavulin","floor":13.0,"turns":6.0},{"damage":8.0,"enemies":"The Mushroom Lair","floor":16.0,"turns":3.0},{"damage":0.0,"enemies":"2 Fungi Beasts","floor":17.0,"turns":2.0},{"damage":27,"enemies":"Slime Boss","floor":19,"turns":8},{"damage":31,"enemies":"3 Byrds","floor":21,"turns":7},{"damage":28,"enemies":"Shell Parasite","floor":24,"turns":5},{"damage":25,"enemies":"Slavers","floor":30,"turns":8},{"damage":2,"enemies":"Centurion and Healer","floor":31,"turns":5},{"damage":35,"enemies":"Snake Plant","floor":33,"turns":4},{"damage":29,"enemies":"Book of Stabbing","floor":34,"turns":4}],"seed_played":"-3723816669133988004","potions_obtained":[{"floor":1.0,"key":"Fire Potion"},{"floor":2.0,"key":"Fire Potion"},{"floor":16.0,"key":"ElixirPotion"},{"floor":21,"key":"FearPotion"},{"floor":24,"key":"Swift Potion"},{"floor":30,"key":"LiquidMemories"}],"is_trial":false,"path_per_floor":["M","M","M","M","$","R","E","R","?","T","T","R","E","R","$","?","M","R","B",null,"M","T","?","M","T","R","?","T","T","E","M","$","M","E"],"character_chosen":"IRONCLAD","items_purchased":["Medical Kit","Perfected Strike","Wild Strike"],"campfire_rested":1,"item_purchase_floors":[5,15,32],"current_hp_per_floor":[62,60,60,51,51,51,47,47,47,47,47,47,30,30,30,28,34,34,13,60,35,35,35,13,13,35,35,35,35,28,44,44,27,0,0],"gold":261,"neow_bonus":"TRANSFORM_CARD","is_daily":false,"chose_seed":false,"campfire_upgraded":5,"win_rate":0.0,"timestamp":1613586347,"path_taken":["M","M","M","M","$","R","E","R","?","T","T","R","E","R","?","?","M","R","BOSS","M","?","?","M","?","R","?","?","T","E","M","$","M","E"],"items_purchased_type":["Relic","Card","Card"],"build_version":"2020-12-22","purchased_purges":0,"victory":false,"max_hp_per_floor":[75,75,75,75,75,75,75,75,75,75,75,75,75,75,75,75,75,75,75,75,75,75,75,75,75,75,75,75,75,75,75,75,75,75,75],"card_choices":[{"not_picked":["Combust","Power Through"],"picked":"Hemokinesis","floor":1.0},{"not_picked":["Headbutt","Clash","Metallicize"],"picked":"SKIP","floor":2.0},{"not_picked":["True Grit","Disarm"],"picked":"Wild Strike","floor":3.0},{"not_picked":["Warcry","Armaments"],"picked":"Perfected Strike","floor":4.0},{"not_picked":["Seeing Red","Hemokinesis"],"picked":"Battle Trance","floor":7.0},{"not_picked":["Cleave","Juggernaut","Spot Weakness"],"picked":"SKIP","floor":13.0},{"not_picked":["Havoc","Clothesline"],"picked":"Feel No Pain","floor":16.0},{"not_picked":["Sword Boomerang","Clash","Pummel"],"picked":"SKIP","floor":17.0},{"not_picked":["Feed","Offering"],"picked":"Fiend Fire","floor":19},{"not_picked":["Anger","Blood for Blood","Entrench"],"picked":"SKIP","floor":21},{"not_picked":["Iron Wave","Heavy Blade","Combust"],"picked":"SKIP","floor":24},{"not_picked":["Shockwave","Pommel Strike"],"picked":"Evolve","floor":30},{"not_picked":["Bloodletting","Exhume"],"picked":"Armaments","floor":31},{"not_picked":["Cleave","Blood for Blood+1","Iron Wave"],"picked":"SKIP","floor":33}],"player_experience":2452769,"relics_obtained":[{"floor":7.0,"key":"Tiny Chest"},{"floor":10.0,"key":"Lantern"},{"floor":11.0,"key":"Shuriken"},{"floor":13.0,"key":"Red Skull"},{"floor":16.0,"key":"Odd Mushroom"},{"floor":22,"key":"Dota2Spire:MantaStyle"},{"floor":25,"key":"Meat on the Bone"},{"floor":29,"key":"War Paint"},{"floor":30,"key":"Eternal Feather"}],"event_choices":[{"cards_removed":["Strike_R"],"damage_healed":0.0,"max_hp_gain":0.0,"max_hp_loss":0.0,"gold_gain":0.0,"event_name":"Bonfire Elementals","player_choice":"Offered Basic","floor":9.0,"gold_loss":0.0,"damage_taken":0.0},{"damage_healed":0.0,"max_hp_gain":0.0,"max_hp_loss":0.0,"gold_gain":0.0,"event_name":"Mushrooms","player_choice":"Fought Mushrooms","floor":16.0,"gold_loss":0.0,"damage_taken":0.0},{"damage_healed":0,"gold_gain":0,"player_choice":"Ignored","damage_taken":0,"max_hp_gain":0,"max_hp_loss":0,"event_name":"The Mausoleum","floor":23,"gold_loss":0},{"damage_healed":0,"gold_gain":0,"player_choice":"Read","damage_taken":0,"max_hp_gain":0,"max_hp_loss":0,"event_name":"The Library","floor":27,"gold_loss":0,"cards_obtained":["Power Through"]}],"is_beta":false,"boss_relics":[{"not_picked":["SacredBark","Busted Crown"],"picked":"Astrolabe"}],"items_purged_floors":[],"is_endless":false,"potions_floor_spawned":[1,2,4,16,21,24,30],"killed_by":"Book of Stabbing","ascension_level":20}}