{"host":"opdum64sdiqzxm7l","time":1613582593,"event":{"mods":["Act Like it!","Aspiration","BaseMod","Conspire","Friendly Minions","Hallownest","Jedi Mod","KomeijiMod","Minty Spire (QoL Compilation)","MostiFishMod","Pale of the Ancients","Reliquary","Replay The Spire","RumiaBox-露米娅的神秘盒子","StSLib","Waifu the Spire","【功能Mod】混沌之环修复补丁","【遗物卡牌】REMEMod"],"gold_per_floor":[176,189,189,189,189,220,238,273,273,273,293,320,320,331,331,432,432,450,461,461,480,494,522,522,522],"floor_reached":24,"language":"ZHS","playtime":1455,"items_purged":["Defend_Remirira","Strike_Remiria","BloodCollect","FitfulNightmare"],"score":451,"play_id":"69ffd2d8-abf6-42ae-8220-826d017e6ee9","local_time":"20210218012313","is_ascension_mode":true,"campfire_choices":[],"circlet_count":0,"master_deck":["Strike_Remiria","Strike_Remiria","Defend_Remirira","Absorbed","Scratch","LunaDial","CurseofVladTepes","REME_ProfessionalPlagiarism","DemonLordWalk","DemonLordWalk","Cripple","MillenniumVampire","BloodySuit","Impregnable","Poisoned Strike","Impatience","StigmaNizer","DoubleEdge+1","TricksterDevil","FateConcerto","CurseofVladTepes","ScarletDestiny","FastHealing","NightDance","Acrobatics","Quick Slash","Survivor","SeparateFleshBlood","DamonLordCradle_Remiria","BodyStrengthen","FierceSweep+1","Culling","REME_TwoStrings","REME_BuildACard","Crescendo","FateEnsemble","jedi:unlimitedpower","HagoromoMizu","WindmillStrike","MostiFishMod:Kaleido","FateMeister","Discovery","ThirstForBlood","MusuNoYume","RemiliaStalker","Septette","FastHealing","FateSonata","FierceSweep","conspire:Banana","jedi:RedIncense"],"relics":["ThirstyCrossSpe","REME_ComplimentaryCards","DaveBox","DiscerningMonocle","NeowsBlessing","SynthV","Oddly Smooth Stone","Bronze Scales","Hallownest:DreamNailRelic","Letter Opener","Omamori","BargainBundle","Tiny Chest","reliquary:SharkskinSheath","GodSword6","Pocketwatch","PrismaticShard","Mango","conspire:BottledYoYo","Busted Crown","conspire:InfiniteJournal","REME_CardOfGreed","Replay:WaspNest","Art of War","Potion Belt","MagicDraw3","Sundial","Cauldron"],"acts_visited":["Hallownest:Greenpath","Hallownest:CityofTears"],"potions_floor_usage":[16,16],"damage_taken":[{"damage":0,"enemies":"2_ Uuma","floor":1,"turns":1},{"damage":1,"enemies":"Hallownest:monsterHuskWarrior","floor":2,"turns":2},{"damage":0,"enemies":"Hallownest:eliteMossKnight","floor":6,"turns":1},{"damage":10,"enemies":"Hallownest:2_Baldur","floor":7,"turns":3},{"damage":11,"enemies":"Hallownest:eliteCrystalGuardian","floor":8,"turns":5},{"damage":7,"enemies":"Hallownest:monsterAspidMother","floor":11,"turns":8},{"damage":43,"enemies":"Hallownest:eliteMossKnight","floor":12,"turns":8},{"damage":56,"enemies":"Hallownest:Guard_and_Warrior","floor":14,"turns":5},{"damage":33,"enemies":"Hallownest:BossHornet","floor":16,"turns":5},{"damage":60,"enemies":"Hallownest:Flukemon_and_Top","floor":18,"turns":1},{"damage":23,"enemies":"Hallownest:Guard_and_Sentry","floor":19,"turns":5},{"damage":2,"enemies":"Hallownest:2_Husk_Sentries","floor":21,"turns":5},{"damage":4,"enemies":"Hallownest:3_Mistakes","floor":22,"turns":2},{"damage":9,"enemies":"Hallownest:eliteWatcherKnight","floor":23,"turns":8}],"seed_played":"-8035040420405488474","potions_obtained":[{"floor":1,"key":"FearPotion"},{"floor":12,"key":"jedi:StrikingPotion"},{"floor":16,"key":"Reflective Coating"},{"floor":18,"key":"Venom Potion"}],"is_trial":false,"path_per_floor":["M","M","$","?","$","E","M","E","T","?","M","E","$","M","R","B",null,"M","M","$","M","M","E","$"],"character_chosen":"RemiriaScarlet","items_purchased":["REME_ProfessionalPlagiarism","conspire:Banana","DemonLordWalk","Cripple","MillenniumVampire","BloodySuit","Impregnable","SynthV","Oddly Smooth Stone","Bronze Scales","Letter Opener","Omamori","BargainBundle","Poisoned Strike","Impatience","StigmaNizer","DoubleEdge+1","TricksterDevil","FateConcerto","CurseofVladTepes","BlessingOfTheForge","Swift Potion","PrismaticShard","Mango","FitfulNightmare","BodyStrengthen","BloodCollect","FierceSweep+1","Culling","REME_TwoStrings","REME_BuildACard","conspire:BottledYoYo","Death Potion","Flashbang","conspire:InfiniteJournal","REME_CardOfGreed","Replay:WaspNest","MostiFishMod:Kaleido","FateMeister","Discovery","ThirstForBlood","MagicDraw3","Sundial","Cauldron","RemiliaStalker","Septette","FastHealing","FateSonata","FierceSweep","conspire:Banana","jedi:RedIncense"],"campfire_rested":0,"item_purchase_floors":[3,3,3,3,3,3,3,3,3,3,5,5,5,5,5,5,5,5,5,5,5,5,13,13,13,13,13,13,13,13,13,13,13,13,20,20,20,20,20,20,20,24,24,24,24,24,24,24,24,24,24],"current_hp_per_floor":[100,99,99,99,99,99,95,100,100,100,97,67,81,44,44,40,115,55,48,48,50,49,49,49,49],"gold":522,"neow_bonus":"THREE_ENEMY_KILL","is_daily":false,"chose_seed":false,"campfire_upgraded":0,"win_rate":0.0,"timestamp":1613582593,"path_taken":["M","M","$","?","$","E","M","E","T","?","M","E","$","M","R","BOSS","M","M","$","M","M","E","$"],"items_purchased_type":["Card","Card","Card","Card","Card","Card","Card","Relic","Relic","Relic","Relic","Relic","Relic","Card","Card","Card","Card","Card","Card","Card","Potion","Potion","Relic","Relic","Card","Card","Card","Card","Card","Card","Card","Relic","Potion","Potion","Relic","Relic","Relic","Card","Card","Card","Card","Relic","Relic","Relic","Card","Card","Card","Card","Card","Card","Card"],"build_version":"2020-12-22","purchased_purges":4,"victory":false,"max_hp_per_floor":[100,100,100,100,100,100,100,101,101,101,101,101,115,115,115,115,115,115,115,115,115,115,115,115,115],"card_choices":[{"not_picked":["FastHealing","BloodCollect","Warpath"],"picked":"SKIP","floor":1},{"not_picked":["Cripple","TricksterDevil"],"picked":"CurseofVladTepes","floor":2},{"not_picked":["Paradox","Tepes"],"picked":"ScarletDestiny","floor":6},{"not_picked":["BloodySuit","PartStrengthen"],"picked":"FastHealing","floor":7},{"not_picked":["DemonsDinnerFork_Remiria","BloodySuit"],"picked":"NightDance","floor":8},{"not_picked":["FierceSweep","FastHealing"],"picked":"SeparateFleshBlood","floor":11},{"not_picked":["BloodCollect","ScarletNetherworld"],"picked":"DamonLordCradle_Remiria","floor":12},{"not_picked":["MusuNoYume","Combust"],"picked":"Crescendo","floor":14},{"not_picked":["MostiFishMod:ForestofLight","Sadistic Nature"],"picked":"jedi:unlimitedpower","floor":16},{"not_picked":[],"picked":"HagoromoMizu","floor":18},{"not_picked":[],"picked":"WindmillStrike","floor":19},{"not_picked":["ThePrice","Prepared"],"picked":"SKIP","floor":21},{"not_picked":[],"picked":"MusuNoYume","floor":22},{"not_picked":["MostiFishMod:Nomercy"],"picked":"SKIP","floor":23}],"player_experience":8029,"relics_obtained":[{"floor":6,"key":"Tiny Chest"},{"floor":8,"key":"reliquary:SharkskinSheath"},{"floor":9,"key":"GodSword6"},{"floor":12,"key":"Pocketwatch"},{"floor":23,"key":"Potion Belt"}],"event_choices":[],"is_beta":false,"boss_relics":[{"not_picked":["HereWithMe","conspire:SeveredTorchhead"],"picked":"Busted Crown"}],"items_purged_floors":[3,5,13,20],"is_endless":false,"potions_floor_spawned":[1,8,11,12,16,18,19,21],"ascension_level":1}}