{"host":"pqs17sqrgflf4eqa","time":1613605758,"event":{"mods":["AchievementEnabler","BaseMod","Bestiary","Better Altar","Better Match","Better Skull","Block Reminder","Bossed Relics","Colored Map","Colored Powertips","Curses Come First","Dark Map","DeckTracker","Defective Defect","Displayed Cursed Tome","Emptier Cage","Googly Eyes","Highlight Path","Minty Spire (QoL Compilation)","Quick Restart","Slay-I","StSLib","SuperFastMode","Synergy Search","Thieving Mod","Transform Curses","everything is the same but u backflip on backflip","slay the spire mod where everything is the same but ironclad has a cowboy hat"],"gold_per_floor":[360,373,373,7,18,18,51,67,67,67,93,33,108,136,136,235,235,254,5,5,19,30,61,77,77,77],"floor_reached":25,"language":"ENG","playtime":513,"items_purged":["Strike_P"],"score":365,"play_id":"449419c9-e7e8-41db-b88f-0cbf766b6830","local_time":"20210217184918","is_ascension_mode":true,"campfire_choices":[{"data":"Eruption","floor":6.0,"key":"SMITH"},{"data":"Vigilance","floor":10.0,"key":"SMITH"},{"data":"Worship","floor":15.0,"key":"SMITH"}],"circlet_count":0,"master_deck":["Strike_P","Strike_P","Defend_P","Defend_P","Defend_P","Defend_P","Eruption+1","Vigilance+1","Worship+1","FollowUp","Worship","Brilliance","EmptyFist","Vengeance","Consecrate","BowlingBash","ClearTheMind","Ragnarok","ThirdEye","Ragnarok"],"relics":["PureWater","InkBottle","Bag of Marbles","Toy Ornithopter","TeardropLocket","Odd Mushroom","Membership Card","Eternal Feather","Coffee Dripper","Akabeko","Melange","MutagenicStrength","The Courier"],"acts_visited":["Exordium","TheCity"],"potions_floor_usage":[25],"damage_taken":[{"damage":19.0,"enemies":"Jaw Worm","floor":1.0,"turns":4.0},{"damage":2.0,"enemies":"Cultist","floor":2.0,"turns":3.0},{"damage":0.0,"enemies":"2 Louse","floor":5.0,"turns":2.0},{"damage":0.0,"enemies":"Gremlin Nob","floor":7.0,"turns":2.0},{"damage":0.0,"enemies":"2 Fungi Beasts","floor":8.0,"turns":2.0},{"damage":0.0,"enemies":"The Mushroom Lair","floor":11.0,"turns":2.0},{"damage":0.0,"enemies":"3 Sentries","floor":14.0,"turns":1.0},{"damage":34.0,"enemies":"The Guardian","floor":16.0,"turns":7.0},{"damage":6.0,"enemies":"3 Byrds","floor":18.0,"turns":4.0},{"damage":0.0,"enemies":"Spheric Guardian","floor":21.0,"turns":1.0},{"damage":12.0,"enemies":"Chosen and Byrds","floor":22.0,"turns":3.0},{"damage":24.0,"enemies":"Slavers","floor":23.0,"turns":2.0},{"damage":0.0,"enemies":"Shelled Parasite and Fungi","floor":24.0,"turns":2.0},{"damage":53,"enemies":"Book of Stabbing","floor":25,"turns":3}],"seed_played":"-4194281885637617008","potions_obtained":[{"floor":2.0,"key":"BlessingOfTheForge"},{"floor":7.0,"key":"Energy Potion"},{"floor":11.0,"key":"GamblersBrew"},{"floor":16.0,"key":"SteroidPotion"},{"floor":18.0,"key":"Explosive Potion"},{"floor":22.0,"key":"Explosive Potion"}],"is_trial":false,"path_per_floor":["M","M","?","$","M","R","E","M","T","R","?","$","?","E","R","B",null,"M","$","?","M","M","E","M","E"],"character_chosen":"WATCHER","items_purchased":["Worship","Brilliance","Bag of Marbles","ClearTheMind","LiquidMemories","Akabeko","Melange","DuplicationPotion","AttackPotion"],"campfire_rested":0,"item_purchase_floors":[4,4,4,12,12,19,19,19,19],"current_hp_per_floor":[28,26,26,26,26,26,26,26,26,26,31,31,20,30,39,10,57,56,56,56,56,49,35,35,0,0],"gold":77,"neow_bonus":"TWO_FIFTY_GOLD","is_daily":false,"chose_seed":false,"campfire_upgraded":3,"win_rate":0.0,"timestamp":1613605758,"path_taken":["M","M","?","$","?","R","E","?","T","R","?","$","?","E","R","BOSS","M","$","?","M","M","E","M","E"],"items_purchased_type":["Card","Card","Relic","Card","Potion","Relic","Relic","Potion","Potion"],"build_version":"2020-12-22","purchased_purges":1,"victory":false,"max_hp_per_floor":[72,72,72,72,72,72,72,72,72,72,72,72,72,72,72,72,72,72,72,72,72,72,72,72,72,72],"card_choices":[{"not_picked":["JustLucky","MentalFortress"],"picked":"Worship","floor":1.0},{"not_picked":["FlurryOfBlows","PathToVictory"],"picked":"FollowUp","floor":2.0},{"not_picked":["MentalFortress","FlurryOfBlows"],"picked":"EmptyFist","floor":5.0},{"not_picked":["Worship","CrushJoints"],"picked":"Vengeance","floor":7.0},{"not_picked":["Halt","MasterReality"],"picked":"Consecrate","floor":8.0},{"not_picked":["BattleHymn","Adaptation"],"picked":"BowlingBash","floor":11.0},{"not_picked":["Adaptation","Perseverance","Worship"],"picked":"SKIP","floor":14.0},{"not_picked":["Brilliance","ConjureBlade"],"picked":"Ragnarok","floor":16.0},{"not_picked":["Protect","LikeWater"],"picked":"ThirdEye","floor":18.0},{"not_picked":["SandsOfTime","TalkToTheHand","LikeWater"],"picked":"SKIP","floor":21.0},{"not_picked":["FlurryOfBlows","FollowUp","JustLucky"],"picked":"SKIP","floor":22.0},{"not_picked":["EmptyBody","EmptyFist+1","Pray"],"picked":"SKIP","floor":23.0},{"not_picked":["Halt","EmptyMind"],"picked":"Ragnarok","floor":24.0}],"player_experience":225926,"relics_obtained":[{"floor":7.0,"key":"Toy Ornithopter"},{"floor":9.0,"key":"TeardropLocket"},{"floor":11.0,"key":"Odd Mushroom"},{"floor":14.0,"key":"Eternal Feather"},{"floor":23.0,"key":"The Courier"}],"event_choices":[{"cards_removed":["Strike_P"],"damage_healed":0.0,"max_hp_gain":0.0,"max_hp_loss":0.0,"gold_gain":0.0,"event_name":"Bonfire Elementals","player_choice":"Offered Basic","floor":3.0,"gold_loss":0.0,"damage_taken":0.0},{"damage_healed":0.0,"max_hp_gain":0.0,"max_hp_loss":0.0,"gold_gain":0.0,"event_name":"Mushrooms","player_choice":"Fought Mushrooms","floor":11.0,"gold_loss":0.0,"damage_taken":0.0},{"damage_healed":0.0,"max_hp_gain":0.0,"max_hp_loss":0.0,"gold_gain":75.0,"event_name":"World of Goop","player_choice":"Gather Gold","floor":13.0,"gold_loss":0.0,"damage_taken":11.0},{"damage_healed":0.0,"max_hp_gain":0.0,"max_hp_loss":0.0,"gold_gain":0.0,"event_name":"Drug Dealer","player_choice":"Inject Mutagens","floor":20.0,"gold_loss":0.0,"damage_taken":0.0,"relics_obtained":["MutagenicStrength"]}],"is_beta":false,"boss_relics":[{"not_picked":["Velvet Choker","SlaversCollar"],"picked":"Coffee Dripper"}],"items_purged_floors":[19],"is_endless":false,"potions_floor_spawned":[2,7,11,16,18,22],"killed_by":"Book of Stabbing","ascension_level":6}}