{"host":"7oiwk103j2prpym5","time":1613581127,"event":{"mods":["BaseMod","BetterRewards","Colored Map","Colored Powertips","GifTheSpireLib","Infinite Spire","Minty Spire (QoL Compilation)","Permanent Neow","Relic Filter Mod","Reliquary","Remove Card Discount Mod","Replay The Spire","StSLib","Stuff the Spire","Weighted Paths"],"gold_per_floor":[119,194,206,221,23,57,57,87,87,102,134,134,134,145,145,249,249,262,262,276,286,361,361,388,388,388,348,367,386,166,185,185,282,282,300,313,313,313,313,313,388,421,434,434,434,444,463,478,478,315,315,315,315,315,70,96,96],"floor_reached":58,"language":"ENG","playtime":6550,"items_purged":["Strike_G","Defend_G","Strike_G","Defend_G","Strike_G","ReplayTheSpireMod:Splinters","Hallucinations","Defend_G","Writhe","Strike_G","Defend_G"],"score":1604,"play_id":"fdbba94b-ed8b-4522-83c8-23abba68b5ed","local_time":"20210217105847","is_ascension_mode":false,"campfire_choices":[{"floor":12,"key":"RECALL"},{"data":"ReplayTheSpireMod:Brewmster","floor":23,"key":"SMITH"},{"data":"Noxious Fumes","floor":32,"key":"SMITH"},{"data":"ReplayTheSpireMod:Chaos Vortex","floor":49,"key":"SMITH"},{"data":"Corpse Explosion","floor":51,"key":"SMITH"},{"data":"Crippling Poison","floor":54,"key":"SMITH"}],"circlet_count":0,"master_deck":["Strike_G","Defend_G","Survivor","Neutralize","Sucker Punch","Backflip","Dash","Hidden Blade","ReplayTheSpireMod:Brewmster+1","Fluid Movement+1","infinitespire:Oblivion+1","Skewer","Leg Sweep","Deadly Poison","Dagger Throw+1","Poisoned Stab+1","StuffTheSpire:ReptileScales+1","StuffTheSpire:BrimstoneBlast+1","Bouncing Flask","Noxious Fumes+1","Sadistic Nature","Crippling Poison+1","Apotheosis","Blind","Toxin Wave","Corpse Explosion+1","Deadly Poison","Dagger Spray","ReplayTheSpireMod:Chaos Vortex+1","StuffTheSpire:BrimstoneBlast","Dodge and Roll+1","Outmaneuver+1","Quick Slash+1","Sucker Punch+1"],"relics":["Ring of the Snake","Membership Card","Replay:Rubber Ducky","Lee\u0027s Waffle","reliquary:KillPill","Ornamental Fan","Mirror","Iron Hammer","reliquary:BallBearing","infinitespire:Cupcake","Boot","Bottled Tornado","TheAbacus","Black Star","ReplayTheSpireMod:ShopPack","Snake Skull","Snecko Eye","Chameleon Ring","Bronze Scales","Replay:Baseball","Replay:Mystery Machine","Gremlin Food","reliquary:Aerogel","Garlic","reliquary:TridentHead","The Specimen","StuffTheSpire:Experiment12"],"acts_visited":["Exordium","TheCity","TheBeyond","TheEnding"],"potions_floor_usage":[6,6,8,10,10,10,14,16,16,18,20,20,21,21,24,24,28,29,29,29,31,33,33,33,33,33,33,33,36,36,36,42,42,43,46,47,48,48,48,52,52,52,56,56,57,57,57,57,57,57],"damage_taken":[{"damage":2,"enemies":"Small Slimes","floor":1,"turns":4},{"damage":0,"enemies":"Jaw Worm","floor":3,"turns":3},{"damage":0,"enemies":"2 Louse","floor":4,"turns":3},{"damage":0,"enemies":"Lagavulin","floor":6,"turns":12},{"damage":3,"enemies":"3 Sentries","floor":8,"turns":11},{"damage":0,"enemies":"Red Slaver","floor":10,"turns":4},{"damage":0,"enemies":"Lagavulin","floor":11,"turns":7},{"damage":0,"enemies":"Exordium Wildlife","floor":14,"turns":4},{"damage":22,"enemies":"Hexaghost","floor":16,"turns":12},{"damage":3,"enemies":"Chosen","floor":18,"turns":3},{"damage":1,"enemies":"3 Byrds","floor":20,"turns":7},{"damage":12,"enemies":"Centurion and Healer","floor":21,"turns":7},{"damage":0,"enemies":"Slavers","floor":24,"turns":4},{"damage":0,"enemies":"Snake Plant","floor":28,"turns":4},{"damage":0,"enemies":"Sentry and Sphere","floor":29,"turns":4},{"damage":0,"enemies":"3 Cultists","floor":31,"turns":3},{"damage":0,"enemies":"Champ","floor":33,"turns":8},{"damage":6,"enemies":"Orb Walker","floor":35,"turns":3},{"damage":15,"enemies":"3 Darklings","floor":36,"turns":4},{"damage":7,"enemies":"Nemesis","floor":42,"turns":3},{"damage":0,"enemies":"Writhing Mass","floor":43,"turns":3},{"damage":0,"enemies":"Jaw Worm Horde","floor":46,"turns":2},{"damage":7,"enemies":"Spire Growth","floor":47,"turns":3},{"damage":0,"enemies":"Maw","floor":48,"turns":4},{"damage":28,"enemies":"Time Eater","floor":52,"turns":8},{"damage":21,"enemies":"Shield and Spear","floor":56,"turns":4},{"damage":64,"enemies":"The Heart","floor":57,"turns":7}],"seed_played":"4543173903020074497","potions_obtained":[{"floor":3,"key":"LiquidMemories"},{"floor":4,"key":"DuplicationPotion"},{"floor":11,"key":"Fire Potion"},{"floor":14,"key":"Elixir"},{"floor":22,"key":"BlessingOfTheForge"},{"floor":24,"key":"Block Potion"},{"floor":42,"key":"Adrenaline Potion"},{"floor":43,"key":"Milkshake"}],"is_trial":false,"path_per_floor":["M","?","M","M","$","E","?","E","T","M","E","R","T","M","R_BF","B",null,"M","?","M","M","?","R","E","AVR","T","?","M","M","$","M","R","B",null,"M","M","AVR","?","PTL","PTL","T","E","M","?","T","M","M","M","R","$","R","B",null,"R","$","E","B",null],"character_chosen":"THE_SILENT","items_purchased":["Membership Card","Replay:Rubber Ducky","Sucker Punch","Lee\u0027s Waffle","ReplayTheSpireMod:Brewmster","Fluid Movement+1","Noxious Fumes","Sadistic Nature","ReplayTheSpireMod:ShopPack","Crippling Poison","Gremlin Food","reliquary:Aerogel","Garlic","reliquary:TridentHead"],"campfire_rested":0,"item_purchase_floors":[0,0,0,5,5,5,30,30,30,30,50,50,55,55],"current_hp_per_floor":[61,50,50,50,77,77,77,74,74,74,74,74,74,74,74,52,77,74,74,73,61,61,61,75,75,75,75,75,75,75,75,75,75,77,71,56,56,75,75,75,75,68,68,68,68,68,61,61,61,61,61,33,77,77,77,56,34],"gold":96,"neow_bonus":"","is_daily":false,"chose_seed":false,"campfire_upgraded":5,"win_rate":0.0,"timestamp":1613581127,"path_taken":["M","?","M","M","$","E","?","E","T","M","E","R","?","M","R_BF","BOSS","M","?","M","M","?","R","E","AVR","T","?","?","M","$","M","R","BOSS","M","M","AVR","?","PTL","PTL","?","E","M","?","T","?","M","M","R","$","R","BOSS","R","$","E","BOSS"],"items_purchased_type":["Relic","Relic","Card","Relic","Card","Card","Card","Card","Relic","Card","Relic","Relic","Relic","Relic"],"build_version":"2020-12-22","purchased_purges":11,"victory":true,"max_hp_per_floor":[70,70,70,70,77,77,77,77,77,77,77,77,77,77,77,77,77,77,77,77,77,77,77,77,77,77,77,77,77,77,77,77,77,77,77,77,77,77,77,77,77,77,77,77,77,77,77,77,77,77,77,77,77,77,77,77,77],"card_choices":[{"not_picked":["Hidden Blade","Outmaneuver"],"picked":"Backflip","floor":1},{"not_picked":["Predator","Outmaneuver"],"picked":"Dash","floor":3},{"not_picked":["Dash","Bullet Time"],"picked":"Hidden Blade","floor":4},{"not_picked":["Prepared","ReplayTheSpireMod:From All Sides","Blur"],"picked":"SKIP","floor":6},{"not_picked":["infinitespire:TheBestDefense","infinitespire:FutureSight"],"picked":"infinitespire:Oblivion","floor":7},{"not_picked":["Setup","Tools of the Trade"],"picked":"Skewer","floor":8},{"not_picked":["Quick Slash","Acrobatics"],"picked":"Leg Sweep","floor":10},{"not_picked":["StuffTheSpire:Python","Underhanded Strike"],"picked":"Deadly Poison","floor":11},{"not_picked":["ReplayTheSpireMod:Scrap Shanks","StuffTheSpire:Shiver","Calculated Gamble"],"picked":"SKIP","floor":14},{"not_picked":["Prepared","StuffTheSpire:Fury"],"picked":"Dagger Throw+1","floor":18},{"not_picked":["StuffTheSpire:Injection+1","Calculated Gamble"],"picked":"Poisoned Stab+1","floor":20},{"not_picked":["Cloak And Dagger","Footwork+1","Deflect"],"picked":"SKIP","floor":21},{"not_picked":["Quick Slash+1","Blur"],"picked":"StuffTheSpire:ReptileScales+1","floor":22},{"not_picked":["Backflip","ReplayTheSpireMod:Shiv Toss"],"picked":"StuffTheSpire:BrimstoneBlast+1","floor":24},{"not_picked":["Sucker Punch","ReplayTheSpireMod:From All Sides"],"picked":"Bouncing Flask","floor":28},{"not_picked":["Underhanded Strike+1","StuffTheSpire:MirrorStance+1","Skewer"],"picked":"SKIP","floor":29},{"not_picked":["Crow Ritual","Chrysalis"],"picked":"Apotheosis","floor":30},{"not_picked":["Panacea","Finesse"],"picked":"Blind","floor":30},{"not_picked":["Slice","Hidden Blade"],"picked":"Toxin Wave","floor":31},{"not_picked":["A Thousand Cuts","Wraith Form v2"],"picked":"Corpse Explosion","floor":33},{"not_picked":["Dagger Spray+1","Acrobatics"],"picked":"Deadly Poison","floor":35},{"not_picked":["Outmaneuver","Glass Knife"],"picked":"Dagger Spray","floor":36},{"not_picked":["Backflip","Choke+1"],"picked":"StuffTheSpire:BrimstoneBlast","floor":42},{"not_picked":["Cloak And Dagger","Hidden Blade"],"picked":"Dodge and Roll+1","floor":43},{"not_picked":["Dodge and Roll","StuffTheSpire:Incursion+1"],"picked":"Outmaneuver+1","floor":46},{"not_picked":["Underhanded Strike+1","Infinite Blades+1"],"picked":"Quick Slash+1","floor":47},{"not_picked":["Cloak And Dagger","PiercingWail"],"picked":"Sucker Punch+1","floor":48},{"not_picked":["Acrobatics","Underhanded Strike","StuffTheSpire:BumpUp"],"picked":"SKIP","floor":56}],"player_experience":886058,"relics_obtained":[{"floor":6,"key":"reliquary:KillPill"},{"floor":8,"key":"Ornamental Fan"},{"floor":9,"key":"Mirror"},{"floor":11,"key":"Iron Hammer"},{"floor":13,"key":"reliquary:BallBearing"},{"floor":22,"key":"Boot"},{"floor":24,"key":"Bottled Tornado"},{"floor":41,"key":"Chameleon Ring"},{"floor":42,"key":"Bronze Scales"},{"floor":42,"key":"Replay:Baseball"},{"floor":45,"key":"Replay:Mystery Machine"},{"floor":56,"key":"The Specimen"},{"floor":56,"key":"StuffTheSpire:Experiment12"}],"event_choices":[{"damage_healed":0,"gold_gain":75,"player_choice":"Gather Gold","damage_taken":11,"max_hp_gain":0,"max_hp_loss":0,"event_name":"World of Goop","floor":2,"gold_loss":0},{"cards_removed":["Delirium"],"damage_healed":0,"gold_gain":0,"player_choice":"Elegance","damage_taken":0,"max_hp_gain":0,"max_hp_loss":0,"event_name":"Back to Basics","floor":19,"gold_loss":0},{"damage_healed":0,"gold_gain":0,"player_choice":"Upgrade","damage_taken":0,"max_hp_gain":0,"max_hp_loss":0,"event_name":"Designer","floor":27,"gold_loss":40,"cards_upgraded":["infinitespire:Oblivion"]},{"damage_healed":19,"gold_gain":0,"player_choice":"Writhe","damage_taken":0,"max_hp_gain":0,"max_hp_loss":0,"event_name":"Winding Halls","floor":38,"gold_loss":0,"cards_obtained":["Writhe"]},{"damage_healed":0,"gold_gain":0,"player_choice":"Ignored","damage_taken":0,"max_hp_gain":0,"max_hp_loss":0,"event_name":"SecretPortal","floor":44,"gold_loss":0}],"is_beta":false,"boss_relics":[{"not_picked":["Sozu","Replay:Wanted Poster"],"picked":"infinitespire:Cupcake"},{"not_picked":["reliquary:WritOfMandamus","Empty Cage","StuffTheSpire:RunicConfusion"]}],"items_purged_floors":[0,0,5,5,5,25,30,50,50,50,50],"is_endless":false,"potions_floor_spawned":[3,4,11,14,16,21,24,28,42,43,56],"ascension_level":0}}