{"host":"pqs17sqrgflf4eqa","time":1613600387,"event":{"mods":["AchievementEnabler","BaseMod","Bestiary","Better Altar","Better Match","Better Skull","Block Reminder","Bossed Relics","Colored Map","Colored Powertips","Curses Come First","Dark Map","DeckTracker","Defective Defect","Displayed Cursed Tome","Emptier Cage","Googly Eyes","Highlight Path","Minty Spire (QoL Compilation)","Quick Restart","Slay-I","StSLib","SuperFastMode","Synergy Search","Thieving Mod","Transform Curses","everything is the same but u backflip on backflip","slay the spire mod where everything is the same but ironclad has a cowboy hat"],"gold_per_floor":[110,130,55,71,71,100,100,125,125,139,139,158,170,180,180,281,281,299,148,148],"floor_reached":19,"language":"ENG","playtime":2004,"items_purged":["Parasite"],"score":300,"play_id":"0c16cea8-f807-4d21-8a21-61390b506144","local_time":"20210217171947","is_ascension_mode":true,"campfire_choices":[{"data":"Eruption","floor":7.0,"key":"SMITH"},{"data":"Indignation","floor":11.0,"key":"SMITH"},{"floor":15.0,"key":"REST"}],"circlet_count":0,"master_deck":["Strike_P","Strike_P","Strike_P","Strike_P","Defend_P","Defend_P","Defend_P","Defend_P","Eruption+1","Vigilance","Ragnarok","FlurryOfBlows","ForeignInfluence","TalkToTheHand","Perseverance","Indignation+1","ThirdEye","LikeWater","Worship","Wish","Tantrum+1"],"relics":["PureWater","Dead Branch","StoneCalendar","TungstenRod","Torii","VioletLotus","MealTicket"],"acts_visited":["Exordium","TheCity"],"potions_floor_usage":[18],"damage_taken":[{"damage":10.0,"enemies":"Cultist","floor":1.0,"turns":4.0},{"damage":7.0,"enemies":"Jaw Worm","floor":2.0,"turns":2.0},{"damage":0.0,"enemies":"2 Louse","floor":4.0,"turns":1.0},{"damage":19.0,"enemies":"3 Sentries","floor":6.0,"turns":6.0},{"damage":15.0,"enemies":"Lagavulin","floor":8.0,"turns":3.0},{"damage":0.0,"enemies":"Large Slime","floor":10.0,"turns":1.0},{"damage":0.0,"enemies":"Looter","floor":12.0,"turns":1.0},{"damage":0.0,"enemies":"Gremlin Gang","floor":13.0,"turns":7.0},{"damage":20.0,"enemies":"Large Slime","floor":14.0,"turns":5.0},{"damage":0.0,"enemies":"Slime Boss","floor":16.0,"turns":5.0},{"damage":45,"enemies":"Spheric Guardian","floor":18,"turns":7}],"seed_played":"-8566275198019253010","potions_obtained":[{"floor":1.0,"key":"Strength Potion"},{"floor":4.0,"key":"Regen Potion"},{"floor":6.0,"key":"Regen Potion"},{"floor":13.0,"key":"Energy Potion"},{"floor":18,"key":"Dexterity Potion"}],"is_trial":false,"path_per_floor":["M","M","$","M","?","E","R","E","T","M","R","M","M","M","R","B",null,"M","$"],"character_chosen":"WATCHER","items_purchased":["MealTicket"],"campfire_rested":1,"item_purchase_floors":[19],"current_hp_per_floor":[55,48,48,48,48,44,44,34,34,34,34,34,34,14,34,34,60,15,0,0],"gold":148,"neow_bonus":"THREE_RARE_CARDS","is_daily":false,"chose_seed":false,"campfire_upgraded":2,"win_rate":0.0,"timestamp":1613600387,"path_taken":["M","M","$","?","?","E","R","E","T","M","R","M","M","M","R","BOSS","M","$"],"items_purchased_type":["Relic"],"build_version":"2020-12-22","purchased_purges":1,"victory":false,"max_hp_per_floor":[72,72,69,69,69,69,69,69,69,69,69,69,69,69,69,69,69,69,69,69],"card_choices":[{"not_picked":["Establishment","DevaForm"],"picked":"Ragnarok","floor":0.0},{"not_picked":["Weave","Evaluate"],"picked":"FlurryOfBlows","floor":1.0},{"not_picked":["SashWhip","Swivel"],"picked":"ForeignInfluence","floor":2.0},{"not_picked":["ForeignInfluence","Prostrate"],"picked":"TalkToTheHand","floor":4.0},{"not_picked":["FollowUp","EmptyBody","Omniscience"],"picked":"SKIP","floor":6.0},{"not_picked":["DeceiveReality","Establishment"],"picked":"Perseverance","floor":8.0},{"not_picked":["SashWhip","BowlingBash"],"picked":"Indignation","floor":10.0},{"not_picked":["FollowUp","TalkToTheHand"],"picked":"ThirdEye","floor":12.0},{"not_picked":["CrushJoints","ThirdEye"],"picked":"LikeWater","floor":13.0},{"not_picked":["BowlingBash","Crescendo"],"picked":"Worship","floor":14.0},{"not_picked":["Alpha","Blasphemy"],"picked":"Wish","floor":16.0},{"not_picked":["ThirdEye","WaveOfTheHand+1"],"picked":"Tantrum+1","floor":18}],"player_experience":225926,"relics_obtained":[{"floor":6.0,"key":"StoneCalendar"},{"floor":8.0,"key":"TungstenRod"},{"floor":9.0,"key":"Torii"}],"event_choices":[{"damage_healed":0.0,"max_hp_gain":0.0,"max_hp_loss":0.0,"gold_gain":0.0,"event_name":"Liars Game","player_choice":"Ignored","floor":5.0,"gold_loss":0.0,"damage_taken":0.0}],"is_beta":false,"boss_relics":[{"not_picked":["Runic Pyramid","Fusion Hammer"],"picked":"VioletLotus"}],"items_purged_floors":[3],"is_endless":false,"potions_floor_spawned":[1,4,6,13,18],"ascension_level":6}}