{"host":"a6ztjasp7lxlo10n","time":1613529895,"event":{"mods":["Act Like it!","BaseMod","Colored Map","Marisa£®ÏF”Í°°ƒß¿Ì…≥£©","Minty Spire (QoL Compilation)","Quick Restart","StSLib","SuperFastMode"],"gold_per_floor":[114,129,204,34,53,87,87,119,191,224,224,238,238,238,238,339,339,357,357,282,296,313,340,359,359,359,359,259,293,293,309,309,410,410,429,484,484,501,501,518,537,412,412,412,105,0,0,30,30,30],"floor_reached":51,"language":"ZHS","playtime":2271,"items_purged":["Strike_R","Strike_R","Defend_R","Defend_R"],"score":1162,"play_id":"95784af1-3824-4b80-977c-4758b0ad2dd3","local_time":"20210217104455","is_ascension_mode":true,"campfire_choices":[{"data":"Apotheosis","floor":11.0,"key":"SMITH"},{"floor":15.0,"key":"REST"},{"floor":25.0,"key":"REST"},{"data":"Strike_R","floor":32.0,"key":"PURGE"},{"data":"Defend_R","floor":44,"key":"PURGE"},{"floor":47,"key":"REST"},{"data":"Defend_R","floor":49,"key":"PURGE"}],"circlet_count":0,"master_deck":["Flame Barrier","Rupture","Apotheosis+1","Disarm+1","Pummel","Fiend Fire","Shrug It Off","Rampage","Whirlwind","Offering","Combust+1","True Grit+1","J.A.X.+1","Reaper","Second Wind","Sword Boomerang","Limit Break+1","Rage+1"],"relics":["Burning Blood","NeowsBlessing","Peace Pipe","Art of War","HornCleat","Bronze Scales","Fusion Hammer","Bottled Tornado","Letter Opener","Lantern","Philosopher\u0027s Stone","CatCart","Toxic Egg 2","Red Mask","War Paint"],"acts_visited":["Exordium","TheCity","TheBeyond"],"potions_floor_usage":[50],"damage_taken":[{"damage":0.0,"enemies":"Cultist","floor":1.0,"turns":1.0},{"damage":0.0,"enemies":"Jaw Worm","floor":2.0,"turns":1.0},{"damage":0.0,"enemies":"2 Louse","floor":5.0,"turns":1.0},{"damage":26.0,"enemies":"Gremlin Nob","floor":6.0,"turns":5.0},{"damage":36.0,"enemies":"3 Sentries","floor":8.0,"turns":12.0},{"damage":20.0,"enemies":"Lagavulin","floor":10.0,"turns":8.0},{"damage":18.0,"enemies":"Large Slime","floor":12.0,"turns":4.0},{"damage":8.0,"enemies":"Hexaghost","floor":16.0,"turns":10.0},{"damage":22.0,"enemies":"Spheric Guardian","floor":18.0,"turns":4.0},{"damage":6.0,"enemies":"Shell Parasite","floor":21.0,"turns":2.0},{"damage":11.0,"enemies":"Cultist and Chosen","floor":22.0,"turns":3.0},{"damage":30.0,"enemies":"Slavers","floor":23.0,"turns":4.0},{"damage":8.0,"enemies":"Chosen and Byrds","floor":24.0,"turns":4.0},{"damage":13.0,"enemies":"Book of Stabbing","floor":29.0,"turns":5.0},{"damage":9.0,"enemies":"Centurion and Healer","floor":31.0,"turns":2.0},{"damage":34.0,"enemies":"Champ","floor":33.0,"turns":8.0},{"damage":48.0,"enemies":"3 Darklings","floor":35.0,"turns":3.0},{"damage":48.0,"enemies":"Orin","floor":36.0,"turns":9.0},{"damage":20.0,"enemies":"Orb Walker","floor":38.0,"turns":5.0},{"damage":22.0,"enemies":"Maw","floor":40.0,"turns":6.0},{"damage":52.0,"enemies":"Sphere and 2 Shapes","floor":41.0,"turns":4.0},{"damage":32,"enemies":"Nemesis","floor":48,"turns":5},{"damage":25,"enemies":"Time Eater","floor":50,"turns":4}],"seed_played":"-5715362855833934527","potions_obtained":[{"floor":2.0,"key":"BlessingOfTheForge"},{"floor":6.0,"key":"BloodPotion"},{"floor":8.0,"key":"LiquidBronze"},{"floor":16.0,"key":"DuplicationPotion"},{"floor":18.0,"key":"LiquidMemories"},{"floor":23.0,"key":"BloodPotion"},{"floor":31.0,"key":"SteroidPotion"},{"floor":33.0,"key":"BlessingOfTheForge"},{"floor":36.0,"key":"SpeedPotion"},{"floor":41.0,"key":"BlessingOfTheForge"}],"is_trial":false,"path_per_floor":["M","M","?","$","M","E","?","E","T","E","R","M","?","?","R","B",null,"M","?","$","M","M","E","M","R","T","?","$","E","?","M","R","B",null,"M","?","?","M","?","M","M","$","T","R","$","?","R","E","R","B",null],"character_chosen":"IRONCLAD","items_purchased":["Apotheosis","Limit Break+1"],"campfire_rested":3,"item_purchase_floors":[4,45],"current_hp_per_floor":[78,80,69,69,75,55,55,41,41,27,27,15,20,13,38,36,73,57,57,57,57,52,28,26,51,51,51,51,44,44,41,41,30,71,65,28,28,28,28,47,23,23,23,23,23,23,48,35,35,40],"gold":30,"neow_bonus":"THREE_ENEMY_KILL","is_daily":false,"chose_seed":false,"campfire_upgraded":1,"win_rate":0.0,"timestamp":1613529895,"path_taken":["M","?","?","$","M","E","?","E","T","E","R","M","?","?","R","BOSS","M","?","?","M","?","E","M","R","T","?","$","E","?","M","R","BOSS","M","?","?","?","?","M","?","$","T","R","$","?","R","E","R","BOSS"],"items_purchased_type":["Card","Card"],"build_version":"2020-12-22","purchased_purges":4,"victory":true,"max_hp_per_floor":[80,80,80,80,80,80,80,80,80,80,80,80,85,85,85,85,85,85,85,85,85,85,85,85,85,85,85,85,85,85,85,85,85,85,85,85,85,85,85,85,85,85,85,85,85,85,85,85,85,85],"card_choices":[{"not_picked":["Cleave","Wild Strike"],"picked":"Flame Barrier","floor":1.0},{"not_picked":["Seeing Red","Burning Pact"],"picked":"Rupture","floor":2.0},{"not_picked":["Sword Boomerang","Wild Strike"],"picked":"Disarm","floor":5.0},{"not_picked":["Metallicize","Sever Soul"],"picked":"Pummel","floor":6.0},{"not_picked":["Thunderclap","Sword Boomerang"],"picked":"Shrug It Off","floor":8.0},{"not_picked":["Searing Blow","Iron Wave"],"picked":"Rampage","floor":10.0},{"not_picked":["Wild Strike","Infernal Blade"],"picked":"Whirlwind","floor":12.0},{"not_picked":["Barricade","Demon Form"],"picked":"Offering","floor":16.0},{"not_picked":["Shrug It Off","Uppercut"],"picked":"Combust+1","floor":18.0},{"not_picked":["Headbutt","Entrench","Thunderclap"],"picked":"SKIP","floor":21.0},{"not_picked":["Twin Strike","Cleave+1"],"picked":"True Grit","floor":22.0},{"not_picked":["Double Tap","Corruption","True Grit"],"picked":"SKIP","floor":23.0},{"not_picked":["Pommel Strike","Anger","Uppercut+1"],"picked":"SKIP","floor":24.0},{"not_picked":["Pummel+1","Shockwave","Flex+1"],"picked":"SKIP","floor":29.0},{"not_picked":["Body Slam","Wild Strike","True Grit"],"picked":"SKIP","floor":31.0},{"not_picked":["Immolate","Demon Form"],"picked":"Reaper","floor":33.0},{"not_picked":["Thunderclap","Spot Weakness+1"],"picked":"Second Wind","floor":35.0},{"not_picked":["Pommel Strike+1","Disarm+1","Anger"],"picked":"SKIP","floor":38.0},{"not_picked":["Wild Strike","Cleave+1"],"picked":"Sword Boomerang","floor":40.0},{"not_picked":["Shrug It Off","Armaments+1","Havoc+1"],"picked":"SKIP","floor":41.0},{"not_picked":["Sever Soul+1","Entrench+1"],"picked":"Rage+1","floor":48}],"player_experience":348169,"relics_obtained":[{"floor":6.0,"key":"Peace Pipe"},{"floor":8.0,"key":"Art of War"},{"floor":9.0,"key":"HornCleat"},{"floor":10.0,"key":"Bronze Scales"},{"floor":23.0,"key":"Bottled Tornado"},{"floor":26.0,"key":"Letter Opener"},{"floor":29.0,"key":"Lantern"},{"floor":36.0,"key":"CatCart"},{"floor":43,"key":"Toxic Egg 2"},{"floor":48,"key":"War Paint"}],"event_choices":[{"damage_healed":0.0,"max_hp_gain":0.0,"max_hp_loss":0.0,"gold_gain":75.0,"event_name":"World of Goop","player_choice":"Gather Gold","floor":3.0,"gold_loss":0.0,"damage_taken":11.0},{"damage_healed":0.0,"max_hp_gain":0.0,"max_hp_loss":0.0,"gold_gain":0.0,"cards_transformed":["Strike_R"],"event_name":"Living Wall","player_choice":"Change","floor":7.0,"gold_loss":0.0,"damage_taken":0.0,"cards_obtained":["Fiend Fire"]},{"damage_healed":0.0,"max_hp_gain":5.0,"max_hp_loss":0.0,"gold_gain":0.0,"event_name":"Big Fish","player_choice":"Donut","floor":13.0,"gold_loss":0.0,"damage_taken":0.0},{"cards_removed":["Strike_R"],"damage_healed":0.0,"max_hp_gain":0.0,"max_hp_loss":0.0,"gold_gain":0.0,"event_name":"Golden Wing","player_choice":"Card Removal","floor":14.0,"gold_loss":0.0,"damage_taken":7.0},{"damage_healed":0.0,"max_hp_gain":0.0,"max_hp_loss":0.0,"gold_gain":0.0,"event_name":"Match and Keep!","player_choice":"0 cards matched","floor":19.0,"gold_loss":0.0,"damage_taken":0.0,"cards_obtained":[]},{"damage_healed":0.0,"max_hp_gain":0.0,"max_hp_loss":0.0,"gold_gain":0.0,"event_name":"Drug Dealer","player_choice":"Obtain J.A.X.","floor":27.0,"gold_loss":0.0,"damage_taken":0.0,"cards_obtained":["J.A.X."]},{"damage_healed":0.0,"max_hp_gain":0.0,"max_hp_loss":0.0,"gold_gain":0.0,"event_name":"N\u0027loth","player_choice":"Ignored","floor":30.0,"gold_loss":0.0,"damage_taken":0.0},{"damage_healed":0.0,"max_hp_gain":0.0,"max_hp_loss":0.0,"gold_gain":0.0,"event_name":"OrinTheCat","player_choice":"Fight","floor":36.0,"gold_loss":0.0,"damage_taken":0.0},{"cards_removed":["Bash"],"damage_healed":0.0,"max_hp_gain":0.0,"max_hp_loss":0.0,"gold_gain":0.0,"event_name":"Bonfire Elementals","player_choice":"Offered Basic","floor":37.0,"gold_loss":0.0,"damage_taken":0.0},{"damage_healed":0.0,"max_hp_gain":0.0,"max_hp_loss":0.0,"gold_gain":0.0,"event_name":"Upgrade Shrine","player_choice":"Upgraded","floor":39.0,"gold_loss":0.0,"damage_taken":0.0,"cards_upgraded":["True Grit"]},{"damage_healed":0,"gold_gain":0,"player_choice":"Paid","damage_taken":0,"relics_obtained":["Red Mask"],"max_hp_gain":0,"max_hp_loss":0,"event_name":"Tomb of Lord Red Mask","floor":46,"gold_loss":105}],"is_beta":false,"boss_relics":[{"not_picked":["Runic Dome","Runic Pyramid"],"picked":"Fusion Hammer"},{"not_picked":["Busted Crown","Tiny House"],"picked":"Philosopher\u0027s Stone"}],"items_purged_floors":[20,28,42,45],"is_endless":false,"potions_floor_spawned":[2,6,8,16,18,23,24,31,33,36,41],"ascension_level":9}}