{"host":"17aj8307sanlevtk","time":1613520567,"event":{"mods":["BaseMod","Colored Map","Colored Powertips","Conspire","Infinite Spire","Lobotomy","Marked Mod","Minty Spire (QoL Compilation)","Relic Stats","Replay The Spire","StSLib"],"gold_per_floor":[113,129,129,169,184,184,184],"floor_reached":6,"language":"ENG","playtime":217,"items_purged":[],"score":38,"play_id":"d388c43c-7efa-4c17-b864-0244835fa9aa","local_time":"20210216180927","is_ascension_mode":true,"campfire_choices":[],"circlet_count":0,"master_deck":["Strike_P","Strike_P","Strike_P","Strike_P","Defend_P","Defend_P","Defend_P","Defend_P","Eruption","Vigilance","CherryBlossoms","Replay:DivineShield","VoidDream","WreathOfFlame","Replay:Hum","MarkedMod:OneThousandNeedles","LittleHelper"],"relics":["PureWater","CogitoBucket","conspire:DecoderRing"],"acts_visited":["Exordium"],"potions_floor_usage":[],"damage_taken":[{"damage":14.0,"enemies":"Small Slimes","floor":1.0,"turns":2.0},{"damage":0.0,"enemies":"2 Louse","floor":2.0,"turns":4.0},{"damage":14,"enemies":"conspire:RoseBush","floor":5,"turns":5},{"damage":26,"enemies":"Lagavulin","floor":6,"turns":5}],"seed_played":"-4463478758421345721","potions_obtained":[{"floor":1.0,"key":"DuplicationPotion"}],"is_trial":false,"path_per_floor":["M","M","?","?","M","E"],"character_chosen":"WATCHER","items_purchased":[],"campfire_rested":0,"item_purchase_floors":[],"current_hp_per_floor":[58,58,58,40,26,0,0],"gold":184,"neow_bonus":"","is_daily":false,"chose_seed":false,"campfire_upgraded":0,"win_rate":0.0,"timestamp":1613520567,"path_taken":["M","M","?","?","M","E"],"items_purchased_type":[],"build_version":"2020-12-22","purchased_purges":0,"victory":false,"max_hp_per_floor":[72,72,72,72,72,72,72],"relic_stats":{"counters":[4,16],"obtain_stats":[{"CogitoBucket":0,"conspire:DecoderRing":4,"PureWater":0},{"CogitoBucket":0,"conspire:DecoderRing":2,"PureWater":0},{"CogitoBucket":0,"conspire:DecoderRing":6,"PureWater":0}]},"card_choices":[{"not_picked":["MHz","HeroicMonk"],"picked":"CherryBlossoms","floor":1.0},{"not_picked":["Conclude","BattleHymn"],"picked":"Replay:DivineShield","floor":1.0},{"not_picked":["VoidDream","Scarecrow","Bloodbath"],"picked":"Singing Bowl","floor":2.0},{"not_picked":["OSAHOGD","OldLady"],"picked":"VoidDream","floor":2.0},{"not_picked":["MentalFortress","JustLucky"],"picked":"WreathOfFlame","floor":2.0},{"not_picked":["Replay:BluntJabs","Perseverance"],"picked":"Replay:Hum","floor":4},{"not_picked":["BowlingBash","Replay:BluntJabs"],"picked":"MarkedMod:OneThousandNeedles","floor":4},{"not_picked":["MeatLantern","MHz"],"picked":"LittleHelper","floor":5},{"not_picked":["BowlingBash","Replay:AtTheReady","MarkedMod:GentlePulse"],"picked":"SKIP","floor":5}],"player_experience":576250,"relics_obtained":[{"floor":4,"key":"conspire:DecoderRing"}],"event_choices":[],"is_beta":false,"boss_relics":[],"items_purged_floors":[],"is_endless":false,"potions_floor_spawned":[1],"killed_by":"Lagavulin","ascension_level":1}}