{"host":"kaame4qwxxqnygv7","time":1613550107,"event":{"mods":["AchievementEnabler","BaseMod","Better Match","Better Skull","Better Third Choice","BetterRewards","Block Reminder","Bossed Relics","DeckTracker","Energized Spire","GungeonMod","Minty Spire (QoL Compilation)","Quick Restart","Red Circlet Mod","StSLib","SuperFastMode","The Blue Laboratory"],"gold_per_floor":[119,40,40,56,21,47,47,71,71,71,17,55,205,218,218,295,295,311,331,381,393,442,473,492,417,417,417,433,457,471,487,508,508,508,579,579,599,599,652,678,35,67,67,67,67,0,15,46,46,61,61,61],"floor_reached":53,"language":"KOR","playtime":1945,"items_purged":["DemoMod:Strike_Huntress","DemoMod:Strike_Huntress"],"score":1184,"play_id":"738ff1a8-dc77-498e-ad59-25a65007f18b","local_time":"20210217172147","is_ascension_mode":true,"campfire_choices":[{"floor":7.0,"key":"REST"},{"data":"DemoMod:FinishedGun","floor":10.0,"key":"SMITH"},{"data":"DemoMod:CrossBow","floor":15.0,"key":"SMITH"},{"data":"DemoMod:Replace","floor":27.0,"key":"SMITH"},{"data":"DemoMod:PotionOfGunFriendShip","floor":33.0,"key":"SMITH"},{"data":"DemoMod:Behold!","floor":43,"key":"SMITH"},{"data":"DemoMod:Strike_Huntress","floor":51,"key":"PURGE"}],"circlet_count":0,"master_deck":["AscendersBane","DemoMod:Defend_Huntress","DemoMod:Defend_Huntress","DemoMod:Defend_Huntress","DemoMod:Defend_Huntress","DemoMod:Roll","DemoMod:ManualReload+1","DemoMod:RustySidearm","DemoMod:CrossBow+1","DemoMod:FinishedGun+1","DemoMod:Evolver","DemoMod:Eureka","DemoMod:ConditionalReflex+1","DemoMod:Replace+1","DemoMod:HardPowerCard","DemoMod:PotionOfGunFriendShip+1","DemoMod:HardPowerCard+1","DemoMod:Behold!+1"],"relics":["DemoMod:Dog","DemoMod:Relodestone","DemoMod:NanoMachines","FossilizedHelix","Tiny Chest","DemoMod:RiddleOfLead","Bag of Preparation","Incense Burner","DemoMod:RatBoots","DemoMod:ResourcefulSack","DemoMod:PartiallyEatenCheese","Busted Crown","Turnip","Akabeko","Potion Belt","Ginger","Ice Cream","Bottled Flame","Red Mask","Peace Pipe","Vajra"],"acts_visited":["Exordium","TheCity","DemoMod:Maze","TheBeyond"],"potions_floor_usage":[],"damage_taken":[{"damage":0.0,"enemies":"2 Louse","floor":1.0,"turns":4.0},{"damage":4.0,"enemies":"Jaw Worm","floor":4.0,"turns":6.0},{"damage":15.0,"enemies":"3 Sentries","floor":6.0,"turns":11.0},{"damage":0.0,"enemies":"Cultist","floor":8.0,"turns":2.0},{"damage":0.0,"enemies":"Lagavulin","floor":12.0,"turns":2.0},{"damage":0.0,"enemies":"Exordium Thugs","floor":14.0,"turns":3.0},{"damage":30.0,"enemies":"Hexaghost","floor":16.0,"turns":7.0},{"damage":0.0,"enemies":"Chosen","floor":18.0,"turns":3.0},{"damage":0.0,"enemies":"Shell Parasite","floor":19.0,"turns":3.0},{"damage":0.0,"enemies":"Shelled Parasite and Fungi","floor":21.0,"turns":2.0},{"damage":21.0,"enemies":"Gremlin Leader","floor":23.0,"turns":4.0},{"damage":0.0,"enemies":"Centurion and Healer","floor":24.0,"turns":3.0},{"damage":0.0,"enemies":"DemoMod:Red_and_blue_shotgun_kin","floor":28.0,"turns":1.0},{"damage":0.0,"enemies":"DemoMod:Veteran_shot_gun_kin_and_red_shotgun_kin","floor":29.0,"turns":3.0},{"damage":0.0,"enemies":"DemoMod:Red_and_blue_shotgun_kin_with_gunsinger","floor":30.0,"turns":3.0},{"damage":4.0,"enemies":"DemoMod:Veteran_shot_gun_kin_and_blue_shotgun_kin_with_gunsinger","floor":31.0,"turns":4.0},{"damage":0.0,"enemies":"DemoMod:2_Mousers","floor":32.0,"turns":13.0},{"damage":19,"enemies":"DemoMod:ResourcefulRat","floor":35,"turns":18},{"damage":0,"enemies":"Orb Walker","floor":37,"turns":2},{"damage":0,"enemies":"2 Orb Walkers","floor":39,"turns":3},{"damage":0,"enemies":"Reptomancer","floor":42,"turns":3},{"damage":0,"enemies":"3 Shapes","floor":47,"turns":2},{"damage":2,"enemies":"Nemesis","floor":48,"turns":5},{"damage":0,"enemies":"Maw","floor":50,"turns":6},{"damage":26,"enemies":"Donu and Deca","floor":52,"turns":11}],"seed_played":"-4835244111276305858","potions_obtained":[{"floor":4.0,"key":"BlessingOfTheForge"},{"floor":12.0,"key":"LiquidMemories"},{"floor":21.0,"key":"Regen Potion"},{"floor":23.0,"key":"SmokeBomb"},{"floor":30.0,"key":"DemoMod:LeadSkinPotion"},{"floor":50,"key":"EssenceOfSteel"}],"is_trial":false,"path_per_floor":["M","$","?","M","?","E","R","M","T","R","$","E","?","M","R","B",null,"M","M","?","M","T","E","M","$","T","R","M","M","M","M","M","R","B","B",null,"M","?","?","T","$","E","R","?","T","?","M","E","$","M","R","B",null],"character_chosen":"HUNTRESS","items_purchased":["DemoMod:GnawedKey","DemoMod:NanoMachines","DistilledChaos","Fire Potion","Potion Belt","Ginger","DemoMod:Purify"],"campfire_rested":1,"item_purchase_floors":[0,0,2,11,41,41,41],"current_hp_per_floor":[39,39,39,35,50,35,53,53,53,53,53,53,53,53,53,23,73,73,73,73,73,73,52,52,52,68,68,68,68,68,64,64,64,52,33,63,63,63,63,63,63,63,63,63,63,63,63,61,61,61,61,35],"gold":61,"neow_bonus":"","is_daily":false,"chose_seed":false,"campfire_upgraded":5,"win_rate":0.0,"timestamp":1613550107,"path_taken":["M","$","?","M","?","E","R","M","T","R","?","E","?","?","R","BOSS","M","M","?","M","?","E","?","$","T","R","M","M","M","M","M","R","BOSS","BOSS","M","?","?","?","$","E","R","?","T","?","?","E","$","M","R","BOSS"],"items_purchased_type":["Relic","Relic","Potion","Potion","Relic","Relic","Card"],"build_version":"2020-12-22","purchased_purges":2,"victory":true,"max_hp_per_floor":[63,63,63,63,63,63,63,63,63,63,63,63,63,63,63,63,73,73,73,73,73,73,73,73,73,73,73,73,73,73,73,73,73,73,73,73,73,73,73,73,73,73,73,73,73,73,73,73,73,73,73,73],"card_choices":[{"not_picked":["DemoMod:TeaPot","DemoMod:BattleInHaste","DemoMod:DoubleSwitch"],"picked":"SKIP","floor":1.0},{"not_picked":["DemoMod:StickyCrossBow","DemoMod:BoxingGlove"],"picked":"DemoMod:AWP","floor":4.0},{"not_picked":["DemoMod:Rummage","DemoMod:FortunesFavor"],"picked":"DemoMod:FinishedGun","floor":6.0},{"not_picked":["DemoMod:BattleInHaste","DemoMod:HungryBullets"],"picked":"DemoMod:Evolver","floor":8.0},{"not_picked":["DemoMod:MachoBrace","DemoMod:AbyssalTentacle","DemoMod:Casey"],"picked":"SKIP","floor":12.0},{"not_picked":["DemoMod:ChanceBullets","DemoMod:HuntsMan","DemoMod:Desperate"],"picked":"SKIP","floor":14.0},{"not_picked":["DemoMod:BSG","DemoMod:BlankBullets"],"picked":"DemoMod:Eureka","floor":16.0},{"not_picked":["DemoMod:DoubleSwitch","DemoMod:ShadowBullets","DemoMod:Unmoved+1"],"picked":"SKIP","floor":18.0},{"not_picked":["DemoMod:FeignSurrender","DemoMod:HardPowerCard"],"picked":"DemoMod:ConditionalReflex+1","floor":19.0},{"not_picked":["DemoMod:GunstockTap+1","DemoMod:Elimentaler"],"picked":"DemoMod:Replace","floor":21.0},{"not_picked":["DemoMod:ZorGun","DemoMod:ConditionalReflex"],"picked":"DemoMod:Purify","floor":23.0},{"not_picked":["DemoMod:PracticeMakesPerfect","DemoMod:ProbeStrike"],"picked":"DemoMod:HardPowerCard","floor":24.0},{"not_picked":["DemoMod:Polaris","DemoMod:SAA","DemoMod:ProbeStrike"],"picked":"SKIP","floor":28.0},{"not_picked":["DemoMod:TripleGun","DemoMod:FastSwitch+1"],"picked":"DemoMod:PotionOfGunFriendShip","floor":29.0},{"not_picked":["DemoMod:JK47","DemoMod:LifeOrb+1","DemoMod:TeaPot"],"picked":"SKIP","floor":30.0},{"not_picked":["DemoMod:SkilledReload","DemoMod:Ejector","DemoMod:MachoBrace"],"picked":"SKIP","floor":31.0},{"not_picked":["DemoMod:PotionOfGunFriendShip","DemoMod:Eureka"],"picked":"DemoMod:HardPowerCard+1","floor":32.0},{"not_picked":["DemoMod:BalloonGun","DemoMod:Elimentaler"],"picked":"DemoMod:Behold!","floor":35},{"not_picked":["DemoMod:HuntsMan"],"picked":"SKIP","floor":37},{"not_picked":["DemoMod:RadGun"],"picked":"SKIP","floor":42},{"not_picked":["DemoMod:ZorGun"],"picked":"SKIP","floor":47},{"not_picked":["DemoMod:Camera"],"picked":"SKIP","floor":48},{"not_picked":["DemoMod:StickyCrossBow+1"],"picked":"SKIP","floor":50}],"player_experience":305529,"relics_obtained":[{"floor":6.0,"key":"FossilizedHelix"},{"floor":12.0,"key":"Tiny Chest"},{"floor":22.0,"key":"Bag of Preparation"},{"floor":23.0,"key":"Incense Burner"},{"floor":36,"key":"DemoMod:RatBoots"},{"floor":36,"key":"DemoMod:ResourcefulSack"},{"floor":36,"key":"DemoMod:PartiallyEatenCheese"},{"floor":36,"key":"Busted Crown"},{"floor":39,"key":"Turnip"},{"floor":40,"key":"Akabeko"},{"floor":42,"key":"Ice Cream"},{"floor":45,"key":"Bottled Flame"},{"floor":47,"key":"Peace Pipe"},{"floor":48,"key":"Vajra"}],"event_choices":[{"damage_healed":0.0,"max_hp_gain":0.0,"max_hp_loss":0.0,"gold_gain":0.0,"event_name":"Living Wall","player_choice":"Grow","floor":3.0,"gold_loss":0.0,"damage_taken":0.0,"cards_upgraded":["DemoMod:ManualReload"]},{"damage_healed":15.0,"max_hp_gain":0.0,"max_hp_loss":0.0,"gold_gain":0.0,"event_name":"The Cleric","player_choice":"Healed","floor":5.0,"gold_loss":35.0,"damage_taken":0.0},{"damage_healed":0.0,"max_hp_gain":0.0,"max_hp_loss":0.0,"gold_gain":150.0,"event_name":"betterThird:BetterSerpent","player_choice":"AGREE","floor":13.0,"gold_loss":0.0,"damage_taken":55.0},{"damage_healed":0.0,"max_hp_gain":0.0,"max_hp_loss":0.0,"gold_gain":50.0,"event_name":"Golden Shrine","player_choice":"Pray","floor":20.0,"gold_loss":0.0,"damage_taken":0.0},{"damage_healed":0,"gold_gain":0,"player_choice":"Fight","damage_taken":0,"max_hp_gain":0,"max_hp_loss":0,"event_name":"Mysterious Sphere","floor":39,"gold_loss":0},{"damage_healed":0,"gold_gain":0,"player_choice":"Memory 1","damage_taken":0,"max_hp_gain":0,"max_hp_loss":0,"event_name":"SensoryStone","floor":44,"gold_loss":0},{"damage_healed":0,"gold_gain":0,"player_choice":"Paid","damage_taken":0,"relics_obtained":["Red Mask"],"max_hp_gain":0,"max_hp_loss":0,"event_name":"Tomb of Lord Red Mask","floor":46,"gold_loss":67}],"is_beta":false,"boss_relics":[{"not_picked":["Velvet Choker","Runic Pyramid"],"picked":"DemoMod:RiddleOfLead"},{"not_picked":[]}],"items_purged_floors":[25,41],"is_endless":false,"potions_floor_spawned":[4,12,21,23,24,30,31,32,35,39,47,50],"ascension_level":18}}