{"host":"fnndj664xgd3vavt","time":1613582361,"event":{"mods":["AchievementEnabler","BaseMod","Colored Powertips","DeckTracker","Downfall","Hermit","Highlight Path","Infinite Spire","Marisa????????","Minty Spire (QoL Compilation)","Quick Restart","Random Character Button","Replay The Spire","StSLib","The Cursed","The Servant 0.9.4"],"gold_per_floor":[0,175,194,194,212,247,247,82,93,93,193,204,204,215,225,330,330,330,350,550,563,581,611,685,685,704,704,704,734,734,759,771,771,771,771],"floor_reached":33,"language":"ENG","playtime":1961,"items_purged":["Doubt"],"score":322,"play_id":"39b6f50e-ca69-4f97-ba1b-5d28f6659e50","local_time":"20210217121921","is_ascension_mode":true,"campfire_choices":[{"floor":10,"key":"REST"},{"floor":13,"key":"REST"},{"floor":25,"key":"REST"},{"floor":28,"key":"REST"}],"circlet_count":0,"master_deck":["Guardian:Strike_Guardian","Guardian:Strike_Guardian","Guardian:Strike_Guardian","Guardian:Strike_Guardian","Guardian:Defend_Guardian","Guardian:Defend_Guardian","Guardian:Defend_Guardian+1","Guardian:Defend_Guardian","Guardian:CurlUp","Guardian:TwinSlam","Guardian:ShieldCharger","Guardian:TemporalStrike","Guardian:CrystalBeam","Guardian:ChargeCore","Guardian:Planning","Guardian:Suspension+1","Guardian:TimeSifter","Guardian:Gem_Orange","Guardian:ShieldCharger+1","Guardian:Gem_Purple","Guardian:PiercingHide+1","Guardian:Gem_Crimson","Guardian:TemporalShield","Necronomicurse","Guardian:Gem_Crimson","Guardian:Gem_Yellow","Guardian:Gem_Purple","Guardian:Gem_Orange","Guardian:Gem_Cyan","Guardian:FuturePlans","Guardian:BronzeArmor"],"relics":["Guardian:ModeShifter","CaptainsWheel","Replay:Mystery Machine","Guardian:PickAxe","Peace Pipe","Onion Ring","infinitespire:Cupcake","Snack Pack","White Beast Statue","Necronomicon","Guardian:SackOfGems","War Paint"],"acts_visited":["Exordium","TheCity"],"potions_floor_usage":[23,26,31,31,31,33],"damage_taken":[{"damage":3,"enemies":"Small Slimes","floor":3,"turns":5},{"damage":8,"enemies":"Small Slimes","floor":4,"turns":6},{"damage":5,"enemies":"2 Louse","floor":5,"turns":3},{"damage":24,"enemies":"3 Sentries","floor":6,"turns":11},{"damage":5,"enemies":"downfall:FleeingMerchant","floor":8,"turns":4},{"damage":0,"enemies":"Jaw Worm","floor":9,"turns":2},{"damage":0,"enemies":"Exordium Wildlife","floor":12,"turns":2},{"damage":1,"enemies":"2 Fungi Beasts","floor":14,"turns":2},{"damage":8,"enemies":"downfall:LooterAlt","floor":15,"turns":3},{"damage":8,"enemies":"IC_STATUS_ARCHETYPE","floor":16,"turns":7},{"damage":6,"enemies":"3 Byrds","floor":19,"turns":5},{"damage":0,"enemies":"Spheric Guardian","floor":21,"turns":5},{"damage":6,"enemies":"3 Cultists","floor":22,"turns":6},{"damage":47,"enemies":"Gremlin Leader","floor":23,"turns":16},{"damage":9,"enemies":"Centurion and Healer","floor":26,"turns":5},{"damage":14,"enemies":"Nightmare","floor":29,"turns":8},{"damage":40,"enemies":"Gremlin Leader","floor":31,"turns":9},{"damage":2,"enemies":"Snake Plant","floor":32,"turns":4},{"damage":25,"enemies":"DF_ARCHETYPE_CLAW","floor":33,"turns":9}],"seed_played":"-7908521946404886886","potions_obtained":[{"floor":6,"key":"Slimebound:ThreeZeroPotion"},{"floor":12,"key":"SkillPotion"},{"floor":14,"key":"Elixir"},{"floor":15,"key":"Explosive Potion"},{"floor":23,"key":"Energy Potion"},{"floor":26,"key":"Toxic Potion"},{"floor":31,"key":"Fruit Juice"},{"floor":32,"key":"sneckomod:MuddlingPotion"}],"is_trial":false,"path_per_floor":["R","?","M","?","M","E","T","$","M","R","?","M","R","M","M","B",null,"R","M","?","M","M","E","T","R","M","?","R","NM","?","E","M","B"],"character_chosen":"GUARDIAN","items_purchased":["Guardian:Gem_Crimson"],"campfire_rested":4,"item_purchase_floors":[8],"current_hp_per_floor":[77,77,74,48,43,19,19,14,14,38,38,38,62,61,53,45,80,80,74,74,74,68,21,21,45,44,28,52,48,48,17,15,0,0,0],"gold":771,"neow_bonus":"ONE_RARE_RELIC","is_daily":false,"chose_seed":false,"campfire_upgraded":0,"win_rate":0.0,"timestamp":1613582361,"path_taken":["R","?","M","?","M","E","T","?","?","R","?","M","R","M","M","BOSS","R","M","?","M","?","E","T","R","M","?","R","NM","?","E","M","BOSS"],"items_purchased_type":["Card"],"build_version":"2020-12-22","purchased_purges":1,"victory":false,"max_hp_per_floor":[80,80,80,80,80,80,80,80,80,80,80,80,80,80,80,80,80,80,80,80,80,80,80,80,80,80,80,80,80,80,85,85,85,85,85],"card_choices":[{"not_picked":["Guardian:Repulse","Guardian:RollAttack"],"picked":"Guardian:ShieldCharger","floor":3},{"not_picked":["Guardian:Harden","Guardian:ChargeCore"],"picked":"Guardian:TemporalStrike","floor":5},{"not_picked":["Guardian:RevengeProtocol","Guardian:PrimingBeam"],"picked":"Guardian:CrystalBeam","floor":6},{"not_picked":["Guardian:Harden","Guardian:Clone"],"picked":"Guardian:ChargeCore","floor":8},{"not_picked":["Guardian:ArmoredProtocol","Guardian:VentSteam"],"picked":"Guardian:Planning","floor":9},{"not_picked":["Guardian:PiercingHide","Guardian:PrimingBeam"],"picked":"Guardian:Suspension","floor":12},{"not_picked":["Guardian:StasisEngine","Guardian:Reroute"],"picked":"Guardian:Gem_Yellow","floor":14},{"not_picked":["Guardian:RollAttack","Guardian:ChargeCore","Guardian:Reroute"],"picked":"SKIP","floor":15},{"not_picked":["Guardian:GatlingBeam","Guardian:CompilePackage"],"picked":"Guardian:TimeSifter","floor":16},{"not_picked":["Guardian:Emergency","Guardian:RollAttack+1"],"picked":"Guardian:ShieldCharger+1","floor":19},{"not_picked":["Guardian:SpikerProtocol","Guardian:Gem_Lightblue"],"picked":"Guardian:Gem_Purple","floor":21},{"not_picked":["Guardian:Gem_Green","Guardian:Suspension"],"picked":"Guardian:PiercingHide+1","floor":22},{"not_picked":["Guardian:ShieldSpikes","Guardian:RollAttack"],"picked":"Guardian:Gem_Crimson","floor":23},{"not_picked":["Guardian:WalkerClaw","Guardian:Incinerate+1"],"picked":"Guardian:TemporalShield","floor":26},{"not_picked":["Guardian:ChargeCore","Guardian:BronzeOrb","Guardian:GatlingBeam"],"picked":"SKIP","floor":29},{"not_picked":["Guardian:Incinerate","Guardian:Harden"],"picked":"Guardian:FuturePlans","floor":31},{"not_picked":["Guardian:Planning","Guardian:TimeBomb"],"picked":"Guardian:BronzeArmor","floor":32}],"player_experience":333878,"relics_obtained":[{"floor":6,"key":"Peace Pipe"},{"floor":7,"key":"Onion Ring"},{"floor":23,"key":"Snack Pack"},{"floor":24,"key":"White Beast Statue"},{"floor":27,"key":"Necronomicon"},{"floor":29,"key":"Guardian:SackOfGems"},{"floor":31,"key":"War Paint"}],"event_choices":[{"damage_healed":0,"gold_gain":0,"player_choice":"Success","damage_taken":3,"relics_obtained":["Replay:Mystery Machine"],"max_hp_gain":0,"max_hp_loss":0,"event_name":"Scrap Ooze","floor":1,"gold_loss":0},{"damage_healed":0,"gold_gain":200,"player_choice":"Gold","damage_taken":0,"max_hp_gain":0,"max_hp_loss":0,"event_name":"Wheel of Change","floor":20,"gold_loss":0}],"is_beta":false,"boss_relics":[{"not_picked":["ChewingGum","Ring of Chaos"],"picked":"infinitespire:Cupcake"}],"items_purged_floors":[8],"is_endless":false,"potions_floor_spawned":[4,6,12,14,15,21,23,26,29,31,32],"killed_by":"DF_ARCHETYPE_CLAW","ascension_level":1}}