{"host":"rjfefv2ruvigm2gb","time":1613528588,"event":{"mods":["Act Like it!","AlwaysNeverKeys","BaseMod","Better Note","Better Third Choice","BetterRewards","Block Reminder","Bossed Relics","Colored Map","Colored Powertips","Conspire","Curses Come First","Displayed Cursed Tome","Downfall","Fox Events","GifTheSpireLib","Gold Saver","Googly Eyes","Highlight Path","Hubris","Ironclad Rager","Minty Spire (QoL Compilation)","Monster B Gone","Permanent Neow","Poor People Problems","Quick Restart","Relic Filter","Relic Stats","Reliquary","Replay The Spire","Retaliation","Ruina","Shop Mod","Small Relic Pack","StS++","StSLib","Stuff the Spire","SuperFastMode","The Blue Laboratory","Transform Curses","Uncapped","Virulent Crown"],"gold_per_floor":[691,708,708,708,242,358,358,486,351,366,498,513,513,629,647,748,748,748,767,291,311,326,335,358,358,358,358,370,370,370,490,509,606,606,606,407,407,407,407,511,511,643,643,655,555,555,569,584,601,601,601,723,570,570,572,572],"floor_reached":57,"language":"ENG","playtime":3972,"items_purged":["bronze:Strike","bronze:Defend","bronze:Strike","bronze:DelayedSlice","bronze:InfiniteBeams","Guardian:BronzeOrb"],"score":1594,"play_id":"0418ccd5-2ebd-41ae-90b3-095cab305d23","local_time":"20210216202308","is_ascension_mode":true,"campfire_choices":[{"data":"bronze:Strike","floor":1,"key":"PURGE"},{"floor":13,"key":"REST"},{"data":"bronze:ItsAFeature","floor":18,"key":"SMITH"},{"data":"bronze:BugBarrage","floor":30,"key":"SMITH"},{"data":"bronze:Virus","floor":35,"key":"SMITH"},{"floor":43,"key":"REST"},{"floor":46,"key":"REST"},{"floor":54,"key":"REST"}],"circlet_count":0,"master_deck":["bronze:Defend","bronze:Defend","bronze:Defend","bronze:Replicate","bronze:Goto","bronze:WildBeam","bronze:BronzeOrb","bronze:ItsAFeature+1","bronze:BugBarrage","bronze:BugBarrage+1","bronze:FindAndReplace","bronze:BuggyMess+1","bronze:BuggyMess+1","bronze:MaxOutput","bronze:BuggyMess","bronze:InfiniteBeams+1","bronze:Virus+1","bronze:ItsAFeature","expansioncontent:AwakenDeath","bronze:BugBarrage"],"relics":["bronze:BronzeCore","downfall:HeartBlessingGreen","downfall:HeartBlessingRed","downfall:HeartBlessingBlue","Bronze Scales","StuffTheSpire:TintedRock","StSpp:GiftCard","Mirror","Replay:Towering Pillar of Hats","BargainBundle","Calipers","reliquary:Stiletto","hubris:BottledRain","hubris:DisguiseKit","Sozu","Mummified Hand","Membership Card","MerchantsRug","reliquary:RosewoodLute","hubris:Towel","hubris:GlazedTorus","hubris:ScarierMask","sneckomod:BlankCard","relicPack:AllForOne","StuffTheSpire:ForceGauntlet","StSpp:SailingBoat","Omamori","conspire:Dentures","Replay:Rubber Ducky","Guardian:BottledAnomaly"],"acts_visited":["Exordium","Exordium","TheBeyond","TheEnding"],"potions_floor_usage":[6,16,56,56],"damage_taken":[{"damage":0,"enemies":"Jaw Worm","floor":2,"turns":3},{"damage":0,"enemies":"downfall:FleeingMerchant","floor":5,"turns":4},{"damage":2,"enemies":"Lagavulin","floor":6,"turns":6},{"damage":11,"enemies":"Replay:BlueRogue","floor":8,"turns":4},{"damage":0,"enemies":"downfall:FleeingMerchant","floor":9,"turns":4},{"damage":0,"enemies":"Small Slimes","floor":10,"turns":2},{"damage":16,"enemies":"Gremlin Nob","floor":11,"turns":3},{"damage":0,"enemies":"Cultist","floor":12,"turns":2},{"damage":0,"enemies":"3 Sentries","floor":14,"turns":4},{"damage":5,"enemies":"conspire:2 RoseBushes","floor":15,"turns":4},{"damage":10,"enemies":"IC_STATUS_ARCHETYPE","floor":16,"turns":3},{"damage":0,"enemies":"ruina:3_Bats","floor":19,"turns":3},{"damage":10,"enemies":"downfall:FleeingMerchant","floor":20,"turns":4},{"damage":4,"enemies":"ruina:Nosferatu","floor":21,"turns":2},{"damage":0,"enemies":"ruina:KingOfGreed","floor":22,"turns":4},{"damage":0,"enemies":"downfall:FleeingMerchant","floor":23,"turns":2},{"damage":1,"enemies":"ruina:KnightOfDespair","floor":28,"turns":3},{"damage":0,"enemies":"ruina:ServantOfWrath","floor":31,"turns":2},{"damage":3,"enemies":"ruina:3_Scarecrows","floor":32,"turns":3},{"damage":1,"enemies":"WA_ARCHETYPE_CALM","floor":33,"turns":4},{"damage":34,"enemies":"Reptomancer","floor":40,"turns":5},{"damage":34,"enemies":"R_Hoarder","floor":42,"turns":4},{"damage":0,"enemies":"Orb Walker","floor":44,"turns":2},{"damage":11,"enemies":"3 Darklings","floor":47,"turns":3},{"damage":0,"enemies":"Transient","floor":48,"turns":5},{"damage":10,"enemies":"Spire Growth","floor":49,"turns":3},{"damage":21,"enemies":"DF_ARCHETYPE_ORBS","floor":50,"turns":4},{"damage":4,"enemies":"downfall:CharBossMerchant","floor":52,"turns":3},{"damage":0,"enemies":"downfall:NeowBoss","floor":55,"turns":5},{"damage":29,"enemies":"downfall:NeowBossFinal","floor":56,"turns":6}],"seed_played":"-4278139162349873583","potions_obtained":[{"floor":4,"key":"Cursed Concoction"},{"floor":4,"key":"StSpp:InhibitionPotion"},{"floor":4,"key":"Doom Potion"},{"floor":6,"key":"blueLaboratory:StoneskinPotion"}],"is_trial":false,"path_per_floor":["R_BF","M","?","?","$","E","T","E","$","M","E","M","R","E","M","B",null,"R","M","$","M","M","$","T","?","?","?","M","?","R","E","M","B",null,"R","$","?","?","?","E","T","E","R","M","$","R","M","M","M","B",null,"E","$","R","B","B",null],"character_chosen":"THE_AUTOMATON","items_purchased":["bronze:ItsAFeature","Bronze Scales","StuffTheSpire:TintedRock","BargainBundle","Calipers","reliquary:Stiletto","blueLaboratory:Moonshine","bronze:BugBarrage","bronze:InfiniteBeams","Mummified Hand","Membership Card","Orichalcum","MerchantsRug","sneckomod:BlankCard","bronze:ItsAFeature","bronze:BugBarrage","Replay:Rubber Ducky","Guardian:BottledAnomaly"],"campfire_rested":4,"item_purchase_floors":[5,5,5,9,9,9,9,9,20,20,23,23,23,36,36,45,53,53],"current_hp_per_floor":[73,73,73,73,73,71,71,60,60,60,44,44,68,68,63,53,73,73,73,63,59,59,59,59,59,59,59,58,58,58,58,55,54,74,74,74,74,74,74,40,40,6,30,30,30,54,43,43,33,12,63,59,59,80,80,51],"gold":572,"neow_bonus":"REMOVE_CARD","is_daily":false,"chose_seed":false,"campfire_upgraded":3,"win_rate":0.0,"timestamp":1613528588,"path_taken":["R_BF","M","?","?","$","E","T","E","$","M","E","?","R","E","M","BOSS","R","M","$","M","M","$","T","?","?","?","?","?","R","E","M","BOSS","R","$","?","?","?","E","T","E","R","M","$","R","M","?","M","BOSS","E","$","R","BOSS","BOSS"],"items_purchased_type":["Card","Relic","Relic","Relic","Relic","Relic","Potion","Card","Card","Relic","Relic","Relic","Relic","Relic","Card","Card","Relic","Relic"],"build_version":"2020-12-22","purchased_purges":6,"victory":true,"max_hp_per_floor":[80,80,80,80,80,80,80,80,80,80,80,80,80,80,80,80,80,80,80,80,80,80,80,80,80,80,80,80,80,80,80,80,80,80,80,80,80,80,80,80,80,80,80,80,80,80,80,80,80,80,80,80,80,80,80,80],"relic_stats":{"Sozu":10,"counters":[30,106],"Mummified Hand":[64],"Bronze Scales":[192],"obtain_stats":[{"bronze:BronzeCore":0,"Calipers":9,"sneckomod:BlankCard":36,"downfall:HeartBlessingGreen":1,"StSpp:GiftCard":6,"Replay:Rubber Ducky":53,"Sozu":17,"Frozen Eye":32,"downfall:HeartBlessingBlue":1,"Mummified Hand":20,"hubris:ScarierMask":34,"relicPack:AllForOne":38,"Guardian:BottledAnomaly":53,"hubris:GlazedTorus":31,"StuffTheSpire:TintedRock":5,"conspire:Dentures":52,"hubris:DisguiseKit":14,"MerchantsRug":23,"BargainBundle":9,"downfall:HeartBlessingRed":1,"Replay:Towering Pillar of Hats":8,"StuffTheSpire:ForceGauntlet":40,"Omamori":42,"StSpp:SailingBoat":41,"Orichalcum":23,"reliquary:RosewoodLute":24,"hubris:Towel":29,"Bronze Scales":5,"reliquary:Stiletto":9,"Membership Card":23,"Mirror":7,"hubris:BottledRain":11},{"bronze:BronzeCore":0,"Calipers":5,"sneckomod:BlankCard":20,"downfall:HeartBlessingGreen":0,"StSpp:GiftCard":3,"Replay:Rubber Ducky":28,"Sozu":11,"Frozen Eye":18,"downfall:HeartBlessingBlue":0,"Mummified Hand":13,"hubris:ScarierMask":20,"relicPack:AllForOne":20,"Guardian:BottledAnomaly":28,"hubris:GlazedTorus":18,"StuffTheSpire:TintedRock":2,"conspire:Dentures":28,"hubris:DisguiseKit":9,"MerchantsRug":16,"BargainBundle":5,"downfall:HeartBlessingRed":0,"Replay:Towering Pillar of Hats":4,"StuffTheSpire:ForceGauntlet":21,"Omamori":22,"StSpp:SailingBoat":21,"Orichalcum":16,"reliquary:RosewoodLute":16,"hubris:Towel":17,"Bronze Scales":2,"reliquary:Stiletto":5,"Membership Card":16,"Mirror":3,"hubris:BottledRain":7},{"bronze:BronzeCore":0,"Calipers":21,"sneckomod:BlankCard":66,"downfall:HeartBlessingGreen":0,"StSpp:GiftCard":13,"Replay:Rubber Ducky":95,"Sozu":39,"Frozen Eye":59,"downfall:HeartBlessingBlue":0,"Mummified Hand":46,"hubris:ScarierMask":66,"relicPack:AllForOne":66,"Guardian:BottledAnomaly":95,"hubris:GlazedTorus":59,"StuffTheSpire:TintedRock":7,"conspire:Dentures":95,"hubris:DisguiseKit":32,"MerchantsRug":54,"BargainBundle":21,"downfall:HeartBlessingRed":0,"Replay:Towering Pillar of Hats":17,"StuffTheSpire:ForceGauntlet":71,"Omamori":75,"StSpp:SailingBoat":71,"Orichalcum":54,"reliquary:RosewoodLute":54,"hubris:Towel":57,"Bronze Scales":7,"reliquary:Stiletto":21,"Membership Card":54,"Mirror":13,"hubris:BottledRain":26}]},"card_choices":[{"not_picked":["bronze:Separator","bronze:BitShift"],"picked":"bronze:WildBeam","floor":2},{"not_picked":["bronze:NullPointer","bronze:Iterate"],"picked":"bronze:BronzeOrb","floor":5},{"not_picked":["bronze:NullPointer","bronze:Branch","bronze:OilSpill"],"picked":"SKIP","floor":6},{"not_picked":["bronze:Turbo","bronze:Iterate","bronze:DelayedGuard"],"picked":"SKIP","floor":8},{"not_picked":["bronze:Invalidate","bronze:BronzeArmor"],"picked":"bronze:DelayedSlice","floor":9},{"not_picked":["bronze:Iterate","bronze:DelayedSlice"],"picked":"bronze:BugBarrage","floor":10},{"not_picked":["bronze:BitShift","bronze:BronzeArmor","bronze:Frontload"],"picked":"SKIP","floor":11},{"not_picked":["bronze:BronzeArmor","bronze:Backtrace","bronze:Terminator"],"picked":"SKIP","floor":12},{"not_picked":["bronze:Overheat","bronze:DelayedSlice","bronze:ClassDefault"],"picked":"SKIP","floor":14},{"not_picked":["bronze:InfiniteBeams","bronze:OilSpill","bronze:Iterate"],"picked":"Guardian:BronzeOrb","floor":15},{"not_picked":["bronze:HyperBeam","bronze:Library","Guardian:CompilePackage"],"picked":"bronze:FindAndReplace","floor":16},{"not_picked":["bronze:Deprecate","bronze:DelayedSlice","bronze:DigitalCarnage+1","Guardian:RefractedBeam"],"picked":"SKIP","floor":19},{"not_picked":["bronze:Overheat","bronze:BitShift","Guardian:PiercingHide"],"picked":"bronze:BuggyMess+1","floor":20},{"not_picked":["bronze:DelayedSlice","bronze:InfiniteBeams","Guardian:TemporalShield"],"picked":"bronze:BuggyMess+1","floor":21},{"not_picked":["bronze:FineTuning","bronze:DelayedSlice","bronze:Iterate","Guardian:Gem_Cyan"],"picked":"SKIP","floor":22},{"not_picked":["bronze:DelayedSlice","bronze:ClassDefault","bronze:RecursiveStrike","Guardian:RollAttack"],"picked":"SKIP","floor":23},{"not_picked":["bronze:WhirlingStrike+1","bronze:FineTuning","bronze:Refactor","Guardian:SpikerProtocol"],"picked":"SKIP","floor":28},{"not_picked":["bronze:WildBeam","bronze:ChildClass+1","Guardian:Gem_Crimson"],"picked":"bronze:BuggyMess","floor":31},{"not_picked":["bronze:DarkDash","bronze:Flail","Guardian:MultiBeam"],"picked":"bronze:InfiniteBeams+1","floor":32},{"not_picked":["bronze:Assembly","bronze:Hardcode","Guardian:ConstructionForm"],"picked":"bronze:Virus","floor":33},{"not_picked":["expansioncontent:PolyBeam","expansioncontent:Hexaburn"],"picked":"expansioncontent:AwakenDeath","floor":37},{"not_picked":["bronze:ForceShield+1","bronze:Deprecate","bronze:Terminator+1","Guardian:Gem_Yellow"],"picked":"SKIP","floor":40},{"not_picked":["bronze:Repair","bronze:Flail+1","bronze:BronzeOrb+1","Guardian:HyperBeam_Guardian"],"picked":"SKIP","floor":42},{"not_picked":["bronze:WildBeam+1","bronze:Turbo","bronze:HyperBeam","Guardian:Gem_Fragmented"],"picked":"SKIP","floor":44},{"not_picked":["bronze:Overheat","bronze:Frontload+1","bronze:DelayedGuard","Guardian:Gem_Yellow"],"picked":"SKIP","floor":47},{"not_picked":["bronze:FollowUp","bronze:Overload","bronze:Separator","Guardian:Gem_Green"],"picked":"SKIP","floor":48},{"not_picked":["bronze:Mutator","bronze:CutThrough+1","bronze:Terminator","Guardian:TemporalShield"],"picked":"SKIP","floor":49},{"not_picked":["bronze:Boost","bronze:Branch","bronze:Refactor","Guardian:Gem_Orange"],"picked":"SKIP","floor":52}],"player_experience":1123353,"relics_obtained":[{"floor":6,"key":"StSpp:GiftCard"},{"floor":7,"key":"Mirror"},{"floor":8,"key":"Replay:Towering Pillar of Hats"},{"floor":11,"key":"hubris:BottledRain"},{"floor":14,"key":"hubris:DisguiseKit"},{"floor":24,"key":"reliquary:RosewoodLute"},{"floor":31,"key":"hubris:GlazedTorus"},{"floor":40,"key":"StuffTheSpire:ForceGauntlet"},{"floor":41,"key":"StSpp:SailingBoat"},{"floor":42,"key":"Omamori"},{"floor":52,"key":"conspire:Dentures"}],"event_choices":[{"damage_healed":0,"gold_gain":0,"player_choice":"Got Potions","damage_taken":0,"max_hp_gain":0,"max_hp_loss":0,"event_name":"Lab","floor":4,"gold_loss":0}],"is_beta":false,"boss_relics":[{"not_picked":["conspire:RoyalGoblet","hubris:RunicObelisk"],"picked":"Sozu"},{"not_picked":["Replay:Wanted Poster","relicPack:KazumaCape"],"picked":"hubris:ScarierMask"}],"items_purged_floors":[5,9,20,23,36,45],"is_endless":false,"potions_floor_spawned":[6,11,14,15,19,28,31,32,33,40,42,49,52],"ascension_level":6}}