{"host":"q4axc00jr2bozlh9","time":1613565534,"event":{"mods":["AchievementEnabler","BaseMod","Bestiary","Colored Map","Colored Powertips","Curses Come First","Minty Spire (QoL Compilation)","Relic Stats","StSLib","SuperFastMode","UnlockEverythingMod"],"gold_per_floor":[113,129,204,218,228,257,277,277,302,328,342,361,141,171,171,272,272,289,46,46,46,61,61,93,93,117,145,70,70,83,96,96,196,196,212,229,140,140,153,153,153],"floor_reached":40,"language":"ENG","playtime":3135,"items_purged":["Strike_R","Strike_R","Fusion+1"],"score":453,"play_id":"5fa6251a-19bd-4c69-a2bc-6b0a3048bbe5","local_time":"20210217133854","is_ascension_mode":false,"campfire_choices":[{"floor":8,"key":"REST"},{"floor":15,"key":"REST"},{"data":"Armaments","floor":23,"key":"SMITH"},{"floor":25,"key":"REST"},{"floor":32,"key":"REST"}],"circlet_count":0,"master_deck":["Strike_R","Strike_R+1","Defend_R","Defend_R","Defend_R","Defend_R","Bash","Demon Form","Dark Embrace","Heavy Blade","Armaments+1","Whirlwind+1","True Grit","Shrug It Off","Intimidate","Ghostly Armor","Demon Form","ThirdEye","Ghostly Armor","Reaper","Master of Strategy","Reprogram+1","Madness","Madness"],"relics":["Burning Blood","Whetstone","Bronze Scales","Odd Mushroom","PrismaticShard","Velvet Choker","Membership Card","Nloth\u0027s Gift","Blood Vial","Bag of Marbles","HornCleat","MutagenicStrength","Cursed Key"],"acts_visited":["Exordium","TheCity","TheBeyond"],"potions_floor_usage":[6,16,16,24,24,27,33,40,40,40],"damage_taken":[{"damage":13,"enemies":"Cultist","floor":1,"turns":5},{"damage":6,"enemies":"Jaw Worm","floor":2,"turns":5},{"damage":0,"enemies":"2 Louse","floor":4,"turns":3},{"damage":16,"enemies":"Exordium Thugs","floor":5,"turns":5},{"damage":47,"enemies":"3 Sentries","floor":6,"turns":7},{"damage":11,"enemies":"3 Louse","floor":7,"turns":3},{"damage":10,"enemies":"The Mushroom Lair","floor":10,"turns":2},{"damage":4,"enemies":"Large Slime","floor":11,"turns":9},{"damage":13,"enemies":"Looter","floor":12,"turns":3},{"damage":41,"enemies":"Slime Boss","floor":16,"turns":9},{"damage":5,"enemies":"Shell Parasite","floor":18,"turns":7},{"damage":14,"enemies":"Spheric Guardian","floor":22,"turns":5},{"damage":33,"enemies":"Gremlin Leader","floor":24,"turns":6},{"damage":45,"enemies":"Book of Stabbing","floor":27,"turns":7},{"damage":14,"enemies":"Snake Plant","floor":30,"turns":5},{"damage":27,"enemies":"Cultist and Chosen","floor":31,"turns":8},{"damage":26,"enemies":"Automaton","floor":33,"turns":12},{"damage":2,"enemies":"3 Shapes","floor":35,"turns":1},{"damage":10,"enemies":"Orb Walker","floor":36,"turns":4},{"damage":16,"enemies":"Writhing Mass","floor":39,"turns":7},{"damage":74,"enemies":"Reptomancer","floor":40,"turns":3}],"seed_played":"-11014891870277938","potions_obtained":[{"floor":2,"key":"BloodPotion"},{"floor":4,"key":"FearPotion"},{"floor":5,"key":"LiquidBronze"},{"floor":6,"key":"Block Potion"},{"floor":16,"key":"ColorlessPotion"},{"floor":22,"key":"Explosive Potion"},{"floor":31,"key":"Block Potion"},{"floor":33,"key":"Explosive Potion"},{"floor":39,"key":"Dexterity Potion"}],"is_trial":false,"path_per_floor":["M","M","?","M","M","E","M","R","T","?","M","M","$","?","R","B",null,"M","$","?","?","M","R","E","R","T","E","?","?","M","M","R","B",null,"M","M","$","?","M","E"],"character_chosen":"IRONCLAD","items_purchased":["PrismaticShard","Membership Card","Ghostly Armor","Block Potion"],"campfire_rested":4,"item_purchase_floors":[13,19,19,37],"current_hp_per_floor":[65,65,54,60,50,23,18,39,39,35,37,30,30,30,51,16,72,72,72,72,72,64,64,37,58,58,28,28,28,28,27,48,50,72,72,68,68,59,51,0,0],"gold":153,"neow_bonus":"THREE_RARE_CARDS","is_daily":false,"chose_seed":false,"campfire_upgraded":1,"win_rate":0.0,"timestamp":1613565534,"path_taken":["M","M","?","M","M","E","M","R","T","?","M","M","$","?","R","BOSS","M","$","?","?","?","R","E","R","T","E","?","?","M","M","R","BOSS","M","M","$","?","M","E"],"items_purchased_type":["Relic","Relic","Card","Potion"],"build_version":"2020-12-22","purchased_purges":3,"victory":false,"max_hp_per_floor":[72,72,72,72,72,72,72,72,72,72,72,72,72,72,72,72,72,72,72,72,72,72,72,72,72,72,72,72,72,72,72,72,72,72,72,72,72,72,72,72,72],"relic_stats":{"Blood Vial":12,"counters":[21,116],"Bronze Scales":[272],"Nloth\u0027s Gift":3,"Whetstone":["Strike_R","Whirlwind"],"Cursed Key":0,"obtain_stats":[{"Velvet Choker":17,"Whetstone":6,"Odd Mushroom":10,"Orichalcum":14,"PrismaticShard":13,"Cursed Key":34,"Burning Blood":0,"Blood Vial":24,"HornCleat":27,"Bronze Scales":9,"MutagenicStrength":29,"Nloth\u0027s Gift":21,"Bag of Marbles":26,"Membership Card":19},{"Velvet Choker":10,"Whetstone":5,"Odd Mushroom":7,"Orichalcum":9,"PrismaticShard":9,"Cursed Key":17,"Burning Blood":0,"Blood Vial":13,"HornCleat":14,"Bronze Scales":6,"MutagenicStrength":14,"Nloth\u0027s Gift":11,"Bag of Marbles":13,"Membership Card":11},{"Velvet Choker":51,"Whetstone":25,"Odd Mushroom":30,"Orichalcum":42,"PrismaticShard":42,"Cursed Key":101,"Burning Blood":0,"Blood Vial":69,"HornCleat":76,"Bronze Scales":28,"MutagenicStrength":76,"Nloth\u0027s Gift":58,"Bag of Marbles":69,"Membership Card":58}],"Burning Blood":115},"card_choices":[{"not_picked":["Impervious","Offering"],"picked":"Demon Form","floor":0},{"not_picked":["Thunderclap","Sever Soul"],"picked":"Dark Embrace","floor":1},{"not_picked":["Bloodletting","Seeing Red"],"picked":"Heavy Blade","floor":2},{"not_picked":["Metallicize","Twin Strike"],"picked":"Armaments","floor":4},{"not_picked":["Headbutt","Feel No Pain"],"picked":"Whirlwind","floor":5},{"not_picked":["Impervious","Dual Wield"],"picked":"True Grit","floor":6},{"not_picked":["Headbutt","Rage","Heavy Blade"],"picked":"SKIP","floor":7},{"not_picked":["Sword Boomerang","Battle Trance"],"picked":"Shrug It Off","floor":10},{"not_picked":["Iron Wave","Second Wind"],"picked":"Intimidate","floor":11},{"not_picked":["Shrug It Off","Fire Breathing"],"picked":"Ghostly Armor","floor":12},{"not_picked":["Offering","Storm of Steel"],"picked":"Demon Form","floor":16},{"not_picked":["PiercingWail","Blade Dance"],"picked":"ThirdEye","floor":18},{"not_picked":["Eviscerate","Reflex","Rip and Tear+1"],"picked":"SKIP","floor":22},{"not_picked":["Blade Dance","Whirlwind"],"picked":"Reaper","floor":24},{"not_picked":["Flame Barrier+1","Clothesline+1"],"picked":"Fusion+1","floor":27},{"not_picked":["Streamline+1","Weave+1","Ball Lightning+1"],"picked":"SKIP","floor":30},{"not_picked":["Rage+1","Glass Knife","Poisoned Stab+1"],"picked":"SKIP","floor":31},{"not_picked":["Cloak And Dagger+1","Fire Breathing+1"],"picked":"Master of Strategy","floor":35},{"not_picked":["Rebound","Power Through+1"],"picked":"Reprogram+1","floor":36},{"not_picked":["Conserve Battery","Sentinel","Shrug It Off+1"],"picked":"SKIP","floor":39}],"player_experience":267340,"relics_obtained":[{"floor":6,"key":"Whetstone"},{"floor":9,"key":"Bronze Scales"},{"floor":10,"key":"Odd Mushroom"},{"floor":24,"key":"Blood Vial"},{"floor":26,"key":"Bag of Marbles"},{"floor":27,"key":"HornCleat"}],"event_choices":[{"damage_healed":0,"gold_gain":75,"player_choice":"Gather Gold","damage_taken":11,"max_hp_gain":0,"max_hp_loss":0,"event_name":"World of Goop","floor":3,"gold_loss":0},{"damage_healed":0,"gold_gain":0,"player_choice":"Fought Mushrooms","damage_taken":0,"max_hp_gain":0,"max_hp_loss":0,"event_name":"Mushrooms","floor":10,"gold_loss":0},{"damage_healed":0,"gold_gain":30,"player_choice":"Searched \u00273\u0027 times","damage_taken":0,"relics_obtained":["Orichalcum"],"max_hp_gain":0,"max_hp_loss":0,"event_name":"Dead Adventurer","floor":14,"gold_loss":0},{"damage_healed":0,"gold_gain":0,"player_choice":"Ignored","damage_taken":0,"max_hp_gain":0,"max_hp_loss":0,"event_name":"Vampires","floor":20,"gold_loss":0},{"damage_healed":0,"gold_gain":0,"player_choice":"Traded Relic","damage_taken":0,"relics_obtained":["Nloth\u0027s Gift"],"max_hp_gain":0,"max_hp_loss":0,"event_name":"N\u0027loth","floor":21,"relics_lost":["Orichalcum"],"gold_loss":0},{"cards_removed":["Strike_R"],"damage_healed":0,"gold_gain":0,"player_choice":"Gave Gold","damage_taken":0,"max_hp_gain":0,"max_hp_loss":0,"event_name":"Beggar","floor":28,"gold_loss":75},{"damage_healed":0,"gold_gain":0,"player_choice":"Inject Mutagens","damage_taken":0,"relics_obtained":["MutagenicStrength"],"max_hp_gain":0,"max_hp_loss":0,"event_name":"Drug Dealer","floor":29,"gold_loss":0},{"damage_healed":0,"gold_gain":0,"player_choice":"Embrace Madness","damage_taken":9,"max_hp_gain":0,"max_hp_loss":0,"event_name":"Winding Halls","floor":38,"gold_loss":0,"cards_obtained":["Madness","Madness"]}],"is_beta":false,"boss_relics":[{"not_picked":["Fusion Hammer","Black Star"],"picked":"Velvet Choker"},{"not_picked":["SacredBark","Pandora\u0027s Box"],"picked":"Cursed Key"}],"items_purged_floors":[13,19,37],"is_endless":false,"potions_floor_spawned":[2,4,5,6,12,16,22,31,33,39],"killed_by":"Reptomancer","ascension_level":0}}