{"host":"hmb95rboouqzgqy7","time":1613574725,"event":{"mods":["BaseMod","Colored Map","Colored Powertips","Highlight Path","Minty Spire (QoL Compilation)","Permanent Neow","Quick Restart","Relic Stats","StSLib"],"gold_per_floor":[113,123,140,41,58,58,88,88,88,120,120,149,99,119,119,220,220,235,251,124,140,90,90,90,90,90,122,138,172,206,237,237,341,341,355,233,250,263,281,281,307,307,307,339,370,89,114,39,39,39,39,39,39,65,65],"floor_reached":56,"language":"ENG","playtime":6850,"items_purged":["Strike_P","Strike_P","Strike_P","Strike_P","Eruption+1","Defend_P"],"score":1679,"play_id":"1cb1524f-6f39-464b-b0bd-36f9b1616970","local_time":"20210217091205","is_ascension_mode":true,"campfire_choices":[{"data":"Eruption","floor":6.0,"key":"SMITH"},{"data":"Alpha","floor":8.0,"key":"SMITH"},{"data":"CutThroughFate","floor":11.0,"key":"SMITH"},{"data":"Protect","floor":15.0,"key":"SMITH"},{"data":"Vault","floor":23.0,"key":"SMITH"},{"data":"CutThroughFate","floor":24.0,"key":"SMITH"},{"data":"EmptyMind","floor":25.0,"key":"SMITH"},{"floor":32.0,"key":"RECALL"},{"data":"Protect","floor":40.0,"key":"SMITH"},{"data":"Evaluate","floor":42.0,"key":"SMITH"},{"data":"Meditate","floor":49.0,"key":"SMITH"},{"data":"Vigilance","floor":52.0,"key":"SMITH"}],"circlet_count":0,"master_deck":["Defend_P+1","Vigilance+1","CutThroughFate+1","CutThroughFate+1","Alpha+1","Protect+1","Evaluate+1","DeceiveReality","EmptyMind+1","Establishment+1","Vault+1","Vault+1","Protect+1","Meditate+1","DeceiveReality+1"],"relics":["PureWater","Thread and Needle","CaptainsWheel","Turnip","Smiling Mask","Matryoshka","Coffee Dripper","Art of War","TungstenRod","Gambling Chip","Happy Flower","Pocketwatch","FossilizedHelix","Empty Cage","Girya","HornCleat","Shuriken","Lantern","WingedGreaves","Membership Card","War Paint","Unceasing Top","Strange Spoon","Sundial"],"acts_visited":["Exordium","TheCity","TheBeyond","TheEnding"],"potions_floor_usage":[55,55],"damage_taken":[{"damage":3.0,"enemies":"Jaw Worm","floor":1.0,"turns":5.0},{"damage":0.0,"enemies":"Cultist","floor":2.0,"turns":3.0},{"damage":0.0,"enemies":"Small Slimes","floor":3.0,"turns":3.0},{"damage":3.0,"enemies":"3 Louse","floor":5.0,"turns":4.0},{"damage":2.0,"enemies":"3 Sentries","floor":7.0,"turns":5.0},{"damage":0.0,"enemies":"Lagavulin","floor":10.0,"turns":4.0},{"damage":2.0,"enemies":"3 Sentries","floor":12.0,"turns":3.0},{"damage":0.0,"enemies":"Exordium Wildlife","floor":14.0,"turns":3.0},{"damage":16.0,"enemies":"The Guardian","floor":16.0,"turns":7.0},{"damage":4.0,"enemies":"2 Thieves","floor":18.0,"turns":3.0},{"damage":0.0,"enemies":"Chosen","floor":19.0,"turns":4.0},{"damage":0.0,"enemies":"Snecko","floor":21.0,"turns":3.0},{"damage":0.0,"enemies":"Gremlin Leader","floor":27.0,"turns":4.0},{"damage":0.0,"enemies":"Centurion and Healer","floor":28.0,"turns":5.0},{"damage":0.0,"enemies":"Book of Stabbing","floor":29.0,"turns":7.0},{"damage":1.0,"enemies":"Slavers","floor":30.0,"turns":4.0},{"damage":0.0,"enemies":"Gremlin Leader","floor":31.0,"turns":5.0},{"damage":0.0,"enemies":"Champ","floor":33.0,"turns":12.0},{"damage":0.0,"enemies":"Orb Walker","floor":35.0,"turns":4.0},{"damage":0.0,"enemies":"3 Darklings","floor":37.0,"turns":3.0},{"damage":0.0,"enemies":"Writhing Mass","floor":38.0,"turns":6.0},{"damage":0.0,"enemies":"Sphere and 2 Shapes","floor":39.0,"turns":4.0},{"damage":1.0,"enemies":"Nemesis","floor":41.0,"turns":9.0},{"damage":0.0,"enemies":"Giant Head","floor":44.0,"turns":11.0},{"damage":0.0,"enemies":"Nemesis","floor":45.0,"turns":10.0},{"damage":0.0,"enemies":"Reptomancer","floor":47.0,"turns":5.0},{"damage":0.0,"enemies":"Time Eater","floor":50.0,"turns":8.0},{"damage":0.0,"enemies":"Shield and Spear","floor":54.0,"turns":6.0},{"damage":22,"enemies":"The Heart","floor":55,"turns":9}],"seed_played":"-7036726806126877493","potions_obtained":[{"floor":1.0,"key":"Fire Potion"},{"floor":2.0,"key":"BlessingOfTheForge"},{"floor":7.0,"key":"Fire Potion"},{"floor":12.0,"key":"BottledMiracle"},{"floor":21.0,"key":"FearPotion"},{"floor":27.0,"key":"DuplicationPotion"},{"floor":29.0,"key":"LiquidBronze"},{"floor":38.0,"key":"BottledMiracle"},{"floor":39.0,"key":"Weak Potion"}],"is_trial":false,"path_per_floor":["M","M","M","$","M","R","E","R","T","E","R","E","$","M","R","B",null,"M","M","$","M","$","R","R","R","T","E","M","E","E","E","R","B",null,"M","$","M","M","M","R","E","R","T","E","E","$","E","$","R","B",null,"R","$","E","B",null],"character_chosen":"WATCHER","items_purchased":["CutThroughFate","EmptyMind","Vault","Membership Card","War Paint","Strange Spoon"],"campfire_rested":0,"item_purchase_floors":[4,20,36,46,46,48],"current_hp_per_floor":[69,69,69,69,66,66,64,64,64,64,64,62,62,62,62,46,72,68,68,68,68,68,68,68,68,68,68,68,68,67,67,67,67,72,72,72,72,72,72,72,71,71,71,71,71,71,71,71,71,71,72,72,72,72,50],"gold":65,"neow_bonus":"RANDOM_COLORLESS","is_daily":false,"chose_seed":false,"campfire_upgraded":11,"win_rate":0.0,"timestamp":1613574725,"path_taken":["M","M","M","$","M","R","E","R","T","E","R","E","$","M","R","BOSS","M","M","$","M","$","R","R","R","T","E","M","E","E","E","R","BOSS","M","$","M","M","M","R","E","R","T","E","E","$","E","$","R","BOSS","R","$","E","BOSS"],"items_purchased_type":["Card","Card","Card","Relic","Relic","Relic"],"build_version":"2020-12-22","purchased_purges":6,"victory":true,"max_hp_per_floor":[72,72,72,72,72,72,72,72,72,72,72,72,72,72,72,72,72,72,72,72,72,72,72,72,72,72,72,72,72,72,72,72,72,72,72,72,72,72,72,72,72,72,72,72,72,72,72,72,72,72,72,72,72,72,72],"relic_stats":{"Happy Flower":[32],"counters":[29,159],"War Paint":["Meditate","Defend_P"],"Smiling Mask":400,"Strange Spoon":[20],"Shuriken":[0],"Sundial":[2],"Gambling Chip":[48],"Turnip":[11],"Art of War":[71],"obtain_stats":[{"Girya":41,"Lantern":45,"Happy Flower":29,"Thread and Needle":0,"War Paint":46,"Smiling Mask":10,"Empty Cage":34,"Strange Spoon":48,"CaptainsWheel":7,"Matryoshka":12,"HornCleat":43,"Shuriken":44,"Sundial":54,"Gambling Chip":27,"WingedGreaves":0,"Turnip":9,"Coffee Dripper":17,"Art of War":26,"Membership Card":46,"PureWater":0,"TungstenRod":26,"FossilizedHelix":31,"Unceasing Top":47,"Pocketwatch":30},{"Girya":23,"Lantern":25,"Happy Flower":15,"Thread and Needle":0,"War Paint":25,"Smiling Mask":6,"Empty Cage":18,"Strange Spoon":26,"CaptainsWheel":5,"Matryoshka":7,"HornCleat":23,"Shuriken":24,"Sundial":28,"Gambling Chip":13,"WingedGreaves":0,"Turnip":5,"Coffee Dripper":9,"Art of War":12,"Membership Card":25,"PureWater":0,"TungstenRod":12,"FossilizedHelix":17,"Unceasing Top":26,"Pocketwatch":16},{"Girya":110,"Lantern":131,"Happy Flower":63,"Thread and Needle":0,"War Paint":131,"Smiling Mask":24,"Empty Cage":84,"Strange Spoon":136,"CaptainsWheel":20,"Matryoshka":27,"HornCleat":110,"Shuriken":121,"Sundial":150,"Gambling Chip":51,"WingedGreaves":0,"Turnip":20,"Coffee Dripper":37,"Art of War":47,"Membership Card":131,"PureWater":0,"TungstenRod":47,"FossilizedHelix":72,"Unceasing Top":136,"Pocketwatch":67}],"TungstenRod":15,"Unceasing Top":[0],"Pocketwatch":[51]},"card_choices":[{"not_picked":["Finesse","Dark Shackles"],"picked":"Jack Of All Trades","floor":0.0},{"not_picked":["Halt","JustLucky","PathToVictory"],"picked":"SKIP","floor":1.0},{"not_picked":["FollowUp","Halt"],"picked":"Meditate","floor":2.0},{"not_picked":["EmptyMind","Worship"],"picked":"CutThroughFate","floor":3.0},{"not_picked":["Collect","Fasting2"],"picked":"Weave","floor":5.0},{"not_picked":["Alpha","BattleHymn"],"picked":"DeceiveReality","floor":7.0},{"not_picked":["Perseverance","Tantrum"],"picked":"Protect","floor":10.0},{"not_picked":["FlurryOfBlows","FollowUp","Crescendo"],"picked":"SKIP","floor":12.0},{"not_picked":["FlyingSleeves","SandsOfTime"],"picked":"Evaluate","floor":14.0},{"not_picked":["Devotion","ConjureBlade"],"picked":"Vault","floor":16.0},{"not_picked":["MentalFortress","Crescendo","Tantrum+1"],"picked":"SKIP","floor":18.0},{"not_picked":["Prostrate","Halt"],"picked":"DeceiveReality","floor":19.0},{"not_picked":["Sanctity","FollowUp","ReachHeaven"],"picked":"SKIP","floor":21.0},{"not_picked":["Adaptation+1","SashWhip+1","FlyingSleeves"],"picked":"SKIP","floor":27.0},{"not_picked":["MentalFortress+1","InnerPeace","Sanctity"],"picked":"SKIP","floor":28.0},{"not_picked":["Fasting2","CutThroughFate+1","FollowUp"],"picked":"SKIP","floor":29.0},{"not_picked":["Pray","Perseverance"],"picked":"Establishment","floor":30.0},{"not_picked":["InnerPeace","MentalFortress","CutThroughFate"],"picked":"SKIP","floor":31.0},{"not_picked":["FollowUp","ThirdEye","PathToVictory+1"],"picked":"SKIP","floor":35.0},{"not_picked":["JustLucky+1","FlurryOfBlows","Protect+1"],"picked":"SKIP","floor":37.0},{"not_picked":["JustLucky+1","CrushJoints"],"picked":"Protect","floor":38.0},{"not_picked":["DeceiveReality+1","JustLucky+1","Halt"],"picked":"SKIP","floor":39.0},{"not_picked":["Evaluate","Conclude+1","FlurryOfBlows+1"],"picked":"SKIP","floor":41.0},{"not_picked":["LikeWater+1","Vengeance+1","FlyingSleeves"],"picked":"SKIP","floor":44.0},{"not_picked":["Halt+1","Prostrate+1","Scrawl"],"picked":"SKIP","floor":45.0},{"not_picked":["FlurryOfBlows","FollowUp+1","Adaptation+1"],"picked":"SKIP","floor":47.0},{"not_picked":["CrushJoints","DeusExMachina","Study+1"],"picked":"SKIP","floor":54.0}],"player_experience":117053,"relics_obtained":[{"floor":7.0,"key":"CaptainsWheel"},{"floor":9.0,"key":"Turnip"},{"floor":26.0,"key":"Art of War"},{"floor":26.0,"key":"TungstenRod"},{"floor":30.0,"key":"Pocketwatch"},{"floor":31.0,"key":"FossilizedHelix"},{"floor":41.0,"key":"Girya"},{"floor":44.0,"key":"Shuriken"},{"floor":45.0,"key":"Lantern"},{"floor":47.0,"key":"Unceasing Top"},{"floor":54.0,"key":"Sundial"}],"event_choices":[],"is_beta":false,"boss_relics":[{"not_picked":["VioletLotus","Snecko Eye","Pandora\u0027s Box"]},{"not_picked":["Tiny House","Cursed Key"],"picked":"Empty Cage"}],"items_purged_floors":[4,13,20,22,36,46],"is_endless":false,"potions_floor_spawned":[1,2,7,12,21,27,29,38,39,45,47],"ascension_level":1}}