{"host":"k6k5pp86eoajywvd","time":1613577400,"event":{"mods":["AchievementEnabler","Act Like it!","Aspiration","BaseMod","Better Note","Colored Map","Colored Powertips","Conspire","Friendly Minions","Hubris","Jorbs\u0027s Wanderer Trilogy","Minty Spire (QoL Compilation)","Reliquary","Replay The Spire","StSLib","SuperFastMode","The Hierophant"],"gold_per_floor":[112,125,125,135,204,238,238,257,280,59,59,84,84,96,96,78,78],"floor_reached":16,"language":"ENG","playtime":861,"items_purged":[],"score":110,"play_id":"7e9be656-e471-4f3f-827e-80074273f5c9","local_time":"20210217165640","is_ascension_mode":false,"campfire_choices":[{"floor":7,"key":"REST"},{"floor":11,"key":"REST"},{"data":"hierophant:Endure","floor":13,"key":"SMITH"},{"data":"hierophant:ChurchCoffers","floor":15,"key":"SMITH"}],"circlet_count":0,"master_deck":["hierophant:Strike_Hierophant","hierophant:Strike_Hierophant","hierophant:Strike_Hierophant","hierophant:Strike_Hierophant","hierophant:Punish","hierophant:Defend_Hierophant","hierophant:Defend_Hierophant","hierophant:Defend_Hierophant","hierophant:Defend_Hierophant","hierophant:ChurchCoffers+1","hierophant:Blessing+1","hierophant:Blessing+1","hierophant:Shelter","hierophant:Endure+1","hierophant:RepressedViolence","hierophant:Community","hierophant:Bribe","hierophant:Doubloon","hierophant:RecallFunds"],"relics":["hierophant:PropheticMaskRelic","NeowsBlessing","reliquary:QuartzCube","reliquary:ExpiredCoupon","reliquary:PartyBalloon","Chemical X","Replay:Bottled Eggs"],"acts_visited":["Exordium"],"potions_floor_usage":[6,12],"damage_taken":[{"damage":0,"enemies":"Cultist","floor":1,"turns":1},{"damage":0,"enemies":"Jaw Worm","floor":2,"turns":1},{"damage":0,"enemies":"conspire:RoseBush","floor":4,"turns":1},{"damage":74,"enemies":"Gremlin Nob","floor":6,"turns":7},{"damage":7,"enemies":"Blue Slaver","floor":8,"turns":8},{"damage":26,"enemies":"3 Sentries","floor":12,"turns":14},{"damage":1,"enemies":"Lots of Slimes","floor":14,"turns":2},{"damage":85,"enemies":"Hexaghost","floor":16,"turns":20}],"seed_played":"4706593820703224724","potions_obtained":[{"floor":1,"key":"Elixir"},{"floor":2,"key":"Block Potion"},{"floor":8,"key":"Explosive Potion"},{"floor":12,"key":"Fire Potion"}],"is_trial":false,"path_per_floor":["M","M","?","M","T","E","R","M","T","$","R","E","R","M","R","B"],"character_chosen":"HIEROPHANT","items_purchased":["hierophant:Community","Chemical X"],"campfire_rested":2,"item_purchase_floors":[10,10],"current_hp_per_floor":[75,75,75,75,75,7,29,36,36,36,58,46,46,65,65,0,0],"gold":78,"neow_bonus":"THREE_ENEMY_KILL","is_daily":false,"chose_seed":false,"campfire_upgraded":2,"win_rate":0.0,"timestamp":1613577400,"path_taken":["M","M","?","?","?","E","R","M","T","$","R","E","R","?","R","BOSS"],"items_purchased_type":["Card","Relic"],"build_version":"2020-12-22","purchased_purges":0,"victory":false,"max_hp_per_floor":[75,75,75,75,75,75,75,75,75,75,75,75,75,75,75,75,75],"card_choices":[{"not_picked":["hierophant:HolyVerse","hierophant:Rebuild"],"picked":"hierophant:Blessing","floor":1},{"not_picked":["hierophant:AuricBeam","hierophant:HammerAndAnvil"],"picked":"hierophant:Blessing","floor":2},{"not_picked":["hierophant:HammerAndAnvil","hierophant:AuricBeam"],"picked":"hierophant:Shelter","floor":4},{"not_picked":["hierophant:FieryStrike","hierophant:CoinFling"],"picked":"hierophant:Endure","floor":6},{"not_picked":["hierophant:HammerAndAnvil","hierophant:CoinFling"],"picked":"hierophant:RepressedViolence","floor":8},{"not_picked":["hierophant:Zeal","hierophant:Remorse"],"picked":"hierophant:Bribe","floor":12},{"not_picked":["hierophant:ArchangelShield","hierophant:TollTheBells"],"picked":"hierophant:RecallFunds","floor":14}],"player_experience":317108,"relics_obtained":[{"floor":5,"key":"reliquary:QuartzCube"},{"floor":6,"key":"reliquary:ExpiredCoupon"},{"floor":9,"key":"reliquary:PartyBalloon"},{"floor":12,"key":"Replay:Bottled Eggs"}],"event_choices":[{"damage_healed":0,"gold_gain":0,"player_choice":"Full Heal","damage_taken":0,"max_hp_gain":0,"max_hp_loss":0,"event_name":"Wheel of Change","floor":3,"gold_loss":0}],"is_beta":false,"boss_relics":[],"items_purged_floors":[],"is_endless":false,"potions_floor_spawned":[1,2,8,12],"killed_by":"Hexaghost","ascension_level":0}}