{"host":"2n2g1vowfllvjtvi","time":1613585195,"event":{"mods":["AchievementEnabler","BaseMod","Custom Start","GifTheSpireLib","Keyboard Shortcuts","Minty Spire (QoL Compilation)","Permanent Neow","Quick Restart","StSLib","SuperFastMode"],"gold_per_floor":[35,87,124,155,0,0,83,98,122,156,156,156,156,13,13,140,140,183,183,183,183,253,356,356,2,2,66,126,1,68,68,68,173,173,261,261,1260,809,809,809,372,372,396,427,465,465,54,114,114,139],"floor_reached":51,"language":"KOR","playtime":1465,"items_purged":["Strike_G","Strike_G","Strike_G","Normality","Normality","Escape Plan"],"score":869,"play_id":"733cd0b3-db25-43f2-844a-dddb6a47e77a","local_time":"20210218030635","is_ascension_mode":false,"campfire_choices":[{"data":"HandOfGreed","floor":6.0,"key":"SMITH"},{"data":"Dash","floor":11.0,"key":"SMITH"},{"data":"Noxious Fumes","floor":13.0,"key":"SMITH"},{"data":"Well Laid Plans","floor":15.0,"key":"SMITH"},{"data":"Leg Sweep","floor":24.0,"key":"SMITH"},{"floor":32.0,"key":"REST"},{"data":"Deadly Poison","floor":40.0,"key":"SMITH"},{"data":"Backflip","floor":46,"key":"SMITH"},{"floor":49,"key":"REST"}],"circlet_count":0,"master_deck":["Strike_G","Defend_G","Defend_G","Defend_G","Defend_G","Defend_G","Survivor","Neutralize","HandOfGreed+1","Noxious Fumes+1","Dash+1","Deadly Poison+1","Well Laid Plans+1","Leg Sweep+1","Backflip+1","Well Laid Plans+1","Underhanded Strike+1"],"relics":["Ring of the Snake","Medical Kit","Singing Bowl","Akabeko","Juzu Bracelet","Snecko Eye","Happy Flower","Mummified Hand","StoneCalendar","Bottled Tornado","Sozu","Snake Skull","Lee\u0027s Waffle","Molten Egg 2","Orichalcum","Blood Vial","TheAbacus"],"acts_visited":["Exordium","TheCity","TheBeyond"],"potions_floor_usage":[],"damage_taken":[{"damage":3.0,"enemies":"Jaw Worm","floor":1.0,"turns":3.0},{"damage":2.0,"enemies":"2 Louse","floor":2.0,"turns":4.0},{"damage":1.0,"enemies":"Cultist","floor":3.0,"turns":5.0},{"damage":2.0,"enemies":"Blue Slaver","floor":4.0,"turns":5.0},{"damage":17.0,"enemies":"3 Sentries","floor":7.0,"turns":9.0},{"damage":1.0,"enemies":"Exordium Thugs","floor":8.0,"turns":4.0},{"damage":14.0,"enemies":"Gremlin Nob","floor":10.0,"turns":4.0},{"damage":0.0,"enemies":"Hexaghost","floor":16.0,"turns":9.0},{"damage":0.0,"enemies":"Shell Parasite","floor":18.0,"turns":4.0},{"damage":0.0,"enemies":"3 Byrds","floor":22.0,"turns":6.0},{"damage":38.0,"enemies":"Slavers","floor":23.0,"turns":8.0},{"damage":1.0,"enemies":"Shelled Parasite and Fungi","floor":27.0,"turns":5.0},{"damage":3.0,"enemies":"Gremlin Leader","floor":28.0,"turns":9.0},{"damage":0.0,"enemies":"Centurion and Healer","floor":30.0,"turns":6.0},{"damage":52.0,"enemies":"Automaton","floor":33.0,"turns":12.0},{"damage":0.0,"enemies":"3 Shapes","floor":35.0,"turns":4.0},{"damage":17,"enemies":"Giant Head","floor":44,"turns":9},{"damage":0,"enemies":"3 Darklings","floor":45,"turns":6},{"damage":0,"enemies":"Sphere and 2 Shapes","floor":48,"turns":6},{"damage":15,"enemies":"Awakened One","floor":50,"turns":17}],"seed_played":"-3748955529251202273","potions_obtained":[{"floor":2.0,"key":"AttackPotion"},{"floor":3.0,"key":"Ancient Potion"},{"floor":7.0,"key":"LiquidMemories"},{"floor":10.0,"key":"Block Potion"},{"floor":27.0,"key":"Energy Potion"},{"floor":28.0,"key":"Energy Potion"},{"floor":30.0,"key":"Regen Potion"}],"is_trial":false,"path_per_floor":["M","M","M","M","$","R","E","M","T","E","R","?","R","$","R","B",null,"M","?","?","?","M","E","R","$","T","M","E","$","M","T","R","B",null,"M","?","?","$","?","R","$","?","T","E","M","R","$","M","R","B",null],"character_chosen":"THE_SILENT","items_purchased":["Medical Kit","Well Laid Plans","Mummified Hand","Snake Skull","Lee\u0027s Waffle","Molten Egg 2","TheAbacus","Underhanded Strike+1"],"campfire_rested":2,"item_purchase_floors":[5,14,25,38,38,41,47,47],"current_hp_per_floor":[67,65,64,62,62,62,47,48,48,36,36,36,36,36,36,38,78,80,80,80,80,80,42,42,42,42,43,42,42,44,44,69,34,88,88,84,84,91,87,87,87,87,87,72,76,76,76,80,103,88],"gold":139,"neow_bonus":"RANDOM_COLORLESS_2","is_daily":false,"chose_seed":false,"campfire_upgraded":7,"win_rate":0.0,"timestamp":1613585195,"path_taken":["M","M","M","M","$","R","E","M","T","E","R","?","R","$","R","BOSS","M","?","?","?","M","E","R","$","T","M","E","$","M","?","R","BOSS","M","?","?","$","?","R","$","?","T","E","M","R","$","M","R","BOSS"],"items_purchased_type":["Relic","Card","Relic","Relic","Relic","Relic","Relic","Card"],"build_version":"2020-12-22","purchased_purges":6,"victory":true,"max_hp_per_floor":[70,70,70,70,70,70,72,74,74,76,76,76,76,76,76,78,78,80,80,80,80,80,80,80,80,80,82,84,84,86,86,86,88,88,88,84,84,91,97,97,97,97,97,99,101,101,101,103,103,103],"card_choices":[{"not_picked":["Magnetism","Transmutation"],"picked":"HandOfGreed","floor":0.0},{"not_picked":["Infinite Blades","Flying Knee"],"picked":"Escape Plan","floor":1.0},{"not_picked":["Flechettes","Flying Knee"],"picked":"Noxious Fumes","floor":2.0},{"not_picked":["Underhanded Strike","Flying Knee"],"picked":"Dash","floor":3.0},{"not_picked":["Bane","Outmaneuver"],"picked":"Deadly Poison","floor":4.0},{"not_picked":["Underhanded Strike","Doppelganger","Flechettes"],"picked":"Singing Bowl","floor":7.0},{"not_picked":["Choke","Backflip","Sucker Punch"],"picked":"Singing Bowl","floor":8.0},{"not_picked":["Riddle With Holes","Distraction","Quick Slash"],"picked":"Singing Bowl","floor":10.0},{"not_picked":["A Thousand Cuts","Burst","Corpse Explosion"],"picked":"Singing Bowl","floor":16.0},{"not_picked":["Escape Plan","Dagger Throw+1","Skewer"],"picked":"Singing Bowl","floor":18.0},{"not_picked":["Backstab+1","Skewer+1"],"picked":"Leg Sweep","floor":22.0},{"not_picked":["Heel Hook","Escape Plan"],"picked":"Backflip","floor":23.0},{"not_picked":["Outmaneuver","Poisoned Stab","Deflect"],"picked":"Singing Bowl","floor":27.0},{"not_picked":["Backstab","Dagger Throw","Adrenaline"],"picked":"Singing Bowl","floor":28.0},{"not_picked":["Noxious Fumes","Deflect","Dodge and Roll"],"picked":"Singing Bowl","floor":30.0},{"not_picked":["Wraith Form v2","Envenom","Unload"],"picked":"Singing Bowl","floor":33.0},{"not_picked":["Blade Dance+1","Deflect+1"],"picked":"Well Laid Plans+1","floor":35.0},{"not_picked":["Master of Strategy","Purity","Enlightenment"],"picked":"Singing Bowl","floor":39.0},{"not_picked":["Swift Strike","Forethought","Secret Technique"],"picked":"Singing Bowl","floor":39.0},{"not_picked":["Blind","Impatience","PanicButton"],"picked":"Singing Bowl","floor":39.0},{"not_picked":["Cloak And Dagger","Flying Knee+1","Night Terror"],"picked":"Singing Bowl","floor":44},{"not_picked":["Bane+1","Heel Hook+1","Cloak And Dagger"],"picked":"Singing Bowl","floor":45},{"not_picked":["Outmaneuver+1","Quick Slash+1","Prepared"],"picked":"Singing Bowl","floor":48}],"player_experience":240626,"relics_obtained":[{"floor":7.0,"key":"Singing Bowl"},{"floor":9.0,"key":"Akabeko"},{"floor":10.0,"key":"Juzu Bracelet"},{"floor":23.0,"key":"Happy Flower"},{"floor":28.0,"key":"StoneCalendar"},{"floor":31.0,"key":"Bottled Tornado"},{"floor":43,"key":"Orichalcum"},{"floor":44,"key":"Blood Vial"}],"event_choices":[{"cards_removed":["Strike_G"],"damage_healed":0.0,"max_hp_gain":0.0,"max_hp_loss":0.0,"gold_gain":0.0,"event_name":"Living Wall","player_choice":"Forget","floor":12.0,"gold_loss":0.0,"damage_taken":0.0},{"damage_healed":0.0,"max_hp_gain":0.0,"max_hp_loss":0.0,"gold_gain":0.0,"event_name":"Ghosts","player_choice":"Ignored","floor":19.0,"gold_loss":0.0,"damage_taken":0.0},{"damage_healed":0.0,"max_hp_gain":0.0,"max_hp_loss":0.0,"gold_gain":0.0,"event_name":"N\u0027loth","player_choice":"Ignored","floor":20.0,"gold_loss":0.0,"damage_taken":0.0},{"damage_healed":0.0,"max_hp_gain":0.0,"max_hp_loss":0.0,"gold_gain":0.0,"event_name":"Vampires","player_choice":"Ignored","floor":21.0,"gold_loss":0.0,"damage_taken":0.0},{"damage_healed":0.0,"max_hp_gain":0.0,"max_hp_loss":4.0,"gold_gain":0.0,"event_name":"Winding Halls","player_choice":"Max HP","floor":36.0,"gold_loss":0.0,"damage_taken":0.0},{"damage_healed":0.0,"max_hp_gain":0.0,"max_hp_loss":0.0,"gold_gain":999.0,"event_name":"MindBloom","player_choice":"Gold","floor":37.0,"gold_loss":0.0,"damage_taken":0.0,"cards_obtained":["Normality","Normality"]},{"damage_healed":0.0,"max_hp_gain":0.0,"max_hp_loss":0.0,"gold_gain":0.0,"event_name":"SensoryStone","player_choice":"Memory 3","floor":39.0,"gold_loss":0.0,"damage_taken":10.0},{"damage_healed":0,"gold_gain":0,"player_choice":"Ignored","damage_taken":0,"max_hp_gain":0,"max_hp_loss":0,"event_name":"Tomb of Lord Red Mask","floor":42,"gold_loss":0}],"is_beta":false,"boss_relics":[{"not_picked":["Black Star","Busted Crown"],"picked":"Snecko Eye"},{"not_picked":["Ring of the Serpent","SlaversCollar"],"picked":"Sozu"}],"items_purged_floors":[14,25,29,38,41,47],"is_endless":false,"potions_floor_spawned":[2,3,7,10,27,28,30,35],"ascension_level":0}}