{"host":"36t3qd3wjvajtu1z","time":1613598186,"event":{"mods":["2.2 Compatiblity","AchievementEnabler","BaseMod","Bestiary","Block Reminder","Colored Powertips","Curses Come First","Filter the Spire","Highlight Path","Minty Spire (QoL Compilation)","Permanent Neow","Quick Restart","Random Character Button","Rare Cards Sparkle","Relic Stats","Slay-I","StSLib","Unknown Chances"],"gold_per_floor":[118,118,134,144,159,159,175,206,232,252,265,265,299,314,314,392,392,412,412,42,74,74,74,54,104,104,104,121,148,162,189,189,262,262,278,295,320,320,339,373,373,398,398,419,447,447,19,38,38,38],"floor_reached":51,"language":"ENG","playtime":2686,"items_purged":["Strike_B","Strike_B"],"score":1666,"play_id":"6630d9ea-5332-44eb-b2dd-565652019a69","local_time":"20210217134306","is_ascension_mode":true,"campfire_choices":[{"data":"Reprogram","floor":6.0,"key":"SMITH"},{"data":"Hyperbeam","floor":12.0,"key":"SMITH"},{"data":"Hyperbeam","floor":15.0,"key":"SMITH"},{"floor":23.0,"key":"REST"},{"data":"Meteor Strike","floor":27.0,"key":"SMITH"},{"data":"Meteor Strike","floor":32.0,"key":"SMITH"},{"data":"Enlightenment","floor":41.0,"key":"SMITH"},{"data":"Undo","floor":46.0,"key":"SMITH"},{"data":"Hologram","floor":49.0,"key":"SMITH"}],"circlet_count":0,"master_deck":["AscendersBane","Strike_B","Strike_B","Defend_B","Defend_B","Defend_B+1","Defend_B","Zap","Dualcast","Hyperbeam+1","Sweeping Beam","All For One","Compile Driver","Reprogram+1","Gash+1","Steam","Conserve Battery+1","Conserve Battery","Hyperbeam+1","Conserve Battery","Meteor Strike+1","Steam","Meteor Strike+1","All For One+1","Self Repair","Gash","Streamline","All For One","Undo+1","Enlightenment+1","Sunder+1","Gash+1","Force Field+1","Hologram+1","Steam"],"relics":["Cracked Core","Juzu Bracelet","Ancient Tea Set","Snecko Eye","Nloth\u0027s Gift","DollysMirror","Toy Ornithopter","Red Mask","MealTicket","Whetstone","Potion Belt","Black Star","FossilizedHelix","Emotion Chip","Smiling Mask","War Paint","CeramicFish","White Beast Statue","Kunai"],"acts_visited":["Exordium","TheCity","TheBeyond"],"potions_floor_usage":[],"damage_taken":[{"damage":0.0,"enemies":"Small Slimes","floor":1.0,"turns":1.0},{"damage":0.0,"enemies":"Cultist","floor":3.0,"turns":2.0},{"damage":6.0,"enemies":"2 Louse","floor":4.0,"turns":3.0},{"damage":9.0,"enemies":"Red Slaver","floor":5.0,"turns":3.0},{"damage":0.0,"enemies":"Lots of Slimes","floor":7.0,"turns":1.0},{"damage":21.0,"enemies":"Lagavulin","floor":8.0,"turns":7.0},{"damage":0.0,"enemies":"Large Slime","floor":10.0,"turns":4.0},{"damage":6.0,"enemies":"Exordium Wildlife","floor":11.0,"turns":3.0},{"damage":6.0,"enemies":"3 Sentries","floor":13.0,"turns":3.0},{"damage":6.0,"enemies":"2 Fungi Beasts","floor":14.0,"turns":3.0},{"damage":3.0,"enemies":"Slime Boss","floor":16.0,"turns":7.0},{"damage":12.0,"enemies":"Chosen","floor":18.0,"turns":2.0},{"damage":0.0,"enemies":"Masked Bandits","floor":21.0,"turns":2.0},{"damage":0.0,"enemies":"Spheric Guardian","floor":28.0,"turns":3.0},{"damage":0.0,"enemies":"Slavers","floor":29.0,"turns":1.0},{"damage":0.0,"enemies":"Snecko","floor":30.0,"turns":2.0},{"damage":2.0,"enemies":"Book of Stabbing","floor":31.0,"turns":3.0},{"damage":0.0,"enemies":"Collector","floor":33.0,"turns":4.0},{"damage":2.0,"enemies":"3 Shapes","floor":35.0,"turns":4.0},{"damage":1.0,"enemies":"Orb Walker","floor":36.0,"turns":2.0},{"damage":7.0,"enemies":"Mind Bloom Boss Battle","floor":37.0,"turns":4.0},{"damage":0.0,"enemies":"4 Shapes","floor":39.0,"turns":4.0},{"damage":0.0,"enemies":"Reptomancer","floor":40.0,"turns":3.0},{"damage":0.0,"enemies":"Giant Head","floor":42.0,"turns":5.0},{"damage":0.0,"enemies":"Sphere and 2 Shapes","floor":44.0,"turns":1.0},{"damage":1.0,"enemies":"Maw","floor":45.0,"turns":7.0},{"damage":0.0,"enemies":"Transient","floor":48.0,"turns":5.0},{"damage":0,"enemies":"Awakened One","floor":50,"turns":9}],"seed_played":"-1013716041995654364","potions_obtained":[{"floor":5.0,"key":"SpeedPotion"},{"floor":7.0,"key":"Weak Potion"},{"floor":8.0,"key":"Fire Potion"},{"floor":14.0,"key":"SpeedPotion"},{"floor":16.0,"key":"CultistPotion"},{"floor":24.0,"key":"Regen Potion"},{"floor":30.0,"key":"AttackPotion"},{"floor":31.0,"key":"DistilledChaos"},{"floor":33.0,"key":"Block Potion"},{"floor":36.0,"key":"Explosive Potion"},{"floor":39.0,"key":"SteroidPotion"},{"floor":40.0,"key":"DistilledChaos"},{"floor":44.0,"key":"SkillPotion"},{"floor":45.0,"key":"DistilledChaos"}],"is_trial":false,"path_per_floor":["M","?","M","M","M","R","M","E","T","M","M","R","E","M","R","B",null,"M","?","$","?","?","R","?","?","T","R","M","E","M","E","R","B",null,"M","M","?","?","M","E","R","E","T","M","M","R","$","M","R","B",null],"character_chosen":"DEFECT","items_purchased":["DollysMirror","Toy Ornithopter","Hologram","Steam","Kunai","FearPotion"],"campfire_rested":1,"item_purchase_floors":[20,20,47,47,47,47],"current_hp_per_floor":[64,64,64,58,49,49,49,28,28,28,22,22,16,10,10,7,50,38,38,38,38,38,57,57,57,57,57,57,57,57,64,64,64,64,64,63,64,54,61,64,64,64,64,64,63,63,64,64,64,64],"gold":38,"neow_bonus":"THREE_RARE_CARDS","is_daily":false,"chose_seed":false,"campfire_upgraded":8,"win_rate":0.0,"timestamp":1613598186,"path_taken":["M","?","M","M","M","R","?","E","T","M","M","R","E","M","R","BOSS","M","?","$","?","?","R","?","?","T","R","M","E","M","E","R","BOSS","M","M","?","?","M","E","R","E","T","M","M","R","$","M","R","BOSS"],"items_purchased_type":["Relic","Relic","Card","Card","Relic","Potion"],"build_version":"2020-12-22","purchased_purges":2,"victory":true,"max_hp_per_floor":[64,64,64,64,64,64,64,64,64,64,64,64,64,64,64,64,64,64,64,64,64,64,64,64,64,64,64,64,64,64,64,64,64,64,64,64,64,64,64,64,64,64,64,64,64,64,64,64,64,64],"relic_stats":{"counters":[28,98],"CeramicFish":36,"Juzu Bracelet":3,"Whetstone":["All For One","Gash"],"War Paint":["Conserve Battery","Defend_B"],"Smiling Mask":50,"Emotion Chip":[3,0,0,0,3],"Snecko Eye":[110,100,123,97],"MealTicket":1,"Nloth\u0027s Gift":4,"Black Star":2,"Kunai":[15],"obtain_stats":[{"Potion Belt":31,"CeramicFish":42,"Juzu Bracelet":9,"Whetstone":29,"War Paint":42,"Ancient Tea Set":13,"Smiling Mask":40,"White Beast Statue":43,"DataDisk":8,"Emotion Chip":40,"DollysMirror":20,"Snecko Eye":17,"MealTicket":26,"Nloth\u0027s Gift":19,"Red Mask":21,"Black Star":34,"Kunai":47,"Cracked Core":0,"Toy Ornithopter":20,"FossilizedHelix":37},{"Potion Belt":17,"CeramicFish":24,"Juzu Bracelet":6,"Whetstone":15,"War Paint":24,"Ancient Tea Set":9,"Smiling Mask":23,"White Beast Statue":24,"DataDisk":6,"Emotion Chip":23,"DollysMirror":12,"Snecko Eye":11,"MealTicket":13,"Nloth\u0027s Gift":12,"Red Mask":13,"Black Star":18,"Kunai":26,"Cracked Core":0,"Toy Ornithopter":12,"FossilizedHelix":21},{"Potion Belt":50,"CeramicFish":76,"Juzu Bracelet":17,"Whetstone":45,"War Paint":76,"Ancient Tea Set":27,"Smiling Mask":71,"White Beast Statue":76,"DataDisk":17,"Emotion Chip":71,"DollysMirror":39,"Snecko Eye":37,"MealTicket":41,"Nloth\u0027s Gift":39,"Red Mask":41,"Black Star":54,"Kunai":84,"Cracked Core":0,"Toy Ornithopter":39,"FossilizedHelix":64}],"Toy Ornithopter":8},"card_choices":[{"not_picked":["Buffer","All For One"],"picked":"Hyperbeam","floor":0.0},{"not_picked":["Redo","Steam Power"],"picked":"Sweeping Beam","floor":1.0},{"not_picked":["Turbo","Tempest","Chaos"],"picked":"SKIP","floor":3.0},{"not_picked":["Steam","Force Field"],"picked":"Compile Driver","floor":4.0},{"not_picked":["Auto Shields","Double Energy"],"picked":"Reprogram","floor":5.0},{"not_picked":["Beam Cell","Leap"],"picked":"Gash","floor":7.0},{"not_picked":["Lockon","Fission"],"picked":"Steam","floor":8.0},{"not_picked":["Consume","Double Energy"],"picked":"Conserve Battery","floor":10.0},{"not_picked":["Fusion","Barrage"],"picked":"Conserve Battery","floor":11.0},{"not_picked":["Rebound","Leap"],"picked":"Hyperbeam","floor":13.0},{"not_picked":["Turbo","Chaos"],"picked":"Conserve Battery","floor":14.0},{"not_picked":["Creative AI","Seek"],"picked":"Meteor Strike","floor":16.0},{"not_picked":["Leap","Defragment"],"picked":"Steam","floor":18.0},{"not_picked":["Sweeping Beam","Conserve Battery"],"picked":"All For One","floor":21.0},{"not_picked":["Recycle","Streamline"],"picked":"Self Repair","floor":28.0},{"not_picked":["Compile Driver","Turbo","Heatsinks"],"picked":"SKIP","floor":29.0},{"not_picked":["Leap","Fusion"],"picked":"Gash","floor":30.0},{"not_picked":["Capacitor","Compile Driver+1"],"picked":"Streamline","floor":31.0},{"not_picked":["Core Surge","Creative AI"],"picked":"All For One","floor":33.0},{"not_picked":["Conserve Battery","Coolheaded","Streamline"],"picked":"SKIP","floor":35.0},{"not_picked":["Coolheaded+1","Gash"],"picked":"Undo","floor":36.0},{"not_picked":["Panache","Thinking Ahead"],"picked":"Enlightenment","floor":38.0},{"not_picked":["Hologram","Rebound+1"],"picked":"Sunder+1","floor":39.0},{"not_picked":["Beam Cell","Ball Lightning","Chill"],"picked":"SKIP","floor":40.0},{"not_picked":["Leap","Biased Cognition","Melter"],"picked":"SKIP","floor":42.0},{"not_picked":["Ball Lightning","Hologram"],"picked":"Gash+1","floor":44.0},{"not_picked":["Multi-Cast","Barrage+1"],"picked":"Force Field+1","floor":45.0},{"not_picked":["Gash+1","Stack","Leap"],"picked":"SKIP","floor":48.0}],"player_experience":542649,"relics_obtained":[{"floor":8.0,"key":"DataDisk"},{"floor":9.0,"key":"Juzu Bracelet"},{"floor":13.0,"key":"Ancient Tea Set"},{"floor":21.0,"key":"Red Mask"},{"floor":26.0,"key":"MealTicket"},{"floor":29.0,"key":"Whetstone"},{"floor":31.0,"key":"Potion Belt"},{"floor":37.0,"key":"FossilizedHelix"},{"floor":40.0,"key":"Emotion Chip"},{"floor":40.0,"key":"Smiling Mask"},{"floor":42.0,"key":"War Paint"},{"floor":42.0,"key":"CeramicFish"},{"floor":43.0,"key":"White Beast Statue"}],"event_choices":[{"damage_healed":0.0,"max_hp_gain":0.0,"max_hp_loss":0.0,"gold_gain":0.0,"event_name":"Match and Keep!","player_choice":"1 cards matched","floor":2.0,"gold_loss":0.0,"damage_taken":0.0,"cards_obtained":["All For One"]},{"damage_healed":0.0,"max_hp_gain":0.0,"max_hp_loss":0.0,"gold_gain":0.0,"event_name":"N\u0027loth","player_choice":"Traded Relic","floor":19.0,"relics_lost":["DataDisk"],"gold_loss":0.0,"damage_taken":0.0,"relics_obtained":["Nloth\u0027s Gift"]},{"damage_healed":0.0,"max_hp_gain":0.0,"max_hp_loss":0.0,"gold_gain":0.0,"event_name":"Masked Bandits","player_choice":"Fought Bandits","floor":21.0,"gold_loss":0.0,"damage_taken":0.0},{"damage_healed":0.0,"max_hp_gain":0.0,"max_hp_loss":0.0,"gold_gain":0.0,"event_name":"The Woman in Blue","player_choice":"Bought 1 Potion","floor":24.0,"gold_loss":0.0,"damage_taken":0.0},{"damage_healed":0.0,"max_hp_gain":0.0,"max_hp_loss":0.0,"gold_gain":50.0,"event_name":"Golden Shrine","player_choice":"Pray","floor":25.0,"gold_loss":0.0,"damage_taken":0.0},{"damage_healed":0.0,"max_hp_gain":0.0,"max_hp_loss":0.0,"gold_gain":0.0,"event_name":"MindBloom","player_choice":"Fight","floor":37.0,"gold_loss":0.0,"damage_taken":0.0},{"damage_healed":0.0,"max_hp_gain":0.0,"max_hp_loss":0.0,"gold_gain":0.0,"event_name":"SensoryStone","player_choice":"Memory 3","floor":38.0,"gold_loss":0.0,"damage_taken":10.0}],"is_beta":false,"boss_relics":[{"not_picked":["Coffee Dripper","Velvet Choker"],"picked":"Snecko Eye"},{"not_picked":["Inserter","Cursed Key"],"picked":"Black Star"}],"items_purged_floors":[20,47],"is_endless":false,"potions_floor_spawned":[5,7,8,10,14,16,29,30,31,33,36,39,40,44,45,48],"ascension_level":15}}