{"host":"zlmf7uudqr1sj8t0","time":1613542244,"event":{"mods":["BaseMod","Colored Map","DeckTracker","Highlight Path","Minty Spire (QoL Compilation)"],"gold_per_floor":[12,23,41,41,58,58,92,107,185,204,204,228,262,262,262,367,367,387,398,398,409,139,166,166,192,266,266,266,277,311,321,321,422,422,432,448,498,152,197,197,197,197],"floor_reached":41,"language":"ENG","playtime":3260,"items_purged":["Writhe","Biased Cognition"],"score":530,"play_id":"6136eb7b-b1d2-4c93-b715-7852a5a5916a","local_time":"20210216221044","is_ascension_mode":true,"campfire_choices":[{"data":"Metamorphosis","floor":6,"key":"SMITH"},{"data":"Hologram","floor":11,"key":"SMITH"},{"floor":15,"key":"REST"},{"floor":24,"key":"REST"},{"data":"Electrodynamics","floor":27,"key":"SMITH"},{"data":"Static Discharge","floor":32,"key":"SMITH"},{"floor":40,"key":"REST"}],"circlet_count":0,"master_deck":["Strike_B","Strike_B","Strike_B","Defend_B","Defend_B","Defend_B","Defend_B","Zap","Dualcast","Metamorphosis+1","Self Repair","Rebound","Rebound","Beam Cell","Steam","Hologram+1","Conserve Battery","Beam Cell","Electrodynamics+1","CurseOfTheBell","Lockon","Static Discharge+1","Defragment","Hologram+1","Static Discharge","FTL+1","White Noise+1","Self Repair+1"],"relics":["Cracked Core","WingedGreaves","Letter Opener","Odd Mushroom","Calipers","WarpedTongs","Calling Bell","Regal Pillow","Mummified Hand","CaptainsWheel","PreservedInsect","Nunchaku","Toxic Egg 2","HornCleat","Pocketwatch","Philosopher\u0027s Stone","StoneCalendar","Mercury Hourglass","Thread and Needle"],"acts_visited":["Exordium","TheCity","TheBeyond"],"potions_floor_usage":[16,23,25,33,39],"damage_taken":[{"damage":14,"enemies":"Small Slimes","floor":1,"turns":4},{"damage":1,"enemies":"2 Louse","floor":2,"turns":2},{"damage":1,"enemies":"Cultist","floor":3,"turns":3},{"damage":8,"enemies":"Blue Slaver","floor":5,"turns":3},{"damage":20,"enemies":"Lagavulin","floor":7,"turns":5},{"damage":0,"enemies":"Large Slime","floor":8,"turns":4},{"damage":11,"enemies":"2 Fungi Beasts","floor":10,"turns":3},{"damage":15,"enemies":"The Mushroom Lair","floor":12,"turns":4},{"damage":29,"enemies":"Gremlin Nob","floor":13,"turns":4},{"damage":48,"enemies":"The Guardian","floor":16,"turns":9},{"damage":4,"enemies":"3 Byrds","floor":18,"turns":4},{"damage":9,"enemies":"Shell Parasite","floor":19,"turns":5},{"damage":24,"enemies":"Sentry and Sphere","floor":21,"turns":5},{"damage":23,"enemies":"Book of Stabbing","floor":23,"turns":4},{"damage":29,"enemies":"Slavers","floor":25,"turns":4},{"damage":4,"enemies":"Cultist and Chosen","floor":29,"turns":4},{"damage":2,"enemies":"Book of Stabbing","floor":30,"turns":4},{"damage":13,"enemies":"Snake Plant","floor":31,"turns":3},{"damage":26,"enemies":"Collector","floor":33,"turns":7},{"damage":12,"enemies":"Orb Walker","floor":35,"turns":3},{"damage":37,"enemies":"3 Darklings","floor":36,"turns":3},{"damage":0,"enemies":"Mind Bloom Boss Battle","floor":37,"turns":5},{"damage":22,"enemies":"2 Orb Walkers","floor":39,"turns":2},{"damage":50,"enemies":"Giant Head","floor":41,"turns":6}],"seed_played":"-972188070856937866","potions_obtained":[{"floor":2,"key":"BlessingOfTheForge"},{"floor":3,"key":"FairyPotion"},{"floor":12,"key":"SkillPotion"},{"floor":18,"key":"PowerPotion"},{"floor":21,"key":"Explosive Potion"},{"floor":25,"key":"BlessingOfTheForge"},{"floor":37,"key":"FocusPotion"},{"floor":39,"key":"LiquidBronze"}],"is_trial":false,"path_per_floor":["M","M","M","$","M","R","E","M","T","M","R","?","E","?","R","B",null,"M","M","?","M","$","E","R","E","T","R","?","M","E","M","R","B",null,"M","M","?","$","?","R","E"],"character_chosen":"DEFECT","items_purchased":["PreservedInsect","Static Discharge","Mercury Hourglass"],"campfire_rested":3,"item_purchase_floors":[22,22,38],"current_hp_per_floor":[61,60,59,59,58,58,45,52,52,48,48,33,11,11,33,14,75,71,62,62,45,45,29,66,44,44,44,69,65,70,64,64,45,75,63,26,33,33,11,48,0,0],"gold":197,"neow_bonus":"RANDOM_COLORLESS_2","is_daily":false,"chose_seed":false,"campfire_upgraded":4,"win_rate":0.0,"timestamp":1613542244,"path_taken":["M","M","M","$","M","R","E","M","T","M","R","?","E","?","R","BOSS","M","M","?","M","$","E","R","E","T","R","?","M","E","M","R","BOSS","M","M","?","$","?","R","E"],"items_purchased_type":["Relic","Card","Relic"],"build_version":"2020-12-22","purchased_purges":2,"victory":false,"max_hp_per_floor":[75,75,75,75,75,75,75,75,75,75,75,75,75,75,75,75,75,75,75,75,75,75,75,75,75,75,75,75,75,75,75,75,75,75,75,75,75,75,75,75,75,75],"card_choices":[{"not_picked":["Chrysalis","Secret Technique"],"picked":"Metamorphosis","floor":0},{"not_picked":["Lockon","Turbo"],"picked":"Self Repair","floor":1},{"not_picked":["Loop","Compile Driver"],"picked":"Rebound","floor":2},{"not_picked":["Turbo","Leap"],"picked":"Rebound","floor":3},{"not_picked":["Redo","Ball Lightning"],"picked":"Beam Cell","floor":5},{"not_picked":["Chill","Blizzard","Doom and Gloom"],"picked":"SKIP","floor":7},{"not_picked":["Thunder Strike","Turbo"],"picked":"Steam","floor":8},{"not_picked":["Rip and Tear","Steam"],"picked":"Hologram","floor":10},{"not_picked":["Sunder","Stack"],"picked":"Conserve Battery","floor":12},{"not_picked":["Force Field","Meteor Strike"],"picked":"Beam Cell","floor":13},{"not_picked":["Meteor Strike","Fission"],"picked":"Electrodynamics","floor":16},{"not_picked":["Turbo","Sweeping Beam+1"],"picked":"Lockon","floor":18},{"not_picked":["Aggregate","Stack+1"],"picked":"Static Discharge","floor":19},{"not_picked":["Barrage","Sweeping Beam"],"picked":"Hologram+1","floor":21},{"not_picked":["BootSequence","Redo","Chill"],"picked":"SKIP","floor":23},{"not_picked":["Echo Form","Hologram+1"],"picked":"Biased Cognition","floor":25},{"not_picked":["Ball Lightning","Steam Power+1"],"picked":"FTL+1","floor":29},{"not_picked":["Self Repair","Ball Lightning+1"],"picked":"White Noise+1","floor":30},{"not_picked":["Conserve Battery+1","Sweeping Beam","Go for the Eyes"],"picked":"SKIP","floor":31},{"not_picked":["Barrage","Streamline","Go for the Eyes+1"],"picked":"SKIP","floor":35},{"not_picked":["Compile Driver+1","Stack+1","Hello World+1"],"picked":"SKIP","floor":36},{"not_picked":["White Noise+1","Sweeping Beam+1"],"picked":"Self Repair+1","floor":39}],"player_experience":168945,"relics_obtained":[{"floor":7,"key":"WingedGreaves"},{"floor":9,"key":"Letter Opener"},{"floor":12,"key":"Odd Mushroom"},{"floor":13,"key":"Calipers"},{"floor":17,"key":"Regal Pillow"},{"floor":17,"key":"Mummified Hand"},{"floor":17,"key":"CaptainsWheel"},{"floor":23,"key":"Nunchaku"},{"floor":25,"key":"Toxic Egg 2"},{"floor":26,"key":"HornCleat"},{"floor":30,"key":"Pocketwatch"},{"floor":37,"key":"StoneCalendar"},{"floor":39,"key":"Thread and Needle"}],"event_choices":[{"damage_healed":0,"gold_gain":0,"player_choice":"Fought Mushrooms","damage_taken":0,"max_hp_gain":0,"max_hp_loss":0,"event_name":"Mushrooms","floor":12,"gold_loss":0},{"damage_healed":0,"gold_gain":0,"player_choice":"Rummage","damage_taken":0,"relics_obtained":["WarpedTongs"],"max_hp_gain":0,"max_hp_loss":0,"event_name":"Accursed Blacksmith","floor":14,"gold_loss":0,"cards_obtained":["Pain"]},{"damage_healed":0,"gold_gain":0,"cards_transformed":["Pain","Strike_B"],"player_choice":"Became Test Subject","damage_taken":0,"max_hp_gain":0,"max_hp_loss":0,"event_name":"Drug Dealer","floor":20,"gold_loss":0,"cards_obtained":["Writhe","Defragment"]},{"damage_healed":25,"gold_gain":0,"player_choice":"Heal","damage_taken":0,"max_hp_gain":0,"max_hp_loss":0,"event_name":"The Library","floor":28,"gold_loss":0},{"damage_healed":0,"gold_gain":0,"player_choice":"Fight","damage_taken":0,"max_hp_gain":0,"max_hp_loss":0,"event_name":"MindBloom","floor":37,"gold_loss":0},{"damage_healed":0,"gold_gain":0,"player_choice":"Fight","damage_taken":0,"max_hp_gain":0,"max_hp_loss":0,"event_name":"Mysterious Sphere","floor":39,"gold_loss":0}],"is_beta":false,"boss_relics":[{"not_picked":["Empty Cage","SlaversCollar"],"picked":"Calling Bell"},{"not_picked":["Velvet Choker","Sozu"],"picked":"Philosopher\u0027s Stone"}],"items_purged_floors":[22,38],"is_endless":false,"potions_floor_spawned":[2,3,12,18,21,25,29,37,39],"killed_by":"Giant Head","ascension_level":3}}