{"host":"leop","time":1613578757,"event":{"mods":["ATMod(°¢èªMod)","Act Like it!","BaseMod","GifTheSpireLib","Lobotomy","LobotomyExtend","Minty Spire (QoL Compilation)","MostiFishMod","Pale of the Ancients","Quick Restart","Reliquary","Shop Mod","Spicy Shops","StSLib","TestMod","¡¾ÒÅÎï¿¨ÅÆ¡¿REMEMod"],"gold_per_floor":[118,118,518,518,5,5,37,62,62,91,124,157,185,185,185,264,264,281,206,206,225,241,269,296,331,358,358,376,376,376,376,376,453,453,473,525,525,536,547,581,612,639,666,693,721,721,750,766,766,766,766],"floor_reached":52,"language":"ZHS","playtime":1755,"items_purged":["Decay"],"score":3481,"play_id":"a40e22ba-cfa7-4eea-8e57-5967272c0eeb","local_time":"20210218001917","daily_mods":["SealedDeck","Heirloom","Time Dilation","Flight","DeadlyEvents"],"is_ascension_mode":true,"campfire_choices":[{"data":"Fasting2","floor":6.0,"key":"SMITH"},{"floor":15.0,"key":"RECALL"},{"data":"Protect","floor":27,"key":"PURGE"},{"data":"Consecrate","floor":30,"key":"PURGE"},{"data":"Protect","floor":32,"key":"PURGE"},{"data":"Consecrate","floor":49,"key":"PURGE"}],"circlet_count":0,"master_deck":["AscendersBane","MostiFishMod:Speedup+1","EmptyFist+1","FearNoEvil+1","Indignation+1","CutThroughFate+1","Adaptation+1","LessonLearned","Tantrum+1","Pray","Prostrate+1","FlurryOfBlows+1","Adaptation","Brilliance+1","TalkToTheHand","MostiFishMod:StarHerder+1","AT_ChampionStep+1","MostiFishMod:Adaptation+1","FlurryOfBlows"],"relics":["PureWater","AT_ATBox","DaveBox","REME_ComplimentaryCards","AT_LudenTempest","testmod-Fortitude","OneHitWonderSystem","SynthV:TestCard","LetterFromLob","BirthdayGift-Tetrahedron","testmod-OneHitWonder","Darkstone Periapt","reliquary:PartyBalloon","reliquary:Vitrine","reliquary:RoseTintedGlasses","Bronze Scales","Toy Ornithopter","ImprovedEquipment","Coffee Dripper","Peace Pipe","reliquary:BoilingFlask","testmod-Antiphasic","AT_BellDemon","testmod-Justice","Runic Pyramid","reliquary:GummyVitamins","reliquary:RosewoodLute","Frozen Egg 2","testmod-Brilliant","testmod-LifeArmor","Nunchaku","AT_SunfireAegis","Kunai","testmod-AssaultLearning","testmod-IndustrialRevolution","Ornamental Fan","Omamori","reliquary:Dhvaja","Bottled Tornado","TeardropLocket","testmod-TurbochargingSystem","Dream Catcher","reliquary:Boomerang","testmod-RandomTest"],"acts_visited":["Exordium","TheCity","TheBeyond"],"potions_floor_usage":[52],"damage_taken":[{"damage":0.0,"enemies":"Cultist","floor":1.0,"turns":2.0},{"damage":0.0,"enemies":"Lagavulin","floor":7.0,"turns":3.0},{"damage":0.0,"enemies":"3 Sentries","floor":8.0,"turns":2.0},{"damage":0.0,"enemies":"Lagavulin","floor":10.0,"turns":2.0},{"damage":0.0,"enemies":"3 Sentries","floor":11.0,"turns":2.0},{"damage":0.0,"enemies":"Gremlin Nob","floor":12.0,"turns":1.0},{"damage":0.0,"enemies":"3 Sentries","floor":13.0,"turns":3.0},{"damage":0,"enemies":"Hexaghost","floor":16,"turns":2},{"damage":0,"enemies":"2 Thieves","floor":18,"turns":2},{"damage":0,"enemies":"Spheric Guardian","floor":21,"turns":1},{"damage":0,"enemies":"Shelled Parasite and Fungi","floor":22,"turns":1},{"damage":0,"enemies":"Gremlin Leader","floor":23,"turns":2},{"damage":0,"enemies":"Slavers","floor":24,"turns":2},{"damage":0,"enemies":"Gremlin Leader","floor":25,"turns":1},{"damage":0,"enemies":"Snake Plant","floor":28,"turns":1},{"damage":0,"enemies":"Champ","floor":33,"turns":2},{"damage":0,"enemies":"Orb Walker","floor":35,"turns":1},{"damage":0,"enemies":"2 Orb Walkers","floor":36,"turns":2},{"damage":0,"enemies":"3 Darklings","floor":38,"turns":1},{"damage":0,"enemies":"Writhing Mass","floor":39,"turns":2},{"damage":0,"enemies":"Nemesis","floor":40,"turns":1},{"damage":0,"enemies":"Reptomancer","floor":41,"turns":1},{"damage":0,"enemies":"Nemesis","floor":42,"turns":1},{"damage":0,"enemies":"Reptomancer","floor":44,"turns":1},{"damage":0,"enemies":"Giant Head","floor":45,"turns":2},{"damage":0,"enemies":"Nemesis","floor":47,"turns":1},{"damage":0,"enemies":"4 Shapes","floor":48,"turns":1},{"damage":0,"enemies":"Awakened One","floor":50,"turns":3},{"damage":0,"enemies":"Time Eater","floor":51,"turns":2},{"damage":0,"enemies":"Malkuth","floor":52,"turns":1},{"damage":0,"enemies":"Netzach","floor":52,"turns":1},{"damage":0,"enemies":"Chesed","floor":52,"turns":1},{"damage":0,"enemies":"Binah","floor":52,"turns":4},{"damage":0,"enemies":"Angela","floor":52,"turns":2}],"seed_played":"3690063946994200259","potions_obtained":[{"floor":1.0,"key":"PowerPotion"},{"floor":11.0,"key":"SmokeBomb"},{"floor":44,"key":"DuplicationPotion"}],"is_trial":true,"path_per_floor":["M","?","?","T","$","R","E","E","T","E","E","E","E","T","R","B",null,"M","$","?","M","M","E","E","E","T","R","M","E","R","T","R","B",null,"M","?","T","M","M","E","E","E","T","E","E","$","E","M","R","B","B",null],"character_chosen":"WATCHER","items_purchased":["BirthdayGift-Tetrahedron"],"campfire_rested":0,"item_purchase_floors":[5],"current_hp_per_floor":[1,1,1,1,1,1,1,1,1,1,1,1,1,1,1,1,1,1,1,1,1,1,1,1,1,1,1,1,1,1,1,1,1,1,1,1,1,1,1,1,1,1,1,1,1,1,1,1,1,1,1],"gold":766,"neow_bonus":"","is_daily":false,"chose_seed":false,"campfire_upgraded":1,"win_rate":0.0,"timestamp":1613578757,"path_taken":["M","?","?","?","$","R","E","?","T","E","E","E","E","?","R","BOSS","M","$","?","M","M","E","E","E","T","R","?","E","R","?","R","BOSS","M","?","?","M","?","E","E","E","T","E","?","$","E","M","R","BOSS","BOSS"],"items_purchased_type":["Relic"],"build_version":"2020-12-18","purchased_purges":1,"victory":true,"max_hp_per_floor":[1,1,1,1,1,1,1,1,1,1,1,1,1,1,1,1,1,1,1,1,1,1,1,1,1,1,1,1,1,1,1,1,1,1,1,1,1,1,1,1,1,1,1,1,1,1,1,1,1,1,1],"card_choices":[{"not_picked":["Halt","Evaluate","Consecrate"],"picked":"SKIP","floor":1.0},{"not_picked":["Crescendo","SashWhip","Vengeance","EmptyMind","FlyingSleeves"],"picked":"SKIP","floor":7.0},{"not_picked":["AT_RealFormLess","EmptyFist","InnerPeace","AT_OneInchPunch","MostiFishMod:Speedup"],"picked":"SKIP","floor":8.0},{"not_picked":["Study","AT_SoftenMuscles","AT_ChampionStep","MostiFishMod:PathToVictory"],"picked":"LessonLearned","floor":10.0},{"not_picked":["Halt","ThirdEye","PathToVictory","MostiFishMod:FlowState"],"picked":"Tantrum","floor":11.0},{"not_picked":["SandsOfTime","MostiFishMod:Speedup","Nirvana","EmptyFist"],"picked":"Pray","floor":12.0},{"not_picked":["FollowUp","MostiFishMod:Minus","FlyingSleeves","AT_SoftenMuscles","Wireheading"],"picked":"SKIP","floor":13.0},{"not_picked":["JustLucky+1","PathToVictory","REME_Repentance","BowlingBash"],"picked":"Prostrate+1","floor":18},{"not_picked":["REME_MusicOfDeath","Sanctity+1","WaveOfTheHand","BattleHymn","PathToVictory"],"picked":"SKIP","floor":21},{"not_picked":["JustLucky","PathToVictory","Protect+1","SashWhip","SignatureMove+1"],"picked":"SKIP","floor":22},{"not_picked":["AT_RealColorLess","Halt","MostiFishMod:Speedup","ForeignInfluence","AT_DivineConfetti"],"picked":"SKIP","floor":23},{"not_picked":["Consecrate","MostiFishMod:StarLaLaLa","ClearTheMind","BowlingBash","WreathOfFlame"],"picked":"SKIP","floor":24},{"not_picked":["CrushJoints+1","WaveOfTheHand","BattleHymn","Perseverance","AT_IrregularMenstruation"],"picked":"SKIP","floor":25},{"not_picked":["DeceiveReality","Fasting2","AT_ChampionStep","Conclude"],"picked":"Adaptation","floor":28},{"not_picked":["LessonLearned","REME_CRH","MostiFishMod:StarWish","DevaForm"],"picked":"Brilliance","floor":33},{"not_picked":["MentalFortress","CutThroughFate","Sanctity","EmptyBody","Weave+1"],"picked":"SKIP","floor":35},{"not_picked":["ClearTheMind","FlurryOfBlows+1","LikeWater+1","SashWhip+1","Swivel"],"picked":"SKIP","floor":38},{"not_picked":["REME_Repentance+1","MostiFishMod:KamiSmash","ClearTheMind","BowlingBash"],"picked":"TalkToTheHand","floor":39},{"not_picked":["ClearTheMind","Adaptation+1","DeceiveReality+1","Wireheading+1","Nirvana+1"],"picked":"SKIP","floor":40},{"not_picked":["Halt","Collect+1","Evaluate","MostiFishMod:PathToVictory","ReachHeaven"],"picked":"SKIP","floor":41},{"not_picked":["PathToVictory+1","BowlingBash","AT_RealColorLess+1","EmptyBody","Meditate"],"picked":"SKIP","floor":42},{"not_picked":["ClearTheMind","Collect","Crescendo+1","Prostrate"],"picked":"MostiFishMod:StarHerder+1","floor":44},{"not_picked":["ReachHeaven","Prostrate","ClearTheMind","MostiFishMod:Speedup+1"],"picked":"AT_ChampionStep+1","floor":45},{"not_picked":["Evaluate","MostiFishMod:DustFall+1","Crescendo","CrushJoints"],"picked":"MostiFishMod:Adaptation+1","floor":47},{"not_picked":["AT_DivineConfetti","Crescendo+1","Consecrate","PathToVictory+1"],"picked":"FlurryOfBlows","floor":48}],"player_experience":1222161,"relics_obtained":[{"floor":1.0,"key":"SynthV:TestCard"},{"floor":1.0,"key":"LetterFromLob"},{"floor":7.0,"key":"testmod-OneHitWonder"},{"floor":8.0,"key":"Darkstone Periapt"},{"floor":9.0,"key":"reliquary:PartyBalloon"},{"floor":10.0,"key":"reliquary:Vitrine"},{"floor":11.0,"key":"reliquary:RoseTintedGlasses"},{"floor":12.0,"key":"Bronze Scales"},{"floor":13.0,"key":"Toy Ornithopter"},{"floor":14.0,"key":"ImprovedEquipment"},{"floor":24,"key":"Peace Pipe"},{"floor":25,"key":"reliquary:BoilingFlask"},{"floor":26,"key":"testmod-Antiphasic"},{"floor":31,"key":"AT_BellDemon"},{"floor":33,"key":"testmod-Justice"},{"floor":35,"key":"reliquary:GummyVitamins"},{"floor":36,"key":"reliquary:RosewoodLute"},{"floor":37,"key":"Frozen Egg 2"},{"floor":38,"key":"testmod-Brilliant"},{"floor":39,"key":"testmod-LifeArmor"},{"floor":40,"key":"Nunchaku"},{"floor":40,"key":"AT_SunfireAegis"},{"floor":41,"key":"Kunai"},{"floor":41,"key":"testmod-AssaultLearning"},{"floor":42,"key":"testmod-IndustrialRevolution"},{"floor":42,"key":"Ornamental Fan"},{"floor":43,"key":"Omamori"},{"floor":44,"key":"reliquary:Dhvaja"},{"floor":44,"key":"Bottled Tornado"},{"floor":45,"key":"TeardropLocket"},{"floor":45,"key":"testmod-TurbochargingSystem"},{"floor":47,"key":"Dream Catcher"},{"floor":47,"key":"reliquary:Boomerang"},{"floor":48,"key":"testmod-RandomTest"}],"event_choices":[{"damage_healed":0.0,"max_hp_gain":0.0,"max_hp_loss":0.0,"gold_gain":400.0,"event_name":"¶÷ÂåË¹µÄÅÌ×Ó","player_choice":"Sell","floor":3.0,"relics_lost":["testmod-TestBox"],"gold_loss":0.0,"damage_taken":0.0},{"damage_healed":0,"gold_gain":0,"player_choice":"Read","damage_taken":0,"max_hp_gain":0,"max_hp_loss":0,"event_name":"The Library","floor":20,"gold_loss":0,"cards_obtained":["FlurryOfBlows"]},{"damage_healed":0,"gold_gain":0,"player_choice":"Fight","damage_taken":0,"max_hp_gain":0,"max_hp_loss":0,"event_name":"Mysterious Sphere","floor":36,"gold_loss":0}],"is_beta":true,"boss_relics":[{"not_picked":["reliquary:Ember","SlaversCollar"],"picked":"Coffee Dripper"},{"not_picked":["FeatherPendant","testmod-SaigiyounoYou"],"picked":"Runic Pyramid"}],"items_purged_floors":[19],"is_endless":false,"potions_floor_spawned":[1,11,12,13,21,22,28,33,39,40,42,44,45],"ascension_level":20}}