{"host":"ue7jlgf7uv134an9","time":1613546172,"event":{"mods":["BaseMod","Better Third Choice","Colored Map","Defuse TimeMaze Blight","Minty Spire (QoL Compilation)","Quick Restart","Rare Cards Sparkle","Relic Stats","StSLib","UnlockEverythingMod"],"gold_per_floor":[118,118,137,152,171,199,77,77,77,77,97,97,118,43,43,171,171,195,213,213,213,227,227,227,246,272,285,310,310,310,324,324,454,454,478,497,521,521,542,542,542,605,605,85,85,100,121,121,121,121],"floor_reached":51,"language":"ENG","playtime":1707,"items_purged":["Catalyst","Strike_G+1"],"score":778,"play_id":"efffee6e-50d6-4bf6-a61d-f95ca41a628c","local_time":"20210217021612","is_ascension_mode":false,"campfire_choices":[{"data":"Cloak And Dagger","floor":8.0,"key":"SMITH"},{"data":"Dagger Spray","floor":10.0,"key":"SMITH"},{"floor":15.0,"key":"REST"},{"data":"Phantasmal Killer","floor":23.0,"key":"SMITH"},{"data":"Sucker Punch","floor":32,"key":"SMITH"},{"data":"Adrenaline","floor":40,"key":"SMITH"},{"data":"Neutralize","floor":49,"key":"SMITH"}],"circlet_count":0,"master_deck":["Strike_G+1","Defend_G+1","Defend_G+1","Defend_G+1","Defend_G+1","Survivor","Neutralize+1","Adrenaline+1","Dagger Spray+1","Backstab","Sucker Punch+1","Cloak And Dagger+1","Blur","Slice","Blade Dance","Accuracy+1","Footwork+1","Phantasmal Killer+1","Backflip","Blade Dance","Predator+1","Die Die Die","Backflip","Wraith Form v2+1","Well Laid Plans+1","PiercingWail+1","Cloak And Dagger","Panache+1","Flash of Steel","PiercingWail"],"relics":["Ring of the Snake","Ornamental Fan","Frozen Egg 2","Golden Idol","Philosopher\u0027s Stone","Enchiridion","Oddly Smooth Stone","SacredBark","Thread and Needle","Bag of Marbles","White Beast Statue"],"acts_visited":["Exordium","TheCity","TheBeyond"],"potions_floor_usage":[33,39,42,50,50,50],"damage_taken":[{"damage":0.0,"enemies":"Cultist","floor":1.0,"turns":4.0},{"damage":0.0,"enemies":"Small Slimes","floor":3.0,"turns":2.0},{"damage":0.0,"enemies":"Jaw Worm","floor":4.0,"turns":2.0},{"damage":0.0,"enemies":"Blue Slaver","floor":5.0,"turns":3.0},{"damage":17.0,"enemies":"Gremlin Nob","floor":6.0,"turns":4.0},{"damage":0.0,"enemies":"Large Slime","floor":11.0,"turns":3.0},{"damage":0.0,"enemies":"Exordium Wildlife","floor":13.0,"turns":2.0},{"damage":10.0,"enemies":"The Guardian","floor":16.0,"turns":13.0},{"damage":0.0,"enemies":"2 Thieves","floor":18.0,"turns":4.0},{"damage":0.0,"enemies":"Spheric Guardian","floor":19.0,"turns":3.0},{"damage":0.0,"enemies":"3 Cultists","floor":22.0,"turns":4.0},{"damage":0,"enemies":"Snake Plant","floor":25,"turns":3},{"damage":0,"enemies":"Sentry and Sphere","floor":27,"turns":3},{"damage":0,"enemies":"Chosen and Byrds","floor":28,"turns":3},{"damage":1,"enemies":"Shelled Parasite and Fungi","floor":31,"turns":3},{"damage":0,"enemies":"Automaton","floor":33,"turns":8},{"damage":0,"enemies":"3 Shapes","floor":35,"turns":2},{"damage":0,"enemies":"Orb Walker","floor":36,"turns":2},{"damage":0,"enemies":"Transient","floor":37,"turns":5},{"damage":0,"enemies":"Jaw Worm Horde","floor":39,"turns":5},{"damage":0,"enemies":"Mind Bloom Boss Battle","floor":42,"turns":5},{"damage":0,"enemies":"Sphere and 2 Shapes","floor":46,"turns":4},{"damage":0,"enemies":"Maw","floor":47,"turns":5},{"damage":0,"enemies":"Awakened One","floor":50,"turns":12}],"seed_played":"-2655491728298006326","potions_obtained":[{"floor":1.0,"key":"Ancient Potion"},{"floor":2.0,"key":"Fruit Juice"},{"floor":2.0,"key":"PowerPotion"},{"floor":2.0,"key":"Dexterity Potion"},{"floor":11.0,"key":"Block Potion"},{"floor":33,"key":"SpeedPotion"},{"floor":39,"key":"Poison Potion"},{"floor":46,"key":"Swift Potion"},{"floor":47,"key":"Explosive Potion"}],"is_trial":false,"path_per_floor":["M","?","M","M","M","E","$","R","T","R","M","?","M","$","R","B",null,"M","M","?","?","M","R","?","M","T","M","M","?","?","M","R","B",null,"M","M","M","?","M","R","?","?","T","$","?","M","M","?","R","B",null],"character_chosen":"THE_SILENT","items_purchased":["Slice","Footwork+1","Panache+1","White Beast Statue"],"campfire_rested":1,"item_purchase_floors":[7,14,44,44],"current_hp_per_floor":[63,68,68,68,68,51,51,51,51,51,51,34,34,34,54,44,68,68,68,68,68,68,68,52,52,52,52,52,52,52,51,51,51,68,68,68,68,68,68,68,68,68,68,68,68,68,68,68,68,68],"gold":121,"neow_bonus":"TRANSFORM_TWO_CARDS","is_daily":false,"chose_seed":false,"campfire_upgraded":6,"win_rate":0.0,"timestamp":1613546172,"path_taken":["M","?","M","M","M","E","?","R","T","R","M","?","?","$","R","BOSS","M","M","?","?","M","R","?","M","T","M","?","?","?","M","R","BOSS","M","M","?","?","?","R","?","?","T","$","?","M","M","?","R","BOSS"],"items_purchased_type":["Card","Card","Card","Relic"],"build_version":"2020-12-22","purchased_purges":2,"victory":true,"max_hp_per_floor":[63,68,68,68,68,68,68,68,68,68,68,68,68,68,68,68,68,68,68,68,68,68,68,68,68,68,68,68,68,68,68,68,68,68,68,68,68,68,68,68,68,68,68,68,68,68,68,68,68,68],"relic_stats":{"counters":[24,104],"Ornamental Fan":[312],"Golden Idol":145,"obtain_stats":[{"Ornamental Fan":6,"Golden Idol":12,"SacredBark":34,"Enchiridion":24,"Oddly Smooth Stone":26,"Philosopher\u0027s Stone":17,"Thread and Needle":42,"Bag of Marbles":43,"Frozen Egg 2":9,"White Beast Statue":44,"Ring of the Snake":0},{"Ornamental Fan":5,"Golden Idol":6,"SacredBark":16,"Enchiridion":11,"Oddly Smooth Stone":12,"Philosopher\u0027s Stone":8,"Thread and Needle":21,"Bag of Marbles":21,"Frozen Egg 2":5,"White Beast Statue":21,"Ring of the Snake":0},{"Ornamental Fan":15,"Golden Idol":18,"SacredBark":64,"Enchiridion":44,"Oddly Smooth Stone":47,"Philosopher\u0027s Stone":33,"Thread and Needle":83,"Bag of Marbles":83,"Frozen Egg 2":15,"White Beast Statue":83,"Ring of the Snake":0}],"Ring of the Snake":[48]},"card_choices":[{"not_picked":["All Out Attack","Quick Slash"],"picked":"Dagger Spray","floor":1.0},{"not_picked":["Dodge and Roll","Poisoned Stab"],"picked":"Backstab","floor":3.0},{"not_picked":["PiercingWail","Endless Agony"],"picked":"Sucker Punch","floor":4.0},{"not_picked":["Calculated Gamble","Poisoned Stab"],"picked":"Cloak And Dagger","floor":5.0},{"not_picked":["Masterful Stab","Predator"],"picked":"Blur","floor":6.0},{"not_picked":["Noxious Fumes+1","Acrobatics"],"picked":"Blade Dance","floor":11.0},{"not_picked":["Wraith Form v2+1","Bane"],"picked":"Accuracy+1","floor":13.0},{"not_picked":["Venomology","Bullet Time"],"picked":"Phantasmal Killer","floor":16.0},{"not_picked":["Backstab","Caltrops+1"],"picked":"Backflip","floor":18.0},{"not_picked":["Reflex+1","Concentrate"],"picked":"Blade Dance","floor":19.0},{"not_picked":["Backflip","Poisoned Stab"],"picked":"Predator+1","floor":22.0},{"not_picked":["Acrobatics+1","Concentrate","Bane+1"],"picked":"SKIP","floor":25},{"not_picked":["Crippling Poison+1","All Out Attack","Flying Knee"],"picked":"SKIP","floor":27},{"not_picked":["Reflex","Distraction"],"picked":"Die Die Die","floor":28},{"not_picked":["Underhanded Strike","Slice"],"picked":"Backflip","floor":31},{"not_picked":["Glass Knife","Doppelganger"],"picked":"Wraith Form v2+1","floor":33},{"not_picked":["Blade Dance+1","Flying Knee+1"],"picked":"Well Laid Plans+1","floor":35},{"not_picked":["Dagger Spray+1","Bane+1","Outmaneuver"],"picked":"SKIP","floor":36},{"not_picked":["Quick Slash","Dagger Spray","Prepared+1"],"picked":"SKIP","floor":37},{"not_picked":["Outmaneuver+1","Backstab+1"],"picked":"PiercingWail+1","floor":39},{"not_picked":["Underhanded Strike","Prepared"],"picked":"Cloak And Dagger","floor":42},{"not_picked":["Magnetism+1","Good Instincts"],"picked":"Flash of Steel","floor":45},{"not_picked":["Prepared+1","Bane"],"picked":"PiercingWail","floor":46},{"not_picked":["Reflex+1","Poisoned Stab+1","Dagger Spray+1"],"picked":"SKIP","floor":47}],"player_experience":81675,"relics_obtained":[{"floor":6.0,"key":"Ornamental Fan"},{"floor":9.0,"key":"Frozen Egg 2"},{"floor":24,"key":"Enchiridion"},{"floor":26,"key":"Oddly Smooth Stone"},{"floor":42,"key":"Thread and Needle"},{"floor":43,"key":"Bag of Marbles"}],"event_choices":[{"damage_healed":0.0,"max_hp_gain":0.0,"max_hp_loss":0.0,"gold_gain":0.0,"event_name":"Lab","player_choice":"Got Potions","floor":2.0,"gold_loss":0.0,"damage_taken":0.0},{"damage_healed":0.0,"max_hp_gain":0.0,"max_hp_loss":0.0,"gold_gain":0.0,"event_name":"Golden Idol","player_choice":"Take Damage","floor":12.0,"gold_loss":0.0,"damage_taken":17.0,"relics_obtained":["Golden Idol"]},{"damage_healed":0.0,"max_hp_gain":0.0,"max_hp_loss":8.0,"gold_gain":0.0,"event_name":"betterThird:BetterWriting","player_choice":"Simplicity","floor":20.0,"gold_loss":0.0,"damage_taken":0.0},{"damage_healed":0.0,"max_hp_gain":0.0,"max_hp_loss":0.0,"gold_gain":0.0,"event_name":"Vampires","player_choice":"Ignored","floor":21.0,"gold_loss":0.0,"damage_taken":0.0},{"damage_healed":0,"gold_gain":0,"player_choice":"Obtained Book","damage_taken":16,"max_hp_gain":0,"max_hp_loss":0,"event_name":"Cursed Tome","floor":24,"gold_loss":0},{"damage_healed":0,"gold_gain":0,"player_choice":"Ignored","damage_taken":0,"max_hp_gain":0,"max_hp_loss":0,"event_name":"Ghosts","floor":29,"gold_loss":0},{"damage_healed":0,"gold_gain":0,"cards_transformed":["Strike_G"],"player_choice":"Transformed","damage_taken":0,"max_hp_gain":0,"max_hp_loss":0,"event_name":"Transmorgrifier","floor":30,"gold_loss":0,"cards_obtained":["Underhanded Strike"]},{"cards_removed":["Underhanded Strike"],"damage_healed":5,"gold_gain":0,"player_choice":"Offered Common","damage_taken":0,"max_hp_gain":0,"max_hp_loss":0,"event_name":"Bonfire Elementals","floor":38,"gold_loss":0},{"cards_removed":["Underhanded Strike"],"damage_healed":5,"gold_gain":0,"player_choice":"Offered Special","damage_taken":0,"max_hp_gain":0,"max_hp_loss":0,"event_name":"Bonfire Elementals","floor":38,"gold_loss":0},{"cards_removed":["Strike_G"],"damage_healed":0,"gold_gain":0,"player_choice":"Removed Attack","damage_taken":0,"max_hp_gain":0,"max_hp_loss":0,"event_name":"Falling","floor":41,"gold_loss":0},{"damage_healed":0,"gold_gain":0,"player_choice":"Fight","damage_taken":0,"max_hp_gain":0,"max_hp_loss":0,"event_name":"MindBloom","floor":42,"gold_loss":0},{"damage_healed":0,"gold_gain":0,"player_choice":"Memory 1","damage_taken":0,"max_hp_gain":0,"max_hp_loss":0,"event_name":"SensoryStone","floor":45,"gold_loss":0},{"damage_healed":0,"gold_gain":0,"player_choice":"Ignored","damage_taken":0,"max_hp_gain":0,"max_hp_loss":0,"event_name":"The Moai Head","floor":48,"gold_loss":0}],"is_beta":false,"boss_relics":[{"not_picked":["SlaversCollar","Calling Bell"],"picked":"Philosopher\u0027s Stone"},{"not_picked":["Runic Dome","Tiny House"],"picked":"SacredBark"}],"items_purged_floors":[7,44],"is_endless":false,"potions_floor_spawned":[1,4,11,19,22,33,37,39,46,47],"ascension_level":0}}