{"host":"sav7uxregyirlf69","time":1613571600,"event":{"mods":["AchievementEnabler","BaseMod","Colored Map","DeckTracker","Keyboard Shortcuts","Minty Spire (QoL Compilation)","READ ME - Guardian Mod","StSLib","SuperFastMode"],"gold_per_floor":[19,19,36,36,36,36,55,88,88,88,104,104,129,89,89,182,182,198,178,191,116,116,116],"floor_reached":22,"language":"KOR","playtime":447,"items_purged":["Strike_G"],"score":368,"play_id":"f5bb8543-d506-414b-90fd-c80daeb127f4","local_time":"20210217232000","is_ascension_mode":true,"campfire_choices":[{"data":"Tactician","floor":6,"key":"SMITH"},{"floor":10,"key":"REST"},{"data":"A Thousand Cuts","floor":15,"key":"SMITH"}],"circlet_count":0,"master_deck":["AscendersBane","Strike_G+1","Strike_G","Strike_G","Strike_G+1","Defend_G","Defend_G","Defend_G","Defend_G","Defend_G","Survivor","Neutralize","Mayhem+1","Tactician+1","Dash","A Thousand Cuts+1","Acrobatics+1","Leg Sweep","Predator","Envenom","CurseOfTheBell","Prepared+1","Adrenaline"],"relics":["Ring of the Snake","Golden Idol","Matryoshka","Question Card","Whetstone","Calling Bell","Toy Ornithopter","StrikeDummy","Du-Vu Doll"],"acts_visited":["Exordium","TheCity"],"potions_floor_usage":[8,16],"damage_taken":[{"damage":5,"enemies":"2 Louse","floor":1,"turns":5},{"damage":4,"enemies":"Jaw Worm","floor":3,"turns":6},{"damage":0,"enemies":"Small Slimes","floor":7,"turns":5},{"damage":15,"enemies":"3 Sentries","floor":8,"turns":7},{"damage":22,"enemies":"Gremlin Gang","floor":11,"turns":6},{"damage":0,"enemies":"Red Slaver","floor":13,"turns":4},{"damage":1,"enemies":"Looter","floor":14,"turns":4},{"damage":5,"enemies":"Hexaghost","floor":16,"turns":9},{"damage":26,"enemies":"Shell Parasite","floor":18,"turns":8},{"damage":15,"enemies":"Chosen","floor":20,"turns":7},{"damage":12,"enemies":"Snecko","floor":22,"turns":3}],"seed_played":"-4329465543856793719","potions_obtained":[{"floor":1,"key":"Energy Potion"},{"floor":7,"key":"Strength Potion"},{"floor":11,"key":"BlessingOfTheForge"},{"floor":18,"key":"Explosive Potion"}],"is_trial":false,"path_per_floor":["M","?","M","?","$","R","M","E","T","R","M","?","M","M","R","B",null,"M","?","M","$","M"],"character_chosen":"THE_SILENT","items_purchased":[],"campfire_rested":1,"item_purchase_floors":[],"current_hp_per_floor":[54,54,50,27,27,27,27,12,12,31,9,9,9,8,8,3,50,24,24,9,9,0,0],"gold":116,"neow_bonus":"RANDOM_COLORLESS_2","is_daily":false,"chose_seed":false,"campfire_upgraded":2,"win_rate":0.0,"timestamp":1613571600,"path_taken":["M","?","M","?","$","R","M","E","T","R","M","?","M","?","R","BOSS","M","?","M","$","?"],"items_purchased_type":[],"build_version":"2020-12-22","purchased_purges":1,"victory":false,"max_hp_per_floor":[66,66,66,66,66,66,66,66,66,66,66,66,66,66,66,66,66,66,66,66,66,66,66],"card_choices":[{"not_picked":["Thinking Ahead","Violence"],"picked":"Mayhem","floor":0},{"not_picked":["Deflect","Outmaneuver"],"picked":"Tactician","floor":1},{"not_picked":["Well Laid Plans","Quick Slash"],"picked":"Dash","floor":3},{"not_picked":["Prepared","Outmaneuver"],"picked":"A Thousand Cuts","floor":7},{"not_picked":["Accuracy","Deflect"],"picked":"Acrobatics","floor":8},{"not_picked":["Dagger Throw","Slice","Crippling Poison","Tactician"],"picked":"SKIP","floor":11},{"not_picked":["Dodge and Roll","Underhanded Strike","Masterful Stab"],"picked":"Leg Sweep","floor":13},{"not_picked":["Backflip","Setup","Deadly Poison"],"picked":"Predator","floor":14},{"not_picked":["Wraith Form v2","Bullet Time","Phantasmal Killer"],"picked":"Envenom","floor":16},{"not_picked":["Bane","Deadly Poison","PiercingWail"],"picked":"Prepared+1","floor":18},{"not_picked":["Prepared","PiercingWail","Quick Slash"],"picked":"Adrenaline","floor":20}],"player_experience":1598547,"relics_obtained":[{"floor":8,"key":"Matryoshka"},{"floor":9,"key":"Question Card"},{"floor":9,"key":"Whetstone"},{"floor":17,"key":"Toy Ornithopter"},{"floor":17,"key":"StrikeDummy"},{"floor":17,"key":"Du-Vu Doll"}],"event_choices":[{"damage_healed":0,"gold_gain":0,"player_choice":"Grow","damage_taken":0,"max_hp_gain":0,"max_hp_loss":0,"event_name":"Living Wall","floor":2,"gold_loss":0,"cards_upgraded":["Mayhem"]},{"damage_healed":0,"gold_gain":0,"player_choice":"Take Damage","damage_taken":23,"relics_obtained":["Golden Idol"],"max_hp_gain":0,"max_hp_loss":0,"event_name":"Golden Idol","floor":4,"gold_loss":0},{"damage_healed":0,"gold_gain":0,"player_choice":"Upgraded","damage_taken":0,"max_hp_gain":0,"max_hp_loss":0,"event_name":"Upgrade Shrine","floor":12,"gold_loss":0,"cards_upgraded":["Acrobatics"]},{"damage_healed":0,"gold_gain":0,"player_choice":"Bought 1 Potion","damage_taken":0,"max_hp_gain":0,"max_hp_loss":0,"event_name":"The Woman in Blue","floor":19,"gold_loss":0}],"is_beta":false,"boss_relics":[{"not_picked":["Black Star","Coffee Dripper"],"picked":"Calling Bell"}],"items_purged_floors":[21],"is_endless":false,"potions_floor_spawned":[1,7,11,18],"killed_by":"Snecko","ascension_level":20}}