{"host":"1vqon1dbpr5c1qll","time":1613555763,"event":{"mods":["2.2 Compatiblity","AchievementEnabler","BaseMod","BetterRewards","Colored Map","DeckTracker","Hermit","Highlight Path","Lobotomy","Minty Spire (QoL Compilation)","Permanent Neow","Quick Restart","Random Character Button","Replay The Spire","StSLib","SuperFastMode","The Cursed","The Servant 0.9.4","everything is the same but u backflip on backflip"],"gold_per_floor":[159,207,246,276,333,432,525,624,662,761,809,914,1010,1022,1034,1274,1286,1334,519,567,567,96,198,231,321,321,402,450,507,567,660,660,919,919,971,1022,1022,1084,1154,1555,1612,1720,1720,1842,1170,206,323,416,582,620,652,652,652,120,207,227],"floor_reached":57,"language":"KOR","playtime":2511,"items_purged":["Spreading Infection"],"score":3939,"play_id":"c1404a2f-0e8e-4e29-831e-35bb6c8f8e90","local_time":"20210217185603","daily_mods":["SealedDeck","Specialized","Vintage","Heirloom","Flight","DeadlyEvents","Elite Swarm","Midas"],"is_ascension_mode":true,"campfire_choices":[{"floor":15,"key":"RECALL"},{"floor":32,"key":"REST"},{"floor":53,"key":"REST"}],"circlet_count":0,"master_deck":["AscendersBane","Shrug It Off","Shrug It Off","Shrug It Off","Shrug It Off","Shrug It Off","Shrug It Off+1","Cleave+1","Perfected Strike+1","Seeing Red","Power Through","Defy Death+1","Searing Blow","Carnage","Perfected Strike+1","Clothesline+1","Corruption","Fiend Fire","Juggernaut","Demon Form","Reaper","Bludgeon","Demon Form","Apotheosis","True Grit","Necronomicurse","Sever Soul","Limit Break","Eclipse","Impervious","Eclipse","CurseOfTheBell","Barricade","Sentinel","Demon Form","Hemogenesis","Evolve+1","Bludgeon","ReplayUltimateDefense+1","Bludgeon"],"relics":["Snecko Eye","Unceasing Top","Calipers","Torii","HornCleat","Replay:Mystery Machine","MealTicket","MawBank","Anchor","Lizard Tail","Replay:Bottled Eggs","Strawberry","War Paint","Charon\u0027s Ashes","Whetstone","Ring of Misfortune","ReplayTheSpireMod:Ring of Collecting","Black Star","PreservedInsect","Happy Flower","Ginger","Paper Frog","Necronomicon","Mummified Hand","OrangePellets","Toy Ornithopter","Pear","InkBottle","Lantern","Replay:Bottled Steam","Ring of Peace","Ancient Tea Set","The Courier","Replay:Towering Pillar of Hats","Boot","Self Forming Clay","Pen Nib","Replay:Bandana","Magic Flower","Calling Bell","ReplayTheSpireMod:TigerMarble","Replay:WaspNest","Dead Branch","Red Skull","Bird Faced Urn","Onion Ring","Replay:Wax Seal","Old Coin","Nunchaku","Gambling Chip","Smiling Mask","StrikeDummy","Ring of Hypnosis","Iron Hammer","Snack Pack","Bottled Flame","White Beast Statue","King of Hearts","TheAbacus","Sundial","ReplayTheSpireMod:Spearhead","Ice Cream","Frozen Egg 2","Another Sword","Bronze Scales","Mirror","Question Card","Akabeko","Dream Catcher","Replay:Kaleidoscope","Bag of Preparation","Orichalcum","Pet Ghost","CaptainsWheel","Du-Vu Doll"],"acts_visited":["Exordium","TheCity","TheBeyond","TheEnding"],"potions_floor_usage":[7,16,25,56],"damage_taken":[{"damage":0,"enemies":"Cultist","floor":1,"turns":3},{"damage":0,"enemies":"Small Slimes","floor":2,"turns":2},{"damage":0,"enemies":"Jaw Worm","floor":3,"turns":1},{"damage":0,"enemies":"Large Slime","floor":4,"turns":3},{"damage":0,"enemies":"Exordium Wildlife","floor":5,"turns":2},{"damage":11,"enemies":"3 Sentries","floor":6,"turns":5},{"damage":0,"enemies":"Gremlin Nob","floor":7,"turns":2},{"damage":0,"enemies":"3 Sentries","floor":8,"turns":5},{"damage":0,"enemies":"Replay:BlueRogue","floor":10,"turns":2},{"damage":0,"enemies":"3 Louse","floor":11,"turns":2},{"damage":0,"enemies":"Lagavulin","floor":12,"turns":3},{"damage":0,"enemies":"3 Sentries","floor":13,"turns":2},{"damage":0,"enemies":"Slime Boss","floor":16,"turns":4},{"damage":0,"enemies":"Chosen","floor":18,"turns":2},{"damage":0,"enemies":"3 Byrds","floor":20,"turns":2},{"damage":0,"enemies":"Gremlin Leader","floor":23,"turns":3},{"damage":0,"enemies":"Snake Plant","floor":24,"turns":3},{"damage":0,"enemies":"Book of Stabbing","floor":25,"turns":3},{"damage":0,"enemies":"Replay:Snechameleon","floor":27,"turns":2},{"damage":0,"enemies":"Shelled Parasite and Fungi","floor":28,"turns":2},{"damage":0,"enemies":"Cultist and Chosen","floor":29,"turns":3},{"damage":0,"enemies":"Snake Plant","floor":30,"turns":2},{"damage":0,"enemies":"Book of Stabbing","floor":31,"turns":2},{"damage":0,"enemies":"Automaton","floor":33,"turns":3},{"damage":0,"enemies":"3 Shapes","floor":35,"turns":1},{"damage":0,"enemies":"Orb Walker","floor":36,"turns":1},{"damage":0,"enemies":"Spire Growth","floor":38,"turns":1},{"damage":0,"enemies":"Maw","floor":39,"turns":1},{"damage":0,"enemies":"Giant Head","floor":40,"turns":4},{"damage":0,"enemies":"R_Hoarder","floor":42,"turns":3},{"damage":0,"enemies":"Nemesis","floor":44,"turns":3},{"damage":0,"enemies":"R_Hoarder","floor":47,"turns":2},{"damage":0,"enemies":"Reptomancer","floor":48,"turns":1},{"damage":0,"enemies":"2 Orb Walkers","floor":49,"turns":1},{"damage":0,"enemies":"Replay:Hell Engine","floor":50,"turns":3},{"damage":0,"enemies":"Time Eater","floor":51,"turns":1},{"damage":0,"enemies":"Shield and Spear","floor":55,"turns":2},{"damage":0,"enemies":"The Heart","floor":56,"turns":4}],"seed_played":"-2501615787313779764","potions_obtained":[{"floor":2,"key":"Flashbang"},{"floor":3,"key":"LifebloodPotion"},{"floor":4,"key":"SteroidPotion"},{"floor":8,"key":"ColorlessPotion"},{"floor":10,"key":"Adrenaline Potion"},{"floor":18,"key":"Reflective Coating"},{"floor":23,"key":"Block Potion"},{"floor":28,"key":"SmokeBomb"},{"floor":38,"key":"FearPotion"},{"floor":42,"key":"SteroidPotion"}],"is_trial":true,"path_per_floor":["M","M","M","M","M","E","E","E","T","E","M","E","E","?","R_BF","B",null,"M","$","M","?","$","E","M","E","T","E","M","M","M","E","R","B",null,"M","M","?","M","M","E","?","E","T","E","$","$","E","E","R_BF","B","B",null,"R","$","E","B",null],"character_chosen":"IRONCLAD","items_purchased":["Apotheosis","Happy Flower","Ginger","True Grit","Mummified Hand","OrangePellets","Sever Soul","White Beast Statue","King of Hearts","TheAbacus","Sundial","ReplayTheSpireMod:Spearhead","Ice Cream","Frozen Egg 2","Another Sword","Bronze Scales","Evolve+1","Bag of Preparation","ReplayUltimateDefense+1","Orichalcum","Pet Ghost"],"campfire_rested":2,"item_purchase_floors":[19,19,19,19,22,22,22,45,45,45,45,46,46,46,46,46,46,54,54,54,54],"current_hp_per_floor":[68,68,68,68,68,57,57,57,57,64,64,64,64,64,64,64,78,78,82,82,61,76,92,92,92,92,92,92,92,92,92,92,92,92,92,92,92,92,92,92,56,80,80,92,92,92,92,92,92,92,92,92,92,92,92,92],"gold":227,"neow_bonus":"","is_daily":false,"chose_seed":false,"campfire_upgraded":0,"win_rate":0.0,"timestamp":1613555763,"path_taken":["M","?","M","M","M","E","E","E","T","E","M","E","E","?","R_BF","BOSS","M","$","M","?","$","E","M","E","T","E","?","M","M","E","R","BOSS","M","M","?","M","M","E","?","E","T","E","?","$","E","E","R_BF","BOSS","BOSS","R","$","E","BOSS"],"items_purchased_type":["Card","Relic","Relic","Card","Relic","Relic","Card","Relic","Relic","Relic","Relic","Relic","Relic","Relic","Relic","Relic","Card","Relic","Card","Relic","Relic"],"build_version":"2020-12-22","purchased_purges":1,"victory":true,"max_hp_per_floor":[75,75,75,75,75,75,75,75,75,82,82,82,82,82,82,82,82,82,82,82,82,82,92,92,92,92,92,92,92,92,92,92,92,92,92,92,92,92,92,92,92,92,92,92,92,92,92,92,92,92,92,92,92,92,92,92],"card_choices":[{"not_picked":["Replay:Many Hands","Demonic Infusion"],"picked":"Corruption","floor":6},{"not_picked":["Exhume","Limit Break"],"picked":"Fiend Fire","floor":7},{"not_picked":["Reaper","Demonic Infusion"],"picked":"Juggernaut","floor":8},{"not_picked":["Replay:Many Hands","Demonic Infusion"],"picked":"Demon Form","floor":10},{"not_picked":["Corruption","Demonic Infusion"],"picked":"Reaper","floor":12},{"not_picked":["Brutality","Hemogenesis"],"picked":"Bludgeon","floor":13},{"not_picked":["Exhume","Reaper"],"picked":"Demon Form","floor":16},{"not_picked":["Corruption","Demonic Infusion"],"picked":"Limit Break","floor":23},{"not_picked":["Replay:Many Hands","Brutality"],"picked":"Eclipse","floor":25},{"not_picked":["Berserk","Brutality","Juggernaut"],"picked":"SKIP","floor":27},{"not_picked":["Bludgeon","Feed"],"picked":"Impervious","floor":31},{"not_picked":["Limit Break","Demon Form"],"picked":"Eclipse","floor":33},{"not_picked":["Reaper","Limit Break"],"picked":"Barricade","floor":40},{"not_picked":["Infernal Blade+1","Pommel Strike"],"picked":"Sentinel","floor":41},{"not_picked":["Limit Break","Juggernaut"],"picked":"Demon Form","floor":42},{"not_picked":["Berserk","Exhume"],"picked":"Hemogenesis","floor":44},{"not_picked":["Corruption+1","Immolate"],"picked":"Bludgeon","floor":47},{"not_picked":["Double Tap","Offering","Juggernaut+1","Limit Break"],"picked":"SKIP","floor":48},{"not_picked":["Immolate","Demonic Infusion","Brutality+1"],"picked":"Bludgeon","floor":55}],"player_experience":997175,"relics_obtained":[{"floor":1,"key":"Torii"},{"floor":2,"key":"HornCleat"},{"floor":3,"key":"Replay:Mystery Machine"},{"floor":4,"key":"MealTicket"},{"floor":5,"key":"MawBank"},{"floor":6,"key":"Anchor"},{"floor":7,"key":"Lizard Tail"},{"floor":8,"key":"Replay:Bottled Eggs"},{"floor":10,"key":"Strawberry"},{"floor":11,"key":"War Paint"},{"floor":12,"key":"Charon\u0027s Ashes"},{"floor":13,"key":"Whetstone"},{"floor":14,"key":"Ring of Misfortune"},{"floor":14,"key":"ReplayTheSpireMod:Ring of Collecting"},{"floor":18,"key":"PreservedInsect"},{"floor":20,"key":"Paper Frog"},{"floor":21,"key":"Necronomicon"},{"floor":23,"key":"Toy Ornithopter"},{"floor":23,"key":"Pear"},{"floor":24,"key":"InkBottle"},{"floor":25,"key":"Lantern"},{"floor":25,"key":"Replay:Bottled Steam"},{"floor":26,"key":"Ring of Peace"},{"floor":26,"key":"Ancient Tea Set"},{"floor":27,"key":"The Courier"},{"floor":27,"key":"Replay:Towering Pillar of Hats"},{"floor":28,"key":"Boot"},{"floor":29,"key":"Self Forming Clay"},{"floor":30,"key":"Pen Nib"},{"floor":31,"key":"Replay:Bandana"},{"floor":31,"key":"Magic Flower"},{"floor":34,"key":"ReplayTheSpireMod:TigerMarble"},{"floor":34,"key":"Replay:WaspNest"},{"floor":34,"key":"Dead Branch"},{"floor":35,"key":"Red Skull"},{"floor":36,"key":"Bird Faced Urn"},{"floor":38,"key":"Onion Ring"},{"floor":39,"key":"Replay:Wax Seal"},{"floor":40,"key":"Old Coin"},{"floor":40,"key":"Nunchaku"},{"floor":41,"key":"Gambling Chip"},{"floor":42,"key":"Smiling Mask"},{"floor":42,"key":"StrikeDummy"},{"floor":43,"key":"Ring of Hypnosis"},{"floor":43,"key":"Iron Hammer"},{"floor":44,"key":"Snack Pack"},{"floor":44,"key":"Bottled Flame"},{"floor":47,"key":"Mirror"},{"floor":47,"key":"Question Card"},{"floor":48,"key":"Akabeko"},{"floor":48,"key":"Dream Catcher"},{"floor":49,"key":"Replay:Kaleidoscope"},{"floor":55,"key":"CaptainsWheel"},{"floor":55,"key":"Du-Vu Doll"}],"event_choices":[{"damage_healed":0,"gold_gain":0,"player_choice":"Obtained Book","damage_taken":21,"max_hp_gain":0,"max_hp_loss":0,"event_name":"Cursed Tome","floor":21,"gold_loss":0},{"damage_healed":0,"gold_gain":0,"player_choice":"Ignored","damage_taken":0,"max_hp_gain":0,"max_hp_loss":0,"event_name":"Tomb of Lord Red Mask","floor":37,"gold_loss":0},{"damage_healed":0,"gold_gain":0,"player_choice":"Fight","damage_taken":0,"max_hp_gain":0,"max_hp_loss":0,"event_name":"Mysterious Sphere","floor":49,"gold_loss":0}],"is_beta":false,"boss_relics":[{"not_picked":["Kintsugi","Snecko Heart"],"picked":"Black Star"},{"not_picked":["SacredBark","Sozu"],"picked":"Calling Bell"}],"items_purged_floors":[19],"is_endless":false,"potions_floor_spawned":[2,3,4,5,8,10,18,23,28,30,31,35,38,40,42,47,48,49,55],"ascension_level":20}}