{"host":"f5gffvlv6a66yqkd","time":1613598858,"event":{"mods":["2.2 Compatiblity","BaseMod","Colored Map","Custom Start","DeckTracker","Keyboard Shortcuts","Minty Spire (QoL Compilation)","Permanent Neow","Quick Restart","Relic Stats","StSLib","SuperFastMode"],"gold_per_floor":[113,130,146,221,237,252,267,297,297,297,297,262,262,278,278,377,377,389,16,16,32,51,51,63,81,106,116,131,131,131,151,151,249,249,263,173,20,0,0,0,11,11,37,57,76,92,123,48,48,48,48,48,48,74,74],"floor_reached":56,"language":"KOR","playtime":2138,"items_purged":["Fasting2+1"],"score":1773,"play_id":"120cc497-843b-42df-8bd0-943664c3dc39","local_time":"20210218065418","is_ascension_mode":true,"campfire_choices":[{"floor":11.0,"key":"REST"},{"data":"Eruption","floor":13.0,"key":"SMITH"},{"data":"Wallop","floor":15.0,"key":"SMITH"},{"data":"Wallop","floor":23.0,"key":"SMITH"},{"data":"SpiritShield","floor":32.0,"key":"SMITH"},{"data":"Vault","floor":40.0,"key":"SMITH"},{"data":"Vault","floor":42.0,"key":"SMITH"},{"floor":49.0,"key":"RECALL"},{"data":"DeusExMachina","floor":52,"key":"SMITH"}],"circlet_count":0,"master_deck":["AscendersBane","Eruption+1","Vigilance+1","CutThroughFate+1","FearNoEvil+1","LessonLearned+1","MentalFortress+1","Tantrum+1","Indignation+1","SpiritShield+1","Judgement+1","ForeignInfluence+1","Wallop+1","Study+1","EmptyFist","Vault+1","WindmillStrike+1","DeusExMachina+1","Vault+1","Dark Shackles","Finesse","MentalFortress+1"],"relics":["PureWater","Frozen Egg 2","Gambling Chip","Pandora\u0027s Box","Bag of Preparation","War Paint","Blood Vial","Busted Crown","OrangePellets","Red Mask","Eternal Feather","Torii"],"acts_visited":["Exordium","TheCity","TheBeyond","TheEnding"],"potions_floor_usage":[55],"damage_taken":[{"damage":0.0,"enemies":"2 Louse","floor":1.0,"turns":2.0},{"damage":2.0,"enemies":"Jaw Worm","floor":2.0,"turns":4.0},{"damage":16.0,"enemies":"Small Slimes","floor":3.0,"turns":3.0},{"damage":4.0,"enemies":"Looter","floor":5.0,"turns":5.0},{"damage":22.0,"enemies":"Exordium Thugs","floor":6.0,"turns":8.0},{"damage":6.0,"enemies":"Lots of Slimes","floor":7.0,"turns":3.0},{"damage":0.0,"enemies":"2 Fungi Beasts","floor":14.0,"turns":3.0},{"damage":38.0,"enemies":"The Guardian","floor":16.0,"turns":12.0},{"damage":4.0,"enemies":"Shell Parasite","floor":18.0,"turns":3.0},{"damage":0.0,"enemies":"Chosen","floor":21.0,"turns":2.0},{"damage":0.0,"enemies":"Snecko","floor":22.0,"turns":3.0},{"damage":0.0,"enemies":"Cultist and Chosen","floor":24.0,"turns":3.0},{"damage":0.0,"enemies":"Shelled Parasite and Fungi","floor":25.0,"turns":1.0},{"damage":10.0,"enemies":"Centurion and Healer","floor":27.0,"turns":3.0},{"damage":0.0,"enemies":"Sentry and Sphere","floor":28.0,"turns":1.0},{"damage":0.0,"enemies":"Snecko","floor":31.0,"turns":3.0},{"damage":0.0,"enemies":"Collector","floor":33.0,"turns":8.0},{"damage":2.0,"enemies":"3 Shapes","floor":35.0,"turns":1.0},{"damage":0.0,"enemies":"Orb Walker","floor":41.0,"turns":4.0},{"damage":0.0,"enemies":"Transient","floor":44.0,"turns":6.0},{"damage":18.0,"enemies":"Maw","floor":45.0,"turns":6.0},{"damage":0.0,"enemies":"3 Darklings","floor":46.0,"turns":4.0},{"damage":16.0,"enemies":"Reptomancer","floor":47.0,"turns":5.0},{"damage":16,"enemies":"Awakened One","floor":50,"turns":11},{"damage":0,"enemies":"Shield and Spear","floor":54,"turns":8},{"damage":62,"enemies":"The Heart","floor":55,"turns":12}],"seed_played":"8240707731870644038","potions_obtained":[{"floor":2.0,"key":"SpeedPotion"},{"floor":6.0,"key":"Fruit Juice"},{"floor":7.0,"key":"Swift Potion"},{"floor":16.0,"key":"Dexterity Potion"},{"floor":31.0,"key":"FairyPotion"}],"is_trial":false,"path_per_floor":["M","M","M","?","M","M","M","?","T","?","R","?","R","M","R","B",null,"M","$","?","M","M","R","M","M","T","M","M","?","?","M","R","B",null,"M","?","$","?","?","R","M","R","T","M","M","M","E","$","R","B",null,"R","$","E","B",null],"character_chosen":"WATCHER","items_purchased":["Bag of Preparation","War Paint","OrangePellets","MentalFortress+1"],"campfire_rested":1,"item_purchase_floors":[19,19,37,48],"current_hp_per_floor":[65,63,47,36,32,10,4,4,4,4,25,43,43,43,43,10,60,56,56,56,56,56,56,56,56,56,48,50,50,36,38,38,40,72,72,72,72,72,67,67,69,69,69,71,55,57,43,43,55,41,72,82,82,82,20],"gold":74,"neow_bonus":"THREE_CARDS","is_daily":false,"chose_seed":false,"campfire_upgraded":7,"win_rate":0.0,"timestamp":1613598858,"path_taken":["M","M","M","?","M","M","M","?","T","?","R","?","R","M","R","BOSS","M","$","?","M","M","R","M","M","T","M","?","?","?","M","R","BOSS","M","?","?","?","?","R","M","R","T","M","M","M","E","$","R","BOSS","R","$","E","BOSS"],"items_purchased_type":["Relic","Relic","Relic","Card"],"build_version":"2020-12-22","purchased_purges":1,"victory":true,"max_hp_per_floor":[72,72,72,72,72,72,72,72,72,72,72,72,72,72,72,77,77,77,77,77,77,77,77,77,77,77,77,77,77,82,82,82,82,82,82,82,82,82,82,82,82,82,82,82,82,82,82,82,82,82,82,82,82,82,82],"relic_stats":{"Blood Vial":22,"OrangePellets":[3],"Busted Crown":18,"Torii":5,"counters":[26,124],"Gambling Chip":[45],"Pandora\u0027s Box":["MentalFortress","Tantrum","Indignation","SpiritShield","Judgement","ForeignInfluence","Wallop","Fasting2"],"Eternal Feather":22,"Bag of Preparation":[36],"War Paint":["Indignation","Vigilance"],"obtain_stats":[{"Blood Vial":26,"OrangePellets":37,"Busted Crown":34,"Torii":54,"Gambling Chip":9,"Pandora\u0027s Box":17,"Eternal Feather":47,"Bag of Preparation":19,"Red Mask":38,"PureWater":0,"Frozen Egg 2":8,"War Paint":19},{"Blood Vial":13,"OrangePellets":18,"Busted Crown":17,"Torii":25,"Gambling Chip":6,"Pandora\u0027s Box":8,"Eternal Feather":23,"Bag of Preparation":9,"Red Mask":18,"PureWater":0,"Frozen Egg 2":6,"War Paint":9},{"Blood Vial":52,"OrangePellets":68,"Busted Crown":67,"Torii":112,"Gambling Chip":25,"Pandora\u0027s Box":40,"Eternal Feather":93,"Bag of Preparation":43,"Red Mask":68,"PureWater":0,"Frozen Egg 2":25,"War Paint":43}]},"card_choices":[{"not_picked":["Consecrate","Vengeance"],"picked":"Wallop","floor":0.0},{"not_picked":["BowlingBash","WaveOfTheHand"],"picked":"CutThroughFate","floor":1.0},{"not_picked":["Crescendo","Consecrate","Sanctity"],"picked":"SKIP","floor":2.0},{"not_picked":["DeceiveReality","FlyingSleeves","Weave"],"picked":"SKIP","floor":3.0},{"not_picked":["FollowUp","MasterReality"],"picked":"Consecrate","floor":5.0},{"not_picked":["Indignation","Halt"],"picked":"FlurryOfBlows","floor":6.0},{"not_picked":["JustLucky","BowlingBash","WindmillStrike"],"picked":"SKIP","floor":7.0},{"not_picked":["JustLucky","Halt"],"picked":"FearNoEvil","floor":14.0},{"not_picked":["Devotion+1","Alpha"],"picked":"LessonLearned","floor":16.0},{"not_picked":["Tantrum","FlyingSleeves"],"picked":"Study+1","floor":18.0},{"not_picked":["Crescendo+1","FearNoEvil","CutThroughFate+1"],"picked":"SKIP","floor":21.0},{"not_picked":["Wireheading+1","BattleHymn+1"],"picked":"EmptyFist","floor":22.0},{"not_picked":["ClearTheMind","Pray","Protect"],"picked":"SKIP","floor":24.0},{"not_picked":["FlyingSleeves+1","Weave+1","FearNoEvil"],"picked":"SKIP","floor":25.0},{"not_picked":["Perseverance","CutThroughFate","Prostrate"],"picked":"SKIP","floor":27.0},{"not_picked":["ThirdEye","Perseverance"],"picked":"Vault","floor":28.0},{"not_picked":["Evaluate","Crescendo+1","Prostrate"],"picked":"SKIP","floor":31.0},{"not_picked":["Brilliance","SpiritShield"],"picked":"Vault","floor":33.0},{"not_picked":["Protect+1"],"picked":"SKIP","floor":35.0},{"not_picked":[],"picked":"Dark Shackles","floor":39.0},{"not_picked":[],"picked":"Finesse","floor":39.0},{"not_picked":["Consecrate+1"],"picked":"SKIP","floor":41.0},{"not_picked":["BattleHymn+1"],"picked":"SKIP","floor":44.0},{"not_picked":["ThirdEye+1"],"picked":"SKIP","floor":45.0},{"not_picked":["FollowUp"],"picked":"SKIP","floor":46.0},{"not_picked":["Meditate"],"picked":"SKIP","floor":47.0},{"not_picked":["Evaluate+1"],"picked":"SKIP","floor":54}],"player_experience":1482674,"relics_obtained":[{"floor":9.0,"key":"Gambling Chip"},{"floor":26.0,"key":"Blood Vial"},{"floor":47.0,"key":"Eternal Feather"},{"floor":54,"key":"Torii"}],"event_choices":[{"damage_healed":0.0,"max_hp_gain":0.0,"max_hp_loss":0.0,"gold_gain":75.0,"event_name":"World of Goop","player_choice":"Gather Gold","floor":4.0,"gold_loss":0.0,"damage_taken":11.0},{"damage_healed":0.0,"max_hp_gain":0.0,"max_hp_loss":0.0,"gold_gain":30.0,"event_name":"Dead Adventurer","player_choice":"Searched \u00273\u0027 times","floor":8.0,"gold_loss":0.0,"damage_taken":0.0,"relics_obtained":["Frozen Egg 2"]},{"damage_healed":0.0,"max_hp_gain":0.0,"max_hp_loss":0.0,"gold_gain":0.0,"event_name":"Golden Wing","player_choice":"Ignored","floor":10.0,"gold_loss":0.0,"damage_taken":0.0},{"damage_healed":18.0,"max_hp_gain":0.0,"max_hp_loss":0.0,"gold_gain":0.0,"event_name":"The Cleric","player_choice":"Healed","floor":12.0,"gold_loss":35.0,"damage_taken":0.0},{"damage_healed":0.0,"max_hp_gain":0.0,"max_hp_loss":0.0,"gold_gain":0.0,"event_name":"Upgrade Shrine","player_choice":"Upgraded","floor":20.0,"gold_loss":0.0,"damage_taken":0.0,"cards_upgraded":["ForeignInfluence"]},{"damage_healed":0.0,"max_hp_gain":0.0,"max_hp_loss":0.0,"gold_gain":0.0,"cards_transformed":["FlurryOfBlows","Wallop"],"event_name":"Drug Dealer","player_choice":"Became Test Subject","floor":29.0,"gold_loss":0.0,"damage_taken":0.0,"cards_obtained":["WindmillStrike","DeusExMachina"]},{"damage_healed":0.0,"max_hp_gain":5.0,"max_hp_loss":0.0,"gold_gain":0.0,"event_name":"Forgotten Altar","player_choice":"Shed Blood","floor":30.0,"gold_loss":0.0,"damage_taken":19.0},{"cards_removed":["Consecrate"],"damage_healed":0.0,"max_hp_gain":0.0,"max_hp_loss":0.0,"gold_gain":0.0,"event_name":"Designer","player_choice":"Upgrade and Remove","floor":36.0,"gold_loss":90.0,"damage_taken":0.0,"cards_upgraded":["FearNoEvil"]},{"damage_healed":0.0,"max_hp_gain":0.0,"max_hp_loss":0.0,"gold_gain":0.0,"event_name":"Tomb of Lord Red Mask","player_choice":"Paid","floor":38.0,"gold_loss":20.0,"damage_taken":0.0,"relics_obtained":["Red Mask"]},{"damage_healed":0.0,"max_hp_gain":0.0,"max_hp_loss":0.0,"gold_gain":0.0,"event_name":"SensoryStone","player_choice":"Memory 2","floor":39.0,"gold_loss":0.0,"damage_taken":5.0}],"is_beta":false,"boss_relics":[{"not_picked":["Fusion Hammer","Snecko Eye"],"picked":"Pandora\u0027s Box"},{"not_picked":["HolyWater","Runic Dome"],"picked":"Busted Crown"}],"items_purged_floors":[19],"is_endless":false,"potions_floor_spawned":[2,6,7,16,18,22,31,33,45,46],"ascension_level":11}}