{"host":"x52zk6e1f2bye2h7","time":1613570525,"event":{"mods":["AchievementEnabler","BaseMod","Highlight Path","Minty Spire (QoL Compilation)","everything is the same but u backflip on backflip"],"gold_per_floor":[118,131,131,150,203,236,236,248,248,260,38,38,38,55,55,55,55],"floor_reached":16,"language":"ENG","playtime":480,"items_purged":["Defend_R"],"score":112,"play_id":"666d4780-7674-41ac-9050-47921c98a235","local_time":"20210217140205","is_ascension_mode":true,"campfire_choices":[{"data":"Bash","floor":7,"key":"SMITH"},{"data":"Armaments","floor":12,"key":"SMITH"},{"floor":15,"key":"REST"}],"circlet_count":0,"master_deck":["Strike_R","Strike_R","Strike_R","Strike_R","Defend_R","Defend_R","Defend_R","Bash+1","Iron Wave","Iron Wave","Armaments+1","Shrug It Off"],"relics":["Burning Blood","NeowsBlessing","Lantern","Tiny Chest","InkBottle","CeramicFish"],"acts_visited":["Exordium"],"potions_floor_usage":[6,16],"damage_taken":[{"damage":0,"enemies":"Jaw Worm","floor":1,"turns":1},{"damage":0,"enemies":"Cultist","floor":2,"turns":1},{"damage":0,"enemies":"Small Slimes","floor":4,"turns":1},{"damage":49,"enemies":"Lagavulin","floor":6,"turns":8},{"damage":13,"enemies":"Exordium Thugs","floor":8,"turns":5},{"damage":5,"enemies":"3 Louse","floor":10,"turns":4},{"damage":1,"enemies":"Red Slaver","floor":14,"turns":3},{"damage":62,"enemies":"Hexaghost","floor":16,"turns":13}],"seed_played":"887976628357958269","potions_obtained":[{"floor":4,"key":"DuplicationPotion"},{"floor":10,"key":"Swift Potion"}],"is_trial":false,"path_per_floor":["M","M","?","M","T","E","R","M","T","M","$","R","?","M","R","B"],"character_chosen":"IRONCLAD","items_purchased":["CeramicFish"],"campfire_rested":1,"item_purchase_floors":[11],"current_hp_per_floor":[80,80,80,80,80,37,37,30,30,31,31,31,31,36,60,0,0],"gold":55,"neow_bonus":"THREE_ENEMY_KILL","is_daily":false,"chose_seed":false,"campfire_upgraded":2,"win_rate":0.0,"timestamp":1613570525,"path_taken":["M","M","?","?","?","E","R","M","T","M","$","R","?","M","R","BOSS"],"items_purchased_type":["Relic"],"build_version":"2020-12-22","purchased_purges":1,"victory":false,"max_hp_per_floor":[80,80,80,80,80,80,80,80,80,80,80,80,80,80,80,80,80],"card_choices":[{"not_picked":["Anger","Infernal Blade"],"picked":"Iron Wave","floor":1},{"not_picked":["Body Slam","Sentinel","Reckless Charge"],"picked":"SKIP","floor":2},{"not_picked":["Whirlwind","Twin Strike"],"picked":"Iron Wave","floor":4},{"not_picked":["Wild Strike","Entrench"],"picked":"Armaments","floor":6},{"not_picked":["Armaments","Ghostly Armor"],"picked":"Shrug It Off","floor":8},{"not_picked":["Wild Strike","Rupture","Intimidate"],"picked":"SKIP","floor":10},{"not_picked":["Flex","Heavy Blade","Body Slam"],"picked":"SKIP","floor":14}],"player_experience":134065,"relics_obtained":[{"floor":5,"key":"Lantern"},{"floor":6,"key":"Tiny Chest"},{"floor":9,"key":"InkBottle"}],"event_choices":[{"cards_removed":["Strike_R"],"damage_healed":0,"gold_gain":0,"player_choice":"Card Removal","damage_taken":0,"max_hp_gain":0,"max_hp_loss":0,"event_name":"Wheel of Change","floor":3,"gold_loss":0},{"damage_healed":0,"gold_gain":0,"player_choice":"Ignored","damage_taken":0,"max_hp_gain":0,"max_hp_loss":0,"event_name":"Shining Light","floor":13,"gold_loss":0}],"is_beta":false,"boss_relics":[],"items_purged_floors":[11],"is_endless":false,"potions_floor_spawned":[4,10],"killed_by":"Hexaghost","ascension_level":2}}