{"host":"BK","time":1613600483,"event":{"mods":["BaseMod","Highlight Path","Minty Spire (QoL Compilation)","StSLib"],"gold_per_floor":[109,109,126,48,48,48,63,103,103,134,71,107,132,163,175,278,290,323,250,262,289,17,17,17,17,17],"floor_reached":25,"language":"ENG","playtime":834,"items_purged":[],"score":446,"play_id":"fc602476-ee59-44cd-a34d-b864bf8dde1a","local_time":"20210217152123","is_ascension_mode":true,"campfire_choices":[{"data":"Predator","floor":6.0,"key":"SMITH"},{"floor":15.0,"key":"REST"},{"floor":23,"key":"REST"}],"circlet_count":0,"master_deck":["AscendersBane","Survivor","Neutralize","Blade Dance","Deadly Poison","Predator+1","Dagger Spray+1","Masterful Stab+1","Crippling Poison","Poisoned Stab+1","Malaise","Adrenaline","Phantasmal Killer","Backflip","Reflex","Quick Slash+1","Distraction","Venomology","Quick Slash+1","Endless Agony+1","Concentrate","Deflect","Cloak And Dagger","Catalyst+1"],"relics":["Ring of the Snake","NeowsBlessing","Golden Idol","Molten Egg 2","MawBank","Pandora\u0027s Box","Dream Catcher","Kunai"],"acts_visited":["Exordium","TheCity"],"potions_floor_usage":[21,24,24],"damage_taken":[{"damage":0.0,"enemies":"Cultist","floor":1.0,"turns":1.0},{"damage":0.0,"enemies":"Jaw Worm","floor":3.0,"turns":1.0},{"damage":0.0,"enemies":"2 Louse","floor":7.0,"turns":1.0},{"damage":17.0,"enemies":"Gremlin Nob","floor":8.0,"turns":4.0},{"damage":24.0,"enemies":"Exordium Thugs","floor":10.0,"turns":5.0},{"damage":0.0,"enemies":"2 Fungi Beasts","floor":12.0,"turns":2.0},{"damage":5.0,"enemies":"3 Louse","floor":13.0,"turns":3.0},{"damage":4.0,"enemies":"Blue Slaver","floor":14.0,"turns":2.0},{"damage":26.0,"enemies":"Hexaghost","floor":16.0,"turns":11.0},{"damage":18.0,"enemies":"Shell Parasite","floor":18.0,"turns":5.0},{"damage":13,"enemies":"3 Byrds","floor":21,"turns":4},{"damage":17,"enemies":"Book of Stabbing","floor":24,"turns":2},{"damage":17,"enemies":"Centurion and Healer","floor":25,"turns":2}],"seed_played":"-561479145371295160","potions_obtained":[{"floor":1.0,"key":"Block Potion"},{"floor":7.0,"key":"GamblersBrew"},{"floor":14.0,"key":"FearPotion"},{"floor":16.0,"key":"PowerPotion"}],"is_trial":false,"path_per_floor":["M","?","M","$","?","R","M","E","T","M","?","M","M","M","R","B",null,"M","?","?","M","$","R","E","M"],"character_chosen":"THE_SILENT","items_purchased":["Predator","Kunai"],"campfire_rested":2,"item_purchase_floors":[4,22],"current_hp_per_floor":[59,59,59,59,59,59,59,42,42,18,18,18,13,9,27,1,45,27,27,27,14,14,32,15,0,0],"gold":17,"neow_bonus":"THREE_ENEMY_KILL","is_daily":false,"chose_seed":false,"campfire_upgraded":1,"win_rate":0.0,"timestamp":1613600483,"path_taken":["M","?","M","?","?","R","?","E","T","M","?","M","M","M","R","BOSS","M","?","?","?","$","R","E","M"],"items_purchased_type":["Card","Relic"],"build_version":"2020-12-18","purchased_purges":0,"victory":false,"max_hp_per_floor":[66,66,66,66,60,60,60,60,60,60,60,60,60,60,60,60,60,60,60,60,60,60,60,60,60,60],"card_choices":[{"not_picked":["Blur","Tactician"],"picked":"Blade Dance","floor":1.0},{"not_picked":["Cloak And Dagger","Blade Dance"],"picked":"Deadly Poison","floor":3.0},{"not_picked":["Deadly Poison","Slice","Finisher"],"picked":"SKIP","floor":7.0},{"not_picked":["PiercingWail","Outmaneuver"],"picked":"Dagger Spray+1","floor":8.0},{"not_picked":["Outmaneuver","Reflex"],"picked":"Masterful Stab+1","floor":10.0},{"not_picked":["Tactician","Deflect"],"picked":"Crippling Poison","floor":12.0},{"not_picked":["Quick Slash+1","Blade Dance"],"picked":"Poisoned Stab+1","floor":13.0},{"not_picked":["Finisher+1","Choke+1"],"picked":"Malaise","floor":14.0},{"not_picked":["Envenom","Die Die Die+1"],"picked":"Adrenaline","floor":16.0},{"not_picked":["Reflex","Bouncing Flask"],"picked":"Deflect","floor":18.0},{"not_picked":["Deflect","Distraction"],"picked":"Cloak And Dagger","floor":21},{"not_picked":["Underhanded Strike+1","Cloak And Dagger"],"picked":"Catalyst+1","floor":23}],"player_experience":2587988,"relics_obtained":[{"floor":8.0,"key":"Molten Egg 2"},{"floor":9.0,"key":"MawBank"}],"event_choices":[{"damage_healed":0.0,"max_hp_gain":0.0,"max_hp_loss":0.0,"gold_gain":0.0,"event_name":"Liars Game","player_choice":"Ignored","floor":2.0,"gold_loss":0.0,"damage_taken":0.0},{"damage_healed":0.0,"max_hp_gain":0.0,"max_hp_loss":6.0,"gold_gain":0.0,"event_name":"Golden Idol","player_choice":"Lose Max HP","floor":5.0,"gold_loss":0.0,"damage_taken":0.0,"relics_obtained":["Golden Idol"]},{"damage_healed":0.0,"max_hp_gain":0.0,"max_hp_loss":0.0,"gold_gain":0.0,"event_name":"World of Goop","player_choice":"Left Gold","floor":11.0,"gold_loss":75.0,"damage_taken":0.0},{"damage_healed":0.0,"max_hp_gain":0.0,"max_hp_loss":0.0,"gold_gain":0.0,"event_name":"Addict","player_choice":"Obtained Relic","floor":19.0,"gold_loss":85.0,"damage_taken":0.0,"relics_obtained":["Dream Catcher"]},{"cards_removed":["Doppelganger"],"damage_healed":0.0,"max_hp_gain":0.0,"max_hp_loss":0.0,"gold_gain":0.0,"event_name":"Purifier","player_choice":"Purged","floor":20.0,"gold_loss":0.0,"damage_taken":0.0}],"is_beta":true,"boss_relics":[{"not_picked":["Runic Dome","Snecko Eye"],"picked":"Pandora\u0027s Box"}],"items_purged_floors":[],"is_endless":false,"potions_floor_spawned":[1,7,14,16],"killed_by":"Centurion and Healer","ascension_level":20}}