{"host":"b1dzdo8uo7e6jx8g","time":1613590266,"event":{"mods":["AchievementEnabler","BaseMod","BetterRewards","Colored Map","Downfall","Highlight Path","Minty Spire (QoL Compilation)","StSLib"],"gold_per_floor":[119,129,129,143,166,166,3,3,27,27,27,62,12,40,40,137,137,149,165,179,16,16,16,33,33,33,33,33,43,56,75,75,75,75],"floor_reached":33,"language":"ENG","playtime":778,"items_purged":["Regret"],"score":426,"play_id":"92d070a9-4491-41c6-b159-5a358e1d9b77","local_time":"20210217203106","is_ascension_mode":true,"campfire_choices":[{"data":"Blade Dance","floor":6,"key":"SMITH"},{"data":"Panache","floor":8,"key":"SMITH"},{"data":"Neutralize","floor":11,"key":"SMITH"},{"data":"Malaise","floor":15,"key":"SMITH"},{"floor":23,"key":"REST"},{"data":"Apotheosis","floor":28,"key":"SMITH"},{"floor":32,"key":"REST"}],"circlet_count":0,"master_deck":["Strike_G","Strike_G","Strike_G","Strike_G","Strike_G+1","Defend_G+1","Defend_G","Defend_G","Defend_G+1","Defend_G","Survivor+1","Neutralize+1","Flying Knee","Blade Dance+1","Quick Slash","Panache+1","Finisher","Malaise+1","After Image","Backstab+1","Apotheosis+1","Necronomicurse","Backstab","Slice+1"],"relics":["Ring of the Serpent","Eternal Feather","War Paint","Bag of Marbles","Smiling Mask","Centennial Puzzle","Akabeko","Necronomicon","Ninja Scroll"],"acts_visited":["Exordium","TheCity"],"potions_floor_usage":[16,31,31],"damage_taken":[{"damage":1,"enemies":"Small Slimes","floor":1,"turns":4},{"damage":8,"enemies":"Jaw Worm","floor":2,"turns":3},{"damage":4,"enemies":"2 Louse","floor":4,"turns":2},{"damage":10,"enemies":"3 Sentries","floor":12,"turns":5},{"damage":12,"enemies":"Gremlin Nob","floor":14,"turns":3},{"damage":12,"enemies":"Slime Boss","floor":16,"turns":4},{"damage":11,"enemies":"2 Thieves","floor":18,"turns":3},{"damage":5,"enemies":"Spheric Guardian","floor":19,"turns":3},{"damage":12,"enemies":"Centurion and Healer","floor":20,"turns":3},{"damage":20,"enemies":"3 Cultists","floor":24,"turns":4},{"damage":20,"enemies":"Shelled Parasite and Fungi","floor":29,"turns":3},{"damage":8,"enemies":"Centurion and Healer","floor":30,"turns":2},{"damage":8,"enemies":"Snake Plant","floor":31,"turns":1},{"damage":44,"enemies":"Automaton","floor":33,"turns":4}],"seed_played":"9201324569585604331","potions_obtained":[{"floor":2,"key":"LiquidMemories"},{"floor":14,"key":"champ:CounterPotion"},{"floor":24,"key":"Explosive Potion"},{"floor":29,"key":"Swift Potion"}],"is_trial":false,"path_per_floor":["M","M","?","M","T","R","$","R","T","?","R","E","$","E","R","B",null,"M","M","M","$","?","R","M","$","T","?","R","M","M","M","R","B"],"character_chosen":"THE_SILENT","items_purchased":["Eternal Feather","Panache","Apotheosis"],"campfire_rested":2,"item_purchase_floors":[0,7,21],"current_hp_per_floor":[58,50,50,46,46,55,55,64,64,50,59,49,49,37,46,34,70,59,54,42,42,26,59,39,39,39,32,44,24,16,8,41,0,0],"gold":75,"neow_bonus":"","is_daily":false,"chose_seed":false,"campfire_upgraded":5,"win_rate":0.0,"timestamp":1613590266,"path_taken":["M","M","?","M","?","R","$","R","T","?","R","E","$","E","R","BOSS","M","M","M","$","?","R","M","$","T","?","R","M","?","M","R","BOSS"],"items_purchased_type":["Relic","Card","Card"],"build_version":"2020-12-22","purchased_purges":1,"victory":false,"max_hp_per_floor":[70,70,70,70,70,70,70,70,70,70,70,70,70,70,70,70,70,70,70,70,70,70,70,70,70,70,70,70,70,70,70,70,70,70],"card_choices":[{"not_picked":["Sucker Punch","Quick Slash"],"picked":"Flying Knee","floor":1},{"not_picked":["Underhanded Strike","Deadly Poison"],"picked":"Blade Dance","floor":2},{"not_picked":["Tactician","Flying Knee"],"picked":"Quick Slash","floor":4},{"not_picked":["Well Laid Plans","Quick Slash"],"picked":"Finisher","floor":12},{"not_picked":["Wraith Form v2","Bane"],"picked":"Malaise","floor":14},{"not_picked":["Die Die Die","Envenom"],"picked":"After Image","floor":16},{"not_picked":["Acrobatics","Prepared+1"],"picked":"Backstab+1","floor":18},{"not_picked":["Poisoned Stab","Caltrops","Flechettes"],"picked":"SKIP","floor":19},{"not_picked":["Deadly Poison+1","Finisher","Crippling Poison"],"picked":"SKIP","floor":20},{"not_picked":["Leg Sweep","Bane","Dodge and Roll"],"picked":"SKIP","floor":24},{"not_picked":["Well Laid Plans","Deflect","Sucker Punch"],"picked":"SKIP","floor":29},{"not_picked":["Blade Dance","Well Laid Plans"],"picked":"Backstab","floor":30},{"not_picked":["All Out Attack+1","Dagger Spray"],"picked":"Slice+1","floor":31}],"player_experience":257630,"relics_obtained":[{"floor":5,"key":"Bag of Marbles"},{"floor":9,"key":"Smiling Mask"},{"floor":12,"key":"Centennial Puzzle"},{"floor":14,"key":"Akabeko"},{"floor":22,"key":"Necronomicon"},{"floor":26,"key":"Ninja Scroll"}],"event_choices":[{"damage_healed":0,"gold_gain":0,"player_choice":"Box","damage_taken":0,"relics_obtained":["War Paint"],"max_hp_gain":0,"max_hp_loss":0,"event_name":"Big Fish","floor":3,"gold_loss":0,"cards_obtained":["Regret"]},{"damage_healed":0,"gold_gain":0,"player_choice":"Entered Light","damage_taken":14,"max_hp_gain":0,"max_hp_loss":0,"event_name":"Shining Light","floor":10,"gold_loss":0,"cards_upgraded":["Strike_G","Survivor"]},{"damage_healed":0,"gold_gain":0,"player_choice":"Obtained Book","damage_taken":16,"max_hp_gain":0,"max_hp_loss":0,"event_name":"Cursed Tome","floor":22,"gold_loss":0},{"damage_healed":0,"gold_gain":0,"player_choice":"Damaged","damage_taken":7,"max_hp_gain":0,"max_hp_loss":0,"event_name":"Wheel of Change","floor":27,"gold_loss":0}],"is_beta":false,"boss_relics":[{"not_picked":["Astrolabe","Fusion Hammer"],"picked":"Ring of the Serpent"}],"items_purged_floors":[13],"is_endless":false,"potions_floor_spawned":[2,14,24,29,30],"killed_by":"Automaton","ascension_level":4}}