{"host":"iwx63wjdqe91ab4t","time":1613595050,"event":{"mods":["AchievementEnabler","Act Like it!","Aspiration","BaseMod","BetterRewards","Downfall","Friendly Minions","Hermit","Hubris","Infinite Spire","Jorbs\u0027s Wanderer Trilogy","Marisa????????","Mimic Mod","Minty Spire (QoL Compilation)","Quick Restart","Reliquary","Replay The Spire","StSLib","The Bug Knight","The Construct","The Cursed","The Disciple","The Hierophant","The Jungle","The Necromancer","The Runesmith","The Servant 0.9.4"],"gold_per_floor":[99,99,24,24,24,24,49,49,74,92,108,108,108,108,119,220,220,220,232,244,244,13,47,70,84,84,5,39,39,53,66,79,182,182,182,182,182,182],"floor_reached":36,"language":"ENG","playtime":3986,"items_purged":["sneckomod:Strike","downfall:Malfunctioning","sneckomod:Defend+1"],"score":544,"play_id":"c9569432-ded2-4828-800e-20d1efa1872f","local_time":"20210217145050","is_ascension_mode":true,"campfire_choices":[{"data":"sneckomod:TrashToTreasure","floor":6.0,"key":"SMITH"}],"circlet_count":0,"master_deck":["sneckomod:Strike+1","sneckomod:Defend+1","sneckomod:Defend+1","sneckomod:TailWhip","sneckomod:SnekBite+1","LockedBlood","sneckomod:SoulRoll+1","sneckomod:DangerNoodle+1","sneckomod:TrashToTreasure+1","sneckomod:Unknown1Cost+1","sneckomod:SoulDraw+1","sneckomod:UnknownStrike","sneckomod:UnknownRareAttack","sneckomod:UnknownClassWHITE","sneckomod:UnknownClassWHITE","sneckomod:UnknownClassWHITE","sneckomod:UnknownClassWHITE","Flay+1","Slay_Living","sneckomod:UnknownBlock+1","sneckomod:DiceBlock+1","Life_Drain","sneckomod:UnknownColorless+1","sneckomod:Rotation","sneckomod:SerpentIdol+1","Summon_Vampire_Lady","sneckomod:Nope+1","Life_Drain","sneckomod:CheapStock","sneckomod:CheapStock","sneckomod:SnekBeam","sneckomod:SlitherStrike","infinitespire:Starlight","sneckomod:UnknownRareSkill","sneckomod:Unknown0Cost","Stop_Heart","sneckomod:DangerNoodle","Hellfire","sneckomod:UnknownRareSkill","Stop_Heart"],"relics":["sneckomod:SneckoSoul","downfall:HeartsMalice","Replay:Ringing Soul","sneckomod:SneckoBoss","Membership Card","Bronze Scales","Bag of Marbles","hubris:Icosahedron","Replay:Rubber Ducky","reliquary:SilkGlove","bronze:MakeshiftBattery"],"acts_visited":["Exordium","TheCity","TheBeyond"],"potions_floor_usage":[],"damage_taken":[{"damage":0.0,"enemies":"Cultist","floor":2.0,"turns":1.0},{"damage":0.0,"enemies":"downfall:FleeingMerchant","floor":3.0,"turns":1.0},{"damage":0.0,"enemies":"2 Louse","floor":5.0,"turns":1.0},{"damage":21.0,"enemies":"3 Sentries","floor":9.0,"turns":6.0},{"damage":8.0,"enemies":"Small Slimes","floor":10.0,"turns":4.0},{"damage":7.0,"enemies":"Blue Slaver","floor":11.0,"turns":2.0},{"damage":5.0,"enemies":"2 Fungi Beasts","floor":15.0,"turns":4.0},{"damage":7.0,"enemies":"IC_STATUS_ARCHETYPE","floor":16.0,"turns":8.0},{"damage":7.0,"enemies":"Chosen","floor":19.0,"turns":5.0},{"damage":12.0,"enemies":"Shelled Parasite and Fungi","floor":20.0,"turns":6.0},{"damage":2.0,"enemies":"downfall:FleeingMerchant","floor":22.0,"turns":5.0},{"damage":20.0,"enemies":"Nightmare","floor":23.0,"turns":9.0},{"damage":23.0,"enemies":"3 Cultists","floor":25.0,"turns":7.0},{"damage":13.0,"enemies":"downfall:FleeingMerchant","floor":27.0,"turns":4.0},{"damage":43.0,"enemies":"HollowMod:Nosk","floor":28.0,"turns":9.0},{"damage":10.0,"enemies":"Centurion and Healer","floor":30.0,"turns":8.0},{"damage":26.0,"enemies":"Sentry and Sphere","floor":31.0,"turns":6.0},{"damage":6.0,"enemies":"Snake Plant","floor":32.0,"turns":4.0},{"damage":22.0,"enemies":"SI_MIRROR_ARCHETYPE","floor":33.0,"turns":8.0},{"damage":0,"enemies":"3 Darklings","floor":36,"turns":1}],"seed_played":"-7501423319427503862","potions_obtained":[{"floor":8.0,"key":"SneckoOil"},{"floor":8.0,"key":"Dexterity Potion"},{"floor":8.0,"key":"ColorlessPotion"},{"floor":9.0,"key":"sneckomod:OffclassReductionPotion"},{"floor":10.0,"key":"sneckomod:DiceRollPotion"},{"floor":11.0,"key":"Doom Potion"},{"floor":23.0,"key":"SpeedPotion"},{"floor":28.0,"key":"Venom Potion"},{"floor":30.0,"key":"SpeedPotion"},{"floor":31.0,"key":"DuplicationPotion"}],"is_trial":false,"path_per_floor":["R","M","$","?","M","R","T","?","E","M","M","?","T","?","M","B",null,"R","M","M","?","$","NM","T","M","?","$","E","AVR","M","M","M","B",null,"R","M"],"character_chosen":"THE_SNECKO","items_purchased":["Membership Card","sneckomod:Rotation","sneckomod:CheapStock","sneckomod:SnekBeam"],"campfire_rested":0,"item_purchase_floors":[22,22,27,27],"current_hp_per_floor":[90,90,90,90,90,90,90,90,78,75,70,70,70,73,77,79,108,111,109,106,82,83,78,78,74,74,70,57,60,85,100,107,114,152,155,155,155,155],"gold":182,"neow_bonus":"THREE_ENEMY_KILL","is_daily":false,"chose_seed":false,"campfire_upgraded":1,"win_rate":0.0,"timestamp":1613595050,"path_taken":["R","M","$","?","?","R","T","?","E","M","?","?","?","?","M","BOSS","R","M","M","?","$","NM","T","M","?","?","E","AVR","M","?","M","BOSS","R","M"],"items_purchased_type":["Relic","Card","Card","Card"],"build_version":"2020-12-22","purchased_purges":3,"victory":false,"max_hp_per_floor":[90,90,90,90,90,90,90,90,93,96,96,96,96,99,102,105,108,111,114,117,122,125,128,128,131,131,134,137,140,143,146,149,152,152,155,155,155,155],"card_choices":[{"not_picked":["sneckomod:Unknown1Cost","sneckomod:UnknownCommonAttack"],"picked":"sneckomod:SoulRoll","floor":2.0},{"not_picked":["sneckomod:SoulCleanse","sneckomod:DiceBlock"],"picked":"sneckomod:DangerNoodle","floor":3.0},{"not_picked":["sneckomod:ImprovisedGuard","sneckomod:UnknownDraw"],"picked":"sneckomod:TrashToTreasure","floor":5.0},{"not_picked":["sneckomod:QuickMove","sneckomod:RainOfDice"],"picked":"sneckomod:Unknown1Cost","floor":9.0},{"not_picked":["sneckomod:UnknownCommonSkill","sneckomod:UnknownBlock"],"picked":"sneckomod:SoulDraw","floor":10.0},{"not_picked":["sneckomod:QuickBite","sneckomod:RainOfDice","sneckomod:IronFang"],"picked":"SKIP","floor":11.0},{"not_picked":["sneckomod:WideSting","sneckomod:RainOfDice"],"picked":"sneckomod:UnknownStrike","floor":15.0},{"not_picked":["sneckomod:UnlimitedRolls","sneckomod:DangerNoodle"],"picked":"sneckomod:UnknownRareAttack","floor":16.0},{"not_picked":["Death_Coil","Acid_Javelin"],"picked":"Slay_Living","floor":19.0},{"not_picked":["sneckomod:UnknownVulnerable","sneckomod:UnknownClassCHRONO_GOLD"],"picked":"sneckomod:UnknownBlock+1","floor":19.0},{"not_picked":["sneckomod:Unknown1Cost+1","sneckomod:UnlimitedRolls"],"picked":"sneckomod:DiceBlock+1","floor":20.0},{"not_picked":["Summon_Undead","Strike_W"],"picked":"Life_Drain","floor":22.0},{"not_picked":["sneckomod:UnknownBlock+1","sneckomod:IronFang"],"picked":"sneckomod:UnknownColorless+1","floor":22.0},{"not_picked":["sneckomod:UnknownBlock+1","sneckomod:Nope"],"picked":"sneckomod:SerpentIdol+1","floor":23.0},{"not_picked":["Life_Tap","Blood_Wake"],"picked":"Summon_Vampire_Lady","floor":25.0},{"not_picked":["sneckomod:DiceBlock","sneckomod:UnknownColorless+1"],"picked":"sneckomod:Nope+1","floor":25.0},{"not_picked":["Spectral_Armor","Negative_Energy_Javelin"],"picked":"Life_Drain","floor":27.0},{"not_picked":["sneckomod:UnknownVulnerable+1","sneckomod:SoulRoll","sneckomod:UnknownX"],"picked":"SKIP","floor":27.0},{"not_picked":["sneckomod:UnknownUncommonSkill","sneckomod:Unknown2Cost"],"picked":"sneckomod:SlitherStrike","floor":28.0},{"not_picked":["sneckomod:SoulRoll+1","sneckomod:UnknownClassCHRONO_GOLD"],"picked":"sneckomod:UnknownRareSkill","floor":30.0},{"not_picked":["sneckomod:UnknownBlock","sneckomod:DiceBoulder"],"picked":"sneckomod:Unknown0Cost","floor":31.0},{"not_picked":["Skeleton_Dragon","Thousand_Bone_Knives"],"picked":"Stop_Heart","floor":32.0},{"not_picked":["sneckomod:IronFang","sneckomod:Memorize+1"],"picked":"sneckomod:DangerNoodle","floor":32.0},{"not_picked":["Bone_Spikes","Summon_Death_Knight"],"picked":"Hellfire","floor":33.0},{"not_picked":["sneckomod:Cheat","sneckomod:UnlimitedRolls"],"picked":"sneckomod:UnknownRareSkill","floor":33.0}],"player_experience":295524,"relics_obtained":[{"floor":7.0,"key":"Runesmith:AutoHammer"},{"floor":9.0,"key":"Replay:Ringing Soul"},{"floor":23.0,"key":"Bronze Scales"},{"floor":24.0,"key":"Bag of Marbles"},{"floor":28.0,"key":"Replay:Rubber Ducky"}],"event_choices":[{"cards_removed":["sneckomod:Strike"],"damage_healed":0.0,"max_hp_gain":0.0,"max_hp_loss":0.0,"gold_gain":0.0,"event_name":"Bonfire Elementals","player_choice":"Offered Basic","floor":4.0,"gold_loss":0.0,"damage_taken":0.0},{"damage_healed":0.0,"max_hp_gain":0.0,"max_hp_loss":0.0,"gold_gain":0.0,"event_name":"Lab","player_choice":"Got Potions","floor":8.0,"gold_loss":0.0,"damage_taken":0.0}],"is_beta":false,"boss_relics":[{"not_picked":["ReplayTheSpireMod:DimensionalGlitch","aspiration:RitualDagger"],"picked":"sneckomod:SneckoBoss"},{"not_picked":["Honey Jar","infinitespire:Cupcake"],"picked":"bronze:MakeshiftBattery"}],"items_purged_floors":[3,22,29],"is_endless":false,"potions_floor_spawned":[9,10,11,23,28,30,31],"killed_by":"3 Darklings","ascension_level":1}}