{"host":"ifvrsrzj00f2ebkn","time":1613526469,"event":{"mods":["BaseMod","Colored Map","Colored Powertips","Minty Spire (QoL Compilation)","Random Character Button","Shop Mod","StSLib"],"gold_per_floor":[117,117,117,117,130,160,186,214,214,244,279,279,311,337,337,439,439,450,477,477,329,354,389,415,447,447,447,482,381,410,360,360,459,459,479,305,305,265,229,261,294,326,381,420,455,486,516,529,529,529],"floor_reached":51,"language":"ENG","playtime":4561,"items_purged":["Sweeping Beam","Consume"],"score":1547,"play_id":"729df521-2bf0-474c-863e-6501c718ea3f","local_time":"20210217094749","daily_mods":["SealedDeck","Red Cards","Colorless Cards","Heirloom","Time Dilation","Flight","DeadlyEvents","Elite Swarm"],"is_ascension_mode":true,"campfire_choices":[{"data":"Apotheosis","floor":12.0,"key":"SMITH"},{"data":"1","floor":15.0,"key":"LIFT"},{"floor":27.0,"key":"REST"},{"data":"Hyperbeam","floor":32.0,"key":"SMITH"},{"data":"Electrodynamics","floor":49,"key":"PURGE"}],"circlet_count":0,"master_deck":["Conserve Battery","Dramatic Entrance+1","Cleave+1","Conserve Battery","Steam+1","Iron Wave","Steam","Thunderclap","Apotheosis+1","Leap+1","Hyperbeam+1","Conserve Battery","Biased Cognition","Hyperbeam"],"relics":["Cracked Core","Girya","Du-Vu Doll","Peace Pipe","Akabeko","FossilizedHelix","Torii","Smiling Mask","Vajra","Red Mask","MerchantsRug","Oddly Smooth Stone","CeramicFish","Letter Opener","Symbiotic Virus","Blue Candle","Lee\u0027s Waffle","StrikeDummy","Fusion Hammer","PreservedInsect","Lizard Tail","MealTicket","Whetstone","Boot","Dream Catcher","Dead Branch","HornCleat","Art of War"],"acts_visited":["Exordium","TheCity","TheBeyond"],"potions_floor_usage":[45,50,50,50],"damage_taken":[{"damage":0.0,"enemies":"2 Louse","floor":1.0,"turns":1.0},{"damage":5.0,"enemies":"Small Slimes","floor":5.0,"turns":2.0},{"damage":5.0,"enemies":"3 Sentries","floor":6.0,"turns":4.0},{"damage":0.0,"enemies":"Lagavulin","floor":7.0,"turns":5.0},{"damage":3.0,"enemies":"3 Sentries","floor":8.0,"turns":3.0},{"damage":0.0,"enemies":"Lagavulin","floor":10.0,"turns":6.0},{"damage":0.0,"enemies":"3 Sentries","floor":11.0,"turns":2.0},{"damage":0.0,"enemies":"Gremlin Nob","floor":13.0,"turns":4.0},{"damage":0.0,"enemies":"3 Sentries","floor":14.0,"turns":2.0},{"damage":0.0,"enemies":"Hexaghost","floor":16.0,"turns":8.0},{"damage":0.0,"enemies":"Spheric Guardian","floor":18.0,"turns":3.0},{"damage":0.0,"enemies":"Masked Bandits","floor":19.0,"turns":2.0},{"damage":1.0,"enemies":"Book of Stabbing","floor":22.0,"turns":5.0},{"damage":0.0,"enemies":"Slavers","floor":23.0,"turns":1.0},{"damage":1.0,"enemies":"Book of Stabbing","floor":24.0,"turns":5.0},{"damage":17.0,"enemies":"Slavers","floor":25.0,"turns":3.0},{"damage":0.0,"enemies":"Book of Stabbing","floor":28.0,"turns":5.0},{"damage":10.0,"enemies":"Slavers","floor":30.0,"turns":2.0},{"damage":66.0,"enemies":"Champ","floor":33.0,"turns":13.0},{"damage":0.0,"enemies":"3 Shapes","floor":35.0,"turns":1.0},{"damage":19,"enemies":"Giant Head","floor":40,"turns":8},{"damage":0,"enemies":"Reptomancer","floor":41,"turns":3},{"damage":0,"enemies":"Nemesis","floor":42,"turns":7},{"damage":0,"enemies":"Giant Head","floor":44,"turns":7},{"damage":14,"enemies":"Nemesis","floor":45,"turns":6},{"damage":0,"enemies":"Reptomancer","floor":46,"turns":2},{"damage":0,"enemies":"Giant Head","floor":47,"turns":8},{"damage":0,"enemies":"Orb Walker","floor":48,"turns":2},{"damage":17,"enemies":"Donu and Deca","floor":50,"turns":6}],"seed_played":"-395266789229480118","potions_obtained":[{"floor":6.0,"key":"PotionOfCapacity"},{"floor":8.0,"key":"EssenceOfSteel"},{"floor":10.0,"key":"BlessingOfTheForge"},{"floor":16.0,"key":"EssenceOfSteel"},{"floor":18.0,"key":"GamblersBrew"},{"floor":19.0,"key":"Block Potion"},{"floor":33.0,"key":"Strength Potion"},{"floor":42,"key":"EssenceOfSteel"},{"floor":48,"key":"Weak Potion"}],"is_trial":true,"path_per_floor":["M","?","?","?","M","E","E","E","T","E","E","R","E","E","R","B",null,"M","?","?","$","E","E","E","E","T","R","E","$","E","$","R","B",null,"M","$","?","?","$","E","E","E","T","E","E","E","E","M","R","B",null],"character_chosen":"DEFECT","items_purchased":["MerchantsRug","Leap","Oddly Smooth Stone","Lee\u0027s Waffle","PreservedInsect","Turbo","Conserve Battery"],"campfire_rested":1,"item_purchase_floors":[21,21,21,29,36,36,39],"current_hp_per_floor":[75,68,68,68,63,58,58,55,55,55,55,55,55,55,55,55,75,75,75,62,62,61,61,60,43,57,85,85,101,91,91,91,25,101,101,101,101,101,101,82,82,82,82,82,68,68,68,68,68,51],"gold":529,"neow_bonus":"","is_daily":false,"chose_seed":false,"campfire_upgraded":2,"win_rate":0.0,"timestamp":1613526469,"path_taken":["M","?","?","?","?","E","E","E","T","E","E","R","E","E","R","BOSS","M","?","?","$","?","E","?","E","T","R","E","$","E","$","R","BOSS","M","$","?","?","$","E","E","E","T","E","E","E","E","M","R","BOSS"],"items_purchased_type":["Relic","Card","Relic","Relic","Relic","Card","Card"],"build_version":"2020-12-22","purchased_purges":2,"victory":true,"max_hp_per_floor":[75,75,75,75,75,75,75,75,75,75,75,75,75,75,75,75,75,75,75,80,80,80,80,80,80,94,94,94,101,101,101,101,101,101,101,101,101,101,101,101,101,101,101,101,101,101,101,101,101,101],"card_choices":[{"not_picked":["Pommel Strike","Barrage"],"picked":"Thunderclap","floor":1.0},{"not_picked":["Heatsinks","Heavy Blade","Madness"],"picked":"SKIP","floor":5.0},{"not_picked":["Mayhem","Machine Learning"],"picked":"Electrodynamics","floor":6.0},{"not_picked":["Violence","Chrysalis","Thunder Strike"],"picked":"SKIP","floor":7.0},{"not_picked":["Multi-Cast","All For One","Transmutation"],"picked":"SKIP","floor":8.0},{"not_picked":["Master of Strategy","Reboot","Berserk"],"picked":"SKIP","floor":10.0},{"not_picked":["Master of Strategy","Reboot","Berserk"],"picked":"SKIP","floor":10.0},{"not_picked":["Seek","Electrodynamics"],"picked":"Apotheosis","floor":11.0},{"not_picked":["Thinking Ahead","Transmutation","Multi-Cast"],"picked":"SKIP","floor":13.0},{"not_picked":["HandOfGreed","Offering","Barricade"],"picked":"SKIP","floor":14.0},{"not_picked":["Chrysalis","Meteor Strike"],"picked":"Sadistic Nature","floor":16.0},{"not_picked":["Rebound+1","Sweeping Beam","Streamline"],"picked":"SKIP","floor":18.0},{"not_picked":["Streamline","Clash","Clothesline+1"],"picked":"SKIP","floor":18.0},{"not_picked":["Thinking Ahead","Echo Form","Electrodynamics"],"picked":"SKIP","floor":22.0},{"not_picked":["Machine Learning","Juggernaut","Chrysalis"],"picked":"SKIP","floor":23.0},{"not_picked":["Machine Learning","Juggernaut","Chrysalis"],"picked":"SKIP","floor":23.0},{"not_picked":["Secret Technique","Immolate","Electrodynamics"],"picked":"SKIP","floor":24.0},{"not_picked":["Rainbow","Offering","Core Surge"],"picked":"SKIP","floor":25.0},{"not_picked":["Echo Form","Meteor Strike"],"picked":"Hyperbeam","floor":28.0},{"not_picked":["Master of Strategy","Reaper","Chrysalis"],"picked":"SKIP","floor":30.0},{"not_picked":["Ball Lightning+1","Rupture","Streamline"],"picked":"SKIP","floor":35.0},{"not_picked":["Machine Learning","Barricade","Impervious"],"picked":"SKIP","floor":40},{"not_picked":["Apotheosis","Offering","Exhume"],"picked":"SKIP","floor":41},{"not_picked":["Barricade","Transmutation","Offering"],"picked":"SKIP","floor":42},{"not_picked":["All For One","Metamorphosis"],"picked":"Biased Cognition","floor":44},{"not_picked":["Reaper","Bludgeon"],"picked":"Hyperbeam","floor":45},{"not_picked":["Fission","Master of Strategy","Violence"],"picked":"SKIP","floor":46},{"not_picked":["All For One","Core Surge","Exhume"],"picked":"SKIP","floor":47},{"not_picked":["Thunderclap","Sword Boomerang","Mind Blast"],"picked":"SKIP","floor":48}],"player_experience":111356,"relics_obtained":[{"floor":6.0,"key":"Du-Vu Doll"},{"floor":7.0,"key":"Peace Pipe"},{"floor":8.0,"key":"Akabeko"},{"floor":9.0,"key":"FossilizedHelix"},{"floor":10.0,"key":"Prayer Wheel"},{"floor":11.0,"key":"Torii"},{"floor":13.0,"key":"Smiling Mask"},{"floor":14.0,"key":"Vajra"},{"floor":19.0,"key":"Red Mask"},{"floor":22.0,"key":"CeramicFish"},{"floor":23.0,"key":"Letter Opener"},{"floor":24.0,"key":"Symbiotic Virus"},{"floor":25.0,"key":"Blue Candle"},{"floor":26.0,"key":"Mango"},{"floor":28.0,"key":"Pocketwatch"},{"floor":30.0,"key":"StrikeDummy"},{"floor":40,"key":"Lizard Tail"},{"floor":41,"key":"MealTicket"},{"floor":42,"key":"Whetstone"},{"floor":43,"key":"Boot"},{"floor":44,"key":"Dream Catcher"},{"floor":45,"key":"Dead Branch"},{"floor":46,"key":"HornCleat"},{"floor":47,"key":"Art of War"}],"event_choices":[{"damage_healed":0.0,"max_hp_gain":0.0,"max_hp_loss":0.0,"gold_gain":0.0,"event_name":"Scrap Ooze","player_choice":"Success","floor":2.0,"gold_loss":0.0,"damage_taken":7.0,"relics_obtained":["TungstenRod"]},{"damage_healed":0.0,"max_hp_gain":0.0,"max_hp_loss":0.0,"gold_gain":0.0,"event_name":"The Cleric","player_choice":"Leave","floor":3.0,"gold_loss":0.0,"damage_taken":0.0},{"damage_healed":0.0,"max_hp_gain":0.0,"max_hp_loss":0.0,"gold_gain":0.0,"event_name":"Golden Wing","player_choice":"Ignored","floor":4.0,"gold_loss":0.0,"damage_taken":0.0},{"damage_healed":0.0,"max_hp_gain":0.0,"max_hp_loss":0.0,"gold_gain":0.0,"event_name":"Masked Bandits","player_choice":"Fought Bandits","floor":19.0,"gold_loss":0.0,"damage_taken":0.0},{"damage_healed":0.0,"max_hp_gain":5.0,"max_hp_loss":0.0,"gold_gain":0.0,"event_name":"Forgotten Altar","player_choice":"Shed Blood","floor":20.0,"gold_loss":0.0,"damage_taken":19.0},{"cards_removed":["Turbo"],"damage_healed":0,"gold_gain":0,"player_choice":"Removed Skill","damage_taken":0,"max_hp_gain":0,"max_hp_loss":0,"event_name":"Falling","floor":37,"gold_loss":0},{"damage_healed":0,"gold_gain":0,"player_choice":"Upgraded Two","damage_taken":0,"max_hp_gain":0,"max_hp_loss":0,"event_name":"Designer","floor":38,"gold_loss":40,"cards_upgraded":["Leap","Steam"]}],"is_beta":false,"boss_relics":[{"not_picked":["Philosopher\u0027s Stone","SacredBark"],"picked":"Empty Cage"},{"not_picked":["SlaversCollar","Velvet Choker"],"picked":"Fusion Hammer"}],"items_purged_floors":[29,31],"is_endless":false,"potions_floor_spawned":[6,8,10,14,16,18,19,24,33,35,42,44,48],"ascension_level":2}}