{"host":"s41rn2jhghpwfrvz","time":1613600617,"event":{"mods":["BaseMod","Minty Spire (QoL Compilation)","Quick Restart","Relic Stats","SuperFastMode"],"gold_per_floor":[109,109,120,133,133,172,188,228,253,178,194,229,129,163,163,257,257,280,300,123,139,139,173,191,235,285,312,312,353,353,372,372,471,471,492,492,511,530,555,591,441,475,499,538,464,488,488,532,532,532,532,532,532,82,120,120],"floor_reached":57,"language":"ENG","playtime":1791,"items_purged":["Dagger Spray","Deflect","Perseverance","PiercingWail","Leg Sweep+1"],"score":3795,"play_id":"4b227692-4ae0-4cf1-9975-7fae74b90222","local_time":"20210218002337","daily_mods":["SealedDeck","Diverse","DeadlyEvents"],"is_ascension_mode":true,"campfire_choices":[{"data":"Prostrate","floor":15,"key":"SMITH"},{"data":"Whirlwind","floor":28,"key":"SMITH"},{"data":"TalkToTheHand","floor":30,"key":"SMITH"},{"data":"Leg Sweep","floor":32,"key":"SMITH"},{"floor":47,"key":"RECALL"},{"floor":49,"key":"REST"},{"floor":53,"key":"REST"}],"circlet_count":0,"master_deck":["AscendersBane","Whirlwind+1","Prostrate+1","TalkToTheHand+1","Impervious+1","Backflip+1","Acrobatics+1","Malaise+1","Venomology+1","Entrench+1"],"relics":["Burning Blood","Golden Idol","Toxic Egg 2","Potion Belt","Nunchaku","Dream Catcher","Centennial Puzzle","Empty Cage","Sundial","Calipers","Vajra","Lantern","Toy Ornithopter","Runic Dome","Torii","Red Skull","Regal Pillow","Ornamental Fan","Champion Belt"],"acts_visited":["Exordium","TheCity","TheBeyond","TheEnding"],"potions_floor_usage":[12,12,14,25,25,37,38,39,40,42,44,46,48,50,51,55,56,56,56,56,56],"damage_taken":[{"damage":0,"enemies":"Small Slimes","floor":1,"turns":3},{"damage":0,"enemies":"Cultist","floor":3,"turns":4},{"damage":0,"enemies":"2 Louse","floor":4,"turns":2},{"damage":19,"enemies":"3 Sentries","floor":6,"turns":5},{"damage":0,"enemies":"2 Fungi Beasts","floor":7,"turns":3},{"damage":0,"enemies":"Lagavulin","floor":8,"turns":7},{"damage":4,"enemies":"Gremlin Gang","floor":11,"turns":5},{"damage":98,"enemies":"Gremlin Nob","floor":12,"turns":8},{"damage":10,"enemies":"3 Sentries","floor":14,"turns":3},{"damage":2,"enemies":"Slime Boss","floor":16,"turns":10},{"damage":0,"enemies":"Shell Parasite","floor":18,"turns":3},{"damage":0,"enemies":"2 Thieves","floor":19,"turns":3},{"damage":0,"enemies":"Snake Plant","floor":21,"turns":2},{"damage":0,"enemies":"Book of Stabbing","floor":23,"turns":5},{"damage":0,"enemies":"Cultist and Chosen","floor":24,"turns":8},{"damage":31,"enemies":"Slavers","floor":25,"turns":2},{"damage":0,"enemies":"Book of Stabbing","floor":29,"turns":3},{"damage":0,"enemies":"3 Cultists","floor":31,"turns":3},{"damage":0,"enemies":"Collector","floor":33,"turns":5},{"damage":0,"enemies":"3 Darklings","floor":35,"turns":3},{"damage":0,"enemies":"3 Shapes","floor":37,"turns":2},{"damage":0,"enemies":"Transient","floor":38,"turns":6},{"damage":0,"enemies":"Jaw Worm Horde","floor":39,"turns":2},{"damage":0,"enemies":"Giant Head","floor":40,"turns":3},{"damage":0,"enemies":"Reptomancer","floor":42,"turns":2},{"damage":0,"enemies":"Giant Head","floor":44,"turns":4},{"damage":0,"enemies":"Maw","floor":46,"turns":5},{"damage":0,"enemies":"Reptomancer","floor":48,"turns":3},{"damage":0,"enemies":"Donu and Deca","floor":50,"turns":4},{"damage":0,"enemies":"Time Eater","floor":51,"turns":9},{"damage":0,"enemies":"Shield and Spear","floor":55,"turns":4},{"damage":0,"enemies":"The Heart","floor":56,"turns":8}],"seed_played":"1442395022406899411","potions_obtained":[{"floor":6,"key":"Swift Potion"},{"floor":7,"key":"Block Potion"},{"floor":11,"key":"FairyPotion"},{"floor":12,"key":"Energy Potion"},{"floor":18,"key":"Strength Potion"},{"floor":23,"key":"DuplicationPotion"},{"floor":29,"key":"Energy Potion"},{"floor":33,"key":"ColorlessPotion"},{"floor":37,"key":"LiquidMemories"},{"floor":39,"key":"Block Potion"}],"is_trial":true,"path_per_floor":["M","?","M","M","?","E","M","E","T","$","M","E","$","E","R","B",null,"M","M","$","M","?","E","M","E","T","T","R","E","R","M","R","B",null,"M","?","M","M","M","E","$","E","T","E","$","M","R","E","R","B","B",null,"R","$","E","B",null],"character_chosen":"IRONCLAD","items_purchased":["Acrobatics+1","Entrench+1","Ornamental Fan"],"campfire_rested":2,"item_purchase_floors":[20,45,54],"current_hp_per_floor":[74,74,75,75,49,36,42,48,48,48,50,28,28,24,24,28,63,69,75,75,75,54,60,66,41,41,41,41,47,47,53,53,59,75,80,80,80,80,80,80,80,80,80,80,80,80,80,80,80,80,80,80,80,80,80,80],"gold":120,"neow_bonus":"","is_daily":false,"chose_seed":false,"campfire_upgraded":4,"win_rate":0.0,"timestamp":1613600617,"path_taken":["M","?","M","?","?","E","M","E","T","?","M","E","$","?","R","BOSS","M","M","$","M","?","E","M","E","T","?","R","E","R","M","R","BOSS","M","?","M","M","M","E","?","E","T","E","$","M","R","E","R","BOSS","BOSS","R","$","E","BOSS"],"items_purchased_type":["Card","Card","Relic"],"build_version":"2020-12-22","purchased_purges":5,"victory":true,"max_hp_per_floor":[75,75,75,75,75,75,75,75,75,75,75,75,75,75,75,75,75,75,75,75,75,80,80,80,80,80,80,80,80,80,80,80,80,80,80,80,80,80,80,80,80,80,80,80,80,80,80,80,80,80,80,80,80,80,80,80],"relic_stats":{"Regal Pillow":0,"Torii":0,"counters":[32,139],"Golden Idol":236,"Burning Blood":102,"Nunchaku":[15],"Dream Catcher":2,"Centennial Puzzle":[6],"Sundial":[124],"Ornamental Fan":[0],"Champion Belt":[0],"obtain_stats":[{"Potion Belt":8,"Lantern":27,"Regal Pillow":48,"Calipers":25,"Torii":40,"Golden Idol":5,"Vajra":26,"Empty Cage":17,"Burning Blood":0,"Runic Dome":34,"Nunchaku":9,"Dream Catcher":12,"Centennial Puzzle":14,"Sundial":23,"Ornamental Fan":54,"Champion Belt":55,"Toxic Egg 2":6,"Toy Ornithopter":29,"Red Skull":44},{"Potion Belt":6,"Lantern":16,"Regal Pillow":28,"Calipers":16,"Torii":24,"Golden Idol":3,"Vajra":16,"Empty Cage":10,"Burning Blood":0,"Runic Dome":19,"Nunchaku":6,"Dream Catcher":8,"Centennial Puzzle":9,"Sundial":14,"Ornamental Fan":30,"Champion Belt":31,"Toxic Egg 2":4,"Toy Ornithopter":17,"Red Skull":26},{"Potion Belt":24,"Lantern":73,"Regal Pillow":114,"Calipers":73,"Torii":100,"Golden Idol":9,"Vajra":73,"Empty Cage":50,"Burning Blood":0,"Runic Dome":84,"Nunchaku":24,"Dream Catcher":37,"Centennial Puzzle":40,"Sundial":63,"Ornamental Fan":127,"Champion Belt":131,"Toxic Egg 2":14,"Toy Ornithopter":76,"Red Skull":106}],"Toy Ornithopter":0},"card_choices":[{"not_picked":["Leap","BowlingBash","Infinite Blades"],"picked":"SKIP","floor":1},{"not_picked":["Headbutt","Worship","Go for the Eyes"],"picked":"SKIP","floor":3},{"not_picked":["Masterful Stab","Hologram"],"picked":"Prostrate","floor":4},{"not_picked":["Armaments+1","Dagger Spray"],"picked":"TalkToTheHand","floor":6},{"not_picked":["Reckless Charge","WindmillStrike","Body Slam"],"picked":"SKIP","floor":7},{"not_picked":["Blood for Blood","CutThroughFate"],"picked":"Impervious+1","floor":8},{"not_picked":["Sword Boomerang","Redo+1","Slice"],"picked":"SKIP","floor":11},{"not_picked":["CarveReality","Twin Strike","Force Field+1"],"picked":"SKIP","floor":12},{"not_picked":["PiercingWail+1","Prepared+1"],"picked":"Backflip+1","floor":14},{"not_picked":["Wild Strike","EmptyBody+1","Flying Knee"],"picked":"SKIP","floor":18},{"not_picked":["Uppercut+1","EmptyBody+1","Perfected Strike"],"picked":"SKIP","floor":19},{"not_picked":["Underhanded Strike+1","Undo+1","Fasting2+1"],"picked":"SKIP","floor":21},{"not_picked":["Perfected Strike","Skewer","Deadly Poison+1"],"picked":"SKIP","floor":23},{"not_picked":["Rebound","Havoc+1"],"picked":"Malaise+1","floor":24},{"not_picked":["Conclude","Cleave","Establishment"],"picked":"SKIP","floor":25},{"not_picked":["CrushJoints","Acrobatics+1","Heatsinks"],"picked":"SKIP","floor":29},{"not_picked":["Capacitor","SashWhip","Study"],"picked":"SKIP","floor":31},{"not_picked":["Multi-Cast+1","Limit Break+1"],"picked":"Venomology+1","floor":33},{"not_picked":["Armaments+1","Coolheaded+1","Capacitor+1"],"picked":"SKIP","floor":35},{"not_picked":["Reckless Charge","Capacitor+1","Sweeping Beam"],"picked":"SKIP","floor":37},{"not_picked":["Dagger Spray","Coolheaded+1","BattleHymn"],"picked":"SKIP","floor":38},{"not_picked":["ThirdEye+1","JustLucky","Cloak And Dagger+1"],"picked":"SKIP","floor":39},{"not_picked":["Headbutt+1","FollowUp","Coolheaded+1"],"picked":"SKIP","floor":40},{"not_picked":["CutThroughFate","Crescendo+1","PiercingWail+1"],"picked":"SKIP","floor":42},{"not_picked":["All For One","Indignation+1","True Grit+1"],"picked":"SKIP","floor":44},{"not_picked":["Glacier+1","FlyingSleeves","Searing Blow"],"picked":"SKIP","floor":46},{"not_picked":["Quick Slash","CarveReality","Skewer"],"picked":"SKIP","floor":48},{"not_picked":["Barrage","Flechettes","LikeWater"],"picked":"SKIP","floor":55}],"player_experience":1929323,"relics_obtained":[{"floor":6,"key":"Toxic Egg 2"},{"floor":8,"key":"Potion Belt"},{"floor":9,"key":"Nunchaku"},{"floor":12,"key":"Dream Catcher"},{"floor":14,"key":"Centennial Puzzle"},{"floor":23,"key":"Sundial"},{"floor":25,"key":"Calipers"},{"floor":26,"key":"Vajra"},{"floor":27,"key":"Lantern"},{"floor":29,"key":"Toy Ornithopter"},{"floor":40,"key":"Torii"},{"floor":44,"key":"Red Skull"},{"floor":48,"key":"Regal Pillow"},{"floor":55,"key":"Champion Belt"}],"event_choices":[{"cards_removed":["Consecrate"],"damage_healed":0,"gold_gain":0,"player_choice":"Purged","damage_taken":0,"max_hp_gain":0,"max_hp_loss":0,"event_name":"Purifier","floor":2,"gold_loss":0},{"damage_healed":0,"gold_gain":0,"player_choice":"Take Damage","damage_taken":26,"relics_obtained":["Golden Idol"],"max_hp_gain":0,"max_hp_loss":0,"event_name":"Golden Idol","floor":5,"gold_loss":0},{"damage_healed":0,"gold_gain":0,"player_choice":"Shed Blood","damage_taken":26,"max_hp_gain":5,"max_hp_loss":0,"event_name":"Forgotten Altar","floor":22,"gold_loss":0},{"cards_removed":["Consecrate"],"damage_healed":0,"gold_gain":0,"player_choice":"Removed Attack","damage_taken":0,"max_hp_gain":0,"max_hp_loss":0,"event_name":"Falling","floor":36,"gold_loss":0}],"is_beta":false,"boss_relics":[{"not_picked":["Snecko Eye","Runic Pyramid"],"picked":"Empty Cage"},{"not_picked":["Sozu","Velvet Choker"],"picked":"Runic Dome"}],"items_purged_floors":[10,13,20,41,54],"is_endless":false,"potions_floor_spawned":[6,7,11,12,18,23,29,33,37,39,42,44,55],"ascension_level":20}}