{"host":"u4hhjc8c2w7dbcnr","time":1613585411,"event":{"mods":["BaseMod","Colored Map","Colored Powertips","Highlight Path","Minty Spire (QoL Compilation)","StSLib"],"gold_per_floor":[118,118,131,131,147,174,174,191,191,204,235,235,251,263,263,363,363,380,380,390,390,406,406,422,422,473,473,473,489,3,31,31,129,129,145,145,164,181,181,196,196,216,216,216,216,216,227,227,227,227,227],"floor_reached":50,"language":"ENG","playtime":2713,"items_purged":["Defend_B"],"score":550,"play_id":"9c9d76fc-b5f8-4fad-ba2e-27d84fd8b1c7","local_time":"20210218021011","is_ascension_mode":true,"campfire_choices":[{"data":"White Noise","floor":7,"key":"SMITH"},{"data":"Hello World","floor":12,"key":"SMITH"},{"floor":15,"key":"REST"},{"data":"Electrodynamics","floor":23,"key":"SMITH"},{"data":"Static Discharge","floor":25,"key":"SMITH"},{"data":"Lockon","floor":28,"key":"SMITH"},{"floor":32,"key":"REST"},{"data":"Loop","floor":41,"key":"SMITH"},{"data":"Defragment","floor":44,"key":"SMITH"},{"data":"Loop","floor":46,"key":"SMITH"},{"data":"Loop","floor":49,"key":"SMITH"}],"circlet_count":0,"master_deck":["Defend_B","Defend_B","Zap","Dualcast","Leap","Lockon+1","Barrage","White Noise+1","Ball Lightning","Rebound","Static Discharge+1","Cold Snap","Hello World+1","Stack","Seek","Electrodynamics+1","Conserve Battery+1","Coolheaded","Bite","Bite","Bite","Bite","Bite","Force Field","Defragment+1","Loop+1","Chill","Cold Snap+1","Core Surge+1","Streamline+1","Tempest","Loop+1","Stack+1","Loop+1","Double Energy+1","Panache"],"relics":["Cracked Core","NeowsBlessing","GremlinMask","Centennial Puzzle","Sundial","Sozu","Enchiridion","Vajra","Molten Egg 2","CaptainsWheel","Anchor","Coffee Dripper","Toxic Egg 2"],"acts_visited":["Exordium","TheCity","TheBeyond"],"potions_floor_usage":[6,11,11,16],"damage_taken":[{"damage":0,"enemies":"Jaw Worm","floor":1,"turns":1},{"damage":0,"enemies":"Cultist","floor":3,"turns":1},{"damage":0,"enemies":"2 Louse","floor":5,"turns":1},{"damage":31,"enemies":"Lagavulin","floor":6,"turns":5},{"damage":15,"enemies":"Exordium Thugs","floor":8,"turns":3},{"damage":9,"enemies":"Blue Slaver","floor":10,"turns":3},{"damage":7,"enemies":"3 Sentries","floor":11,"turns":4},{"damage":14,"enemies":"Exordium Wildlife","floor":13,"turns":4},{"damage":5,"enemies":"Exordium Thugs","floor":14,"turns":5},{"damage":7,"enemies":"Hexaghost","floor":16,"turns":11},{"damage":3,"enemies":"3 Byrds","floor":18,"turns":2},{"damage":10,"enemies":"Spheric Guardian","floor":20,"turns":4},{"damage":9,"enemies":"Snake Plant","floor":22,"turns":4},{"damage":11,"enemies":"Centurion and Healer","floor":24,"turns":5},{"damage":15,"enemies":"Snecko","floor":29,"turns":3},{"damage":29,"enemies":"Slavers","floor":31,"turns":6},{"damage":47,"enemies":"Automaton","floor":33,"turns":10},{"damage":3,"enemies":"Orb Walker","floor":35,"turns":3},{"damage":8,"enemies":"3 Shapes","floor":37,"turns":2},{"damage":2,"enemies":"Jaw Worm Horde","floor":38,"turns":2},{"damage":0,"enemies":"4 Shapes","floor":40,"turns":6},{"damage":17,"enemies":"Writhing Mass","floor":42,"turns":4},{"damage":0,"enemies":"Sphere and 2 Shapes","floor":47,"turns":3},{"damage":20,"enemies":"Time Eater","floor":50,"turns":9}],"seed_played":"573665371741653850","potions_obtained":[{"floor":3,"key":"DuplicationPotion"},{"floor":6,"key":"Block Potion"},{"floor":10,"key":"Fruit Juice"},{"floor":14,"key":"DistilledChaos"}],"is_trial":false,"path_per_floor":["M","?","M","?","M","E","R","M","T","M","E","R","M","M","R","B",null,"M","?","M","?","M","R","M","R","T","T","R","M","$","E","R","B",null,"M","?","M","M","?","M","R","M","T","R","?","R","M","?","R","B"],"character_chosen":"DEFECT","items_purchased":["Loop","CaptainsWheel","Chill"],"campfire_rested":2,"item_purchase_floors":[30,30,30],"current_hp_per_floor":[75,75,75,75,75,44,44,29,29,22,22,22,10,7,31,26,80,77,61,53,53,48,48,51,51,51,51,51,44,44,25,49,20,80,77,77,69,67,67,76,76,63,63,63,63,63,65,65,65,55,55],"gold":227,"neow_bonus":"THREE_ENEMY_KILL","is_daily":false,"chose_seed":false,"campfire_upgraded":9,"win_rate":0.0,"timestamp":1613585411,"path_taken":["M","?","?","?","M","E","R","M","T","M","E","R","M","M","R","BOSS","M","?","M","?","M","R","M","R","T","?","R","?","?","E","R","BOSS","M","?","?","M","?","M","R","M","T","R","?","R","M","?","R","BOSS"],"items_purchased_type":["Card","Relic","Card"],"build_version":"2020-12-22","purchased_purges":1,"victory":false,"max_hp_per_floor":[75,75,75,75,75,75,75,75,75,75,80,80,80,80,80,80,80,80,80,80,80,80,80,80,80,80,80,80,80,80,80,80,80,80,80,80,80,80,76,76,76,76,76,76,76,76,76,76,76,76,76],"card_choices":[{"not_picked":["Barrage","Go for the Eyes"],"picked":"Leap","floor":1},{"not_picked":["Steam","Hologram"],"picked":"White Noise","floor":3},{"not_picked":["Blizzard","Stack"],"picked":"Ball Lightning","floor":5},{"not_picked":["Turbo","Consume"],"picked":"Rebound","floor":6},{"not_picked":["Recycle","Sweeping Beam"],"picked":"Static Discharge","floor":8},{"not_picked":["BootSequence","Force Field"],"picked":"Cold Snap","floor":10},{"not_picked":["Reboot","Beam Cell"],"picked":"Hello World","floor":11},{"not_picked":["Hologram","Leap"],"picked":"Stack","floor":13},{"not_picked":["Hologram","Lockon"],"picked":"Seek","floor":14},{"not_picked":["Fission","Machine Learning"],"picked":"Electrodynamics","floor":16},{"not_picked":["Steam","Heatsinks"],"picked":"Conserve Battery+1","floor":18},{"not_picked":["Skim","Steam"],"picked":"Coolheaded","floor":20},{"not_picked":["Gash","Barrage","Stack"],"picked":"SKIP","floor":22},{"not_picked":["Leap","Rip and Tear"],"picked":"Force Field","floor":24},{"not_picked":["Hologram+1","Cold Snap+1"],"picked":"Defragment","floor":29},{"not_picked":["Sunder+1","Aggregate"],"picked":"Cold Snap+1","floor":31},{"not_picked":["Biased Cognition","Hyperbeam+1"],"picked":"Core Surge+1","floor":33},{"not_picked":["Lockon+1","Sweeping Beam+1"],"picked":"Streamline+1","floor":35},{"not_picked":["Conserve Battery","Auto Shields"],"picked":"Loop","floor":37},{"not_picked":["Rebound+1","Aggregate"],"picked":"Stack+1","floor":38},{"not_picked":["Gash+1","Stack+1"],"picked":"Loop","floor":40},{"not_picked":["Hologram+1","Gash+1","Compile Driver+1"],"picked":"SKIP","floor":42},{"not_picked":["Aggregate+1","Lockon+1"],"picked":"Double Energy+1","floor":47},{"not_picked":["Flash of Steel+1","Master of Strategy+1"],"picked":"Panache","floor":48}],"player_experience":111935,"relics_obtained":[{"floor":6,"key":"Centennial Puzzle"},{"floor":9,"key":"Blood Vial"},{"floor":11,"key":"Sundial"},{"floor":19,"key":"Enchiridion"},{"floor":26,"key":"Vajra"},{"floor":27,"key":"Molten Egg 2"},{"floor":31,"key":"Anchor"},{"floor":43,"key":"Toxic Egg 2"}],"event_choices":[{"damage_healed":0,"gold_gain":0,"player_choice":"2 cards matched","damage_taken":0,"max_hp_gain":0,"max_hp_loss":0,"event_name":"Match and Keep!","floor":2,"gold_loss":0,"cards_obtained":["Lockon","Barrage"]},{"damage_healed":0,"gold_gain":0,"player_choice":"Trade","damage_taken":0,"relics_obtained":["GremlinMask"],"max_hp_gain":0,"max_hp_loss":0,"event_name":"FaceTrader","floor":4,"gold_loss":0},{"damage_healed":0,"gold_gain":0,"player_choice":"Obtained Book","damage_taken":16,"max_hp_gain":0,"max_hp_loss":0,"event_name":"Cursed Tome","floor":19,"gold_loss":0},{"damage_healed":0,"gold_gain":0,"player_choice":"Became a vampire (Vial)","damage_taken":0,"max_hp_gain":0,"max_hp_loss":0,"event_name":"Vampires","floor":21,"relics_lost":["Blood Vial"],"gold_loss":0,"cards_obtained":["Bite","Bite","Bite","Bite","Bite"]},{"damage_healed":0,"gold_gain":0,"cards_transformed":["Defend_B"],"player_choice":"Transformed","damage_taken":0,"max_hp_gain":0,"max_hp_loss":0,"event_name":"Transmorgrifier","floor":36,"gold_loss":0,"cards_obtained":["Tempest"]},{"damage_healed":0,"gold_gain":0,"player_choice":"Max HP","damage_taken":0,"max_hp_gain":0,"max_hp_loss":4,"event_name":"Winding Halls","floor":39,"gold_loss":0},{"damage_healed":0,"gold_gain":0,"player_choice":"Ignored","damage_taken":0,"max_hp_gain":0,"max_hp_loss":0,"event_name":"Mysterious Sphere","floor":45,"gold_loss":0},{"damage_healed":0,"gold_gain":0,"player_choice":"Memory 1","damage_taken":0,"max_hp_gain":0,"max_hp_loss":0,"event_name":"SensoryStone","floor":48,"gold_loss":0}],"is_beta":false,"boss_relics":[{"not_picked":["Runic Pyramid","Fusion Hammer"],"picked":"Sozu"},{"not_picked":["Calling Bell","Black Star"],"picked":"Coffee Dripper"}],"items_purged_floors":[30],"is_endless":false,"potions_floor_spawned":[3,6,10,14,18,24,33,35,37,40],"killed_by":"Time Eater","ascension_level":1}}