{"host":"4gkev1dtxxhiue3x","time":1613590079,"event":{"mods":["AchievementEnabler","BaseMod","Better Altar","Better Match","Better Note","Better Sensory Stone","Better Skull","Better Third Choice","Colored Powertips","Downfall","Friendly Minions","Hermit","Minty Spire (QoL Compilation)","Relic Stats","Robot Space Explorer","Shop Mod","StSLib","The Construct","The Disciple","The Hierophant"],"gold_per_floor":[113,113,126,145,156,156,191,203,240,252,264,290,330,353,365,377,377],"floor_reached":16,"language":"ENG","playtime":1017,"items_purged":[],"score":134,"play_id":"01a20c81-254f-436b-909a-fc836a9b456a","local_time":"20210217202759","is_ascension_mode":true,"campfire_choices":[{"floor":6,"key":"REST"},{"floor":8,"key":"REST"},{"data":"Searing Blow","floor":10,"key":"SMITH"},{"floor":15,"key":"REST"}],"circlet_count":0,"master_deck":["Strike_R","Strike_R","Strike_R","Defend_R","Defend_R","Defend_R","Defend_R","Bash","Inflame","Berserk","Wild Strike","Heavy Blade","Searing Blow+1","Armaments","Reckless Charge","Iron Wave","Spot Weakness"],"relics":["Burning Blood","MawBank","Orichalcum","Dream Catcher","Happy Flower"],"acts_visited":["Exordium"],"potions_floor_usage":[7,14,16,16],"damage_taken":[{"damage":4,"enemies":"Jaw Worm","floor":1,"turns":4},{"damage":6,"enemies":"Cultist","floor":3,"turns":4},{"damage":8,"enemies":"2 Louse","floor":4,"turns":3},{"damage":36,"enemies":"Exordium Thugs","floor":5,"turns":4},{"damage":30,"enemies":"3 Sentries","floor":7,"turns":8},{"damage":10,"enemies":"2 Fungi Beasts","floor":12,"turns":3},{"damage":27,"enemies":"Lagavulin","floor":13,"turns":8},{"damage":3,"enemies":"Looter","floor":14,"turns":3},{"damage":56,"enemies":"The Guardian","floor":16,"turns":5}],"seed_played":"7919497628398333546","potions_obtained":[{"floor":3,"key":"SkillPotion"},{"floor":4,"key":"BloodPotion"},{"floor":13,"key":"EssenceOfSteel"},{"floor":14,"key":"GamblersBrew"}],"is_trial":false,"path_per_floor":["M","?","M","M","M","R","E","R","T","R","?","M","E","M","R","B"],"character_chosen":"IRONCLAD","items_purchased":[],"campfire_rested":3,"item_purchase_floors":[],"current_hp_per_floor":[58,50,50,48,18,42,18,42,42,42,35,31,10,13,37,0,0],"gold":377,"neow_bonus":"REMOVE_TWO","is_daily":false,"chose_seed":false,"campfire_upgraded":1,"win_rate":0.0,"timestamp":1613590079,"path_taken":["M","?","M","?","M","R","E","R","T","R","?","M","E","M","R","BOSS"],"items_purchased_type":[],"build_version":"2020-12-22","purchased_purges":0,"victory":false,"max_hp_per_floor":[80,80,80,80,80,80,80,80,80,80,80,80,80,80,80,80,80],"relic_stats":{"Dream Catcher":1,"Happy Flower":[2],"counters":[9,42],"Orichalcum":[18],"MawBank":108,"obtain_stats":[{"Dream Catcher":11,"Happy Flower":13,"Orichalcum":9,"MawBank":7,"Burning Blood":0},{"Dream Catcher":5,"Happy Flower":7,"Orichalcum":5,"MawBank":5,"Burning Blood":0},{"Dream Catcher":23,"Happy Flower":34,"Orichalcum":23,"MawBank":23,"Burning Blood":0}],"Burning Blood":48},"card_choices":[{"not_picked":["Warcry","Seeing Red"],"picked":"Inflame","floor":1},{"not_picked":["Headbutt","Perfected Strike"],"picked":"Berserk","floor":3},{"not_picked":["Warcry","Clothesline"],"picked":"Wild Strike","floor":4},{"not_picked":["Perfected Strike","Dual Wield"],"picked":"Heavy Blade","floor":5},{"not_picked":["Havoc","Bloodletting"],"picked":"Searing Blow","floor":7},{"not_picked":["Iron Wave","Body Slam"],"picked":"Armaments","floor":12},{"not_picked":["Blood for Blood","Exhume"],"picked":"Reckless Charge","floor":13},{"not_picked":["Warcry","Rage"],"picked":"Iron Wave","floor":14},{"not_picked":["Hemokinesis","Anger"],"picked":"Spot Weakness","floor":15}],"player_experience":193904,"relics_obtained":[{"floor":7,"key":"MawBank"},{"floor":9,"key":"Orichalcum"},{"floor":13,"key":"Happy Flower"}],"event_choices":[{"damage_healed":0,"gold_gain":0,"player_choice":"Damaged","damage_taken":8,"max_hp_gain":0,"max_hp_loss":0,"event_name":"Wheel of Change","floor":2,"gold_loss":0},{"damage_healed":0,"gold_gain":0,"player_choice":"Relic ","damage_taken":7,"max_hp_gain":0,"max_hp_loss":0,"event_name":"betterThird:BetterScrap","floor":11,"gold_loss":0,"cards_obtained":["Force Field"]}],"is_beta":false,"boss_relics":[],"items_purged_floors":[],"is_endless":false,"potions_floor_spawned":[3,4,13,14],"killed_by":"The Guardian","ascension_level":4}}