{"host":"ugys05tpep779cl6","time":1613562590,"event":{"mods":["AchievementEnabler","Aspiration","BaseMod","Beaked The Cultist","CatGirl Mod","Colored Powertips","HololiveMod","Lobotomy","Minty Spire (QoL Compilation)","Quick Restart","Replay The Spire","Spicy Shops","StSLib","The Druid"],"gold_per_floor":[110,137,149,162,179,209,220,220,220,237,237,266,166,12,12,113,113,132,132,145,60,0,31,41,76,76,26,26,65,88,114,114,214,214,236,236,236,247,547,576,588,588,615,630,664,714,714,729,729,729,729,729,9,36,56],"floor_reached":56,"language":"ENG","playtime":1926,"items_purged":["Strike_R","Strike_R","Defend_R","Strike_R","Doubt","Strike_R"],"score":1552,"play_id":"99c57ff2-785d-448b-93ba-3ddebc9f9f9e","local_time":"20210217124950","is_ascension_mode":false,"campfire_choices":[{"data":"beaked:WarriorEssence","floor":8.0,"key":"SMITH"},{"data":"Sword Boomerang","floor":11.0,"key":"SMITH"},{"data":"Heavy Blade","floor":32.0,"key":"SMITH"},{"floor":42.0,"key":"RECALL"},{"data":"Bash","floor":47.0,"key":"SMITH"},{"data":"Defend_R","floor":49.0,"key":"SMITH"},{"data":"Defend_R","floor":52.0,"key":"SMITH"}],"circlet_count":0,"master_deck":["Strike_R","Defend_R+1","Defend_R+1","Defend_R","Bash+1","beaked:FeelMyPain+1","beaked:WarriorEssence+1","Sword Boomerang+1","Heavy Blade+1","Anger","Disarm+1","Metallicize","Warcry","Seeing Red+1","Shrug It Off+1"],"relics":["Burning Blood","aspiration:Nostalgia","m_ByrdBlood","Smiling Mask","Ice Cream","beaked:ShinyBauble","Bottled Lightning","aspiration:PoetsPen_weak","Replay:Bottled Snecko","Pear","Boot","CeramicFish","Girya","aspiration:WatcherSkillbook","Potion Belt","Akabeko","Magic Flower","Durian","Replay:Wax Seal","aspiration:HatOfInfinitePower","CaptainsWheel","Sling","Replay:Bandana"],"acts_visited":["Exordium","TheCity","TheBeyond","TheEnding"],"potions_floor_usage":[55,55,55,55,55,55,55,55,55],"damage_taken":[{"damage":6.0,"enemies":"Cultist","floor":1.0,"turns":3.0},{"damage":10.0,"enemies":"Small Slimes","floor":3.0,"turns":3.0},{"damage":7.0,"enemies":"2 Louse","floor":4.0,"turns":4.0},{"damage":70.0,"enemies":"Large Slime","floor":5.0,"turns":6.0},{"damage":56.0,"enemies":"3 Sentries","floor":6.0,"turns":7.0},{"damage":15.0,"enemies":"Looter","floor":7.0,"turns":2.0},{"damage":24.0,"enemies":"Blue Slaver","floor":10.0,"turns":4.0},{"damage":14.0,"enemies":"Gremlin Nob","floor":12.0,"turns":3.0},{"damage":40.0,"enemies":"Slime Boss","floor":16.0,"turns":2.0},{"damage":40.0,"enemies":"3 Byrds","floor":18.0,"turns":2.0},{"damage":56.0,"enemies":"2 Thieves","floor":20.0,"turns":3.0},{"damage":40.0,"enemies":"Slavers","floor":23.0,"turns":2.0},{"damage":46.0,"enemies":"Snake Plant","floor":24.0,"turns":2.0},{"damage":46.0,"enemies":"Book of Stabbing","floor":25.0,"turns":3.0},{"damage":32.0,"enemies":"Gremlin Leader","floor":29.0,"turns":3.0},{"damage":36.0,"enemies":"Centurion and Healer","floor":30.0,"turns":2.0},{"damage":29.0,"enemies":"Cultist and Chosen","floor":31.0,"turns":2.0},{"damage":55.0,"enemies":"Champ","floor":33.0,"turns":4.0},{"damage":61.0,"enemies":"3 Shapes","floor":35.0,"turns":3.0},{"damage":29.0,"enemies":"3 Darklings","floor":38.0,"turns":3.0},{"damage":64.0,"enemies":"R_Hoarder","floor":40.0,"turns":5.0},{"damage":27.0,"enemies":"Spire Growth","floor":41.0,"turns":2.0},{"damage":33.0,"enemies":"Sphere and 2 Shapes","floor":44.0,"turns":2.0},{"damage":31.0,"enemies":"Giant Head","floor":45.0,"turns":4.0},{"damage":42.0,"enemies":"Mind Bloom Boss Battle","floor":46.0,"turns":3.0},{"damage":57.0,"enemies":"4 Shapes","floor":48.0,"turns":3.0},{"damage":106.0,"enemies":"Time Eater","floor":50.0,"turns":5.0},{"damage":69.0,"enemies":"Shield and Spear","floor":54.0,"turns":3.0},{"damage":150,"enemies":"The Heart","floor":55,"turns":4}],"seed_played":"2945901013339504785","potions_obtained":[{"floor":3.0,"key":"SkillPotion"},{"floor":4.0,"key":"SteroidPotion"},{"floor":5.0,"key":"CultistPotion"},{"floor":20.0,"key":"Fire Potion"},{"floor":23.0,"key":"EntropicBrew"},{"floor":25.0,"key":"Energy Potion"},{"floor":38.0,"key":"LiquidMemories"},{"floor":44.0,"key":"Fire Potion"},{"floor":46.0,"key":"GamblersBrew"},{"floor":48.0,"key":"ColorlessPotion"}],"is_trial":false,"path_per_floor":["M","T","M","M","M","E","M","R","T","M","R","E","$","$","R","B",null,"M","?","M","?","?","E","M","E","T","$","$","E","M","M","R","B",null,"M","?","$","M","?","E","M","R","T","M","E","?","R","M","R","B",null,"R","$","E","B",null],"character_chosen":"IRONCLAD","items_purchased":["Heavy Blade","Replay:Wax Seal","aspiration:HatOfInfinitePower","CaptainsWheel","Sling"],"campfire_rested":0,"item_purchase_floors":[14,53,53,53,53],"current_hp_per_floor":[80,80,80,80,43,20,29,29,29,41,41,56,56,56,80,73,80,72,72,57,67,67,70,62,57,57,57,57,66,59,67,67,53,90,58,58,58,70,70,54,56,56,56,62,84,91,91,93,93,64,95,95,95,90,78],"gold":56,"neow_bonus":"NOSTALGIA","is_daily":false,"chose_seed":false,"campfire_upgraded":6,"win_rate":0.0,"timestamp":1613562590,"path_taken":["M","?","?","M","M","E","M","R","T","M","R","E","?","$","R","BOSS","M","?","M","?","?","E","M","E","T","?","$","E","M","M","R","BOSS","M","?","?","M","?","E","?","R","T","M","E","?","R","M","R","BOSS","R","$","E","BOSS"],"items_purchased_type":["Card","Relic","Relic","Relic","Relic"],"build_version":"2020-12-22","purchased_purges":6,"victory":true,"max_hp_per_floor":[80,80,80,80,80,80,80,80,80,80,80,80,80,80,80,80,80,80,80,80,90,90,90,90,90,90,90,90,90,90,90,90,90,90,90,90,90,90,90,90,90,90,90,90,90,95,95,95,95,95,95,95,95,95,95],"card_choices":[{"not_picked":["Havoc","Pommel Strike","Shockwave"],"picked":"SKIP","floor":1.0},{"not_picked":["Replay:Undeath\u0027s Touch","Sentinel"],"picked":"beaked:FeelMyPain","floor":3.0},{"not_picked":["Entrench","Feel No Pain","Wild Strike"],"picked":"SKIP","floor":4.0},{"not_picked":["Rage","Clash","Armaments"],"picked":"SKIP","floor":5.0},{"not_picked":["Blood for Blood","beaked:FeelMyPain","Pommel Strike"],"picked":"SKIP","floor":6.0},{"not_picked":["Bludgeon","Rupture"],"picked":"beaked:WarriorEssence","floor":7.0},{"not_picked":["ReplayTheSpireMod:Strike From Hell","Iron Wave"],"picked":"Sword Boomerang","floor":10.0},{"not_picked":["Bloodletting","ReplayTheSpireMod:Strike From Hell","Sentinel"],"picked":"SKIP","floor":12.0},{"not_picked":["ReplayTheSpireMod:Strike From Hell+1","Spot Weakness+1","Combust"],"picked":"SKIP","floor":18.0},{"not_picked":["Perfected Strike+1","Flex"],"picked":"Anger","floor":20.0},{"not_picked":["Heavy Blade","Rupture"],"picked":"Disarm+1","floor":23.0},{"not_picked":["Perfected Strike","Pommel Strike","Dark Embrace"],"picked":"SKIP","floor":24.0},{"not_picked":["Hemogenesis","Clash","Headbutt"],"picked":"SKIP","floor":25.0},{"not_picked":["Pommel Strike+1","ReplayReversal+1"],"picked":"Metallicize","floor":29.0},{"not_picked":["Headbutt+1","Thunderclap"],"picked":"Warcry","floor":30.0},{"not_picked":["Body Slam","Armaments+1"],"picked":"Seeing Red+1","floor":31.0},{"not_picked":["Clothesline","Ghostly Armor","Perfected Strike"],"picked":"Shrug It Off+1","floor":35.0},{"not_picked":["Havoc+1","Iron Wave","Wild Strike","Thunderclap+1"],"picked":"SKIP","floor":38.0},{"not_picked":["Hemokinesis","Fire Breathing","Clothesline+1","beaked:DigDeeper"],"picked":"SKIP","floor":40.0},{"not_picked":["Dual Wield","Run Through","beaked:WarriorEssence+1","Anger+1"],"picked":"SKIP","floor":41.0},{"not_picked":["beaked:WildInstinct","Clash+1","Havoc+1","Burning Pact+1"],"picked":"SKIP","floor":44.0},{"not_picked":["Thunderclap","Demonic Infusion","Cleave+1","Massacre+1"],"picked":"SKIP","floor":45.0},{"not_picked":["Thunderclap+1","Burning Pact+1","Shockwave+1","Reckless Charge"],"picked":"SKIP","floor":48.0},{"not_picked":["Thunderclap+1","Evolve+1","Clothesline","Battle Trance"],"picked":"SKIP","floor":54.0}],"player_experience":752892,"relics_obtained":[{"floor":2.0,"key":"Smiling Mask"},{"floor":6.0,"key":"Ice Cream"},{"floor":9.0,"key":"beaked:ShinyBauble"},{"floor":12.0,"key":"Bottled Lightning"},{"floor":23.0,"key":"Boot"},{"floor":25.0,"key":"CeramicFish"},{"floor":29.0,"key":"Girya"},{"floor":40.0,"key":"Potion Belt"},{"floor":43.0,"key":"Akabeko"},{"floor":45.0,"key":"Magic Flower"},{"floor":46.0,"key":"Durian"},{"floor":54.0,"key":"Replay:Bandana"}],"event_choices":[{"damage_healed":0.0,"max_hp_gain":0.0,"max_hp_loss":0.0,"gold_gain":0.0,"event_name":"Addict","player_choice":"Obtained Relic","floor":21.0,"gold_loss":85.0,"damage_taken":0.0,"relics_obtained":["Pear"]},{"damage_healed":0.0,"max_hp_gain":0.0,"max_hp_loss":0.0,"gold_gain":0.0,"event_name":"Masked Bandits","player_choice":"Paid Fearfully","floor":22.0,"gold_loss":60.0,"damage_taken":0.0},{"damage_healed":0.0,"max_hp_gain":0.0,"max_hp_loss":0.0,"gold_gain":0.0,"event_name":"NoteForYourself","player_choice":"Ignored","floor":36.0,"gold_loss":0.0,"damage_taken":0.0},{"damage_healed":0.0,"max_hp_gain":0.0,"max_hp_loss":0.0,"gold_gain":300.0,"event_name":"Wheel of Change","player_choice":"Gold","floor":39.0,"gold_loss":0.0,"damage_taken":0.0},{"damage_healed":0.0,"max_hp_gain":0.0,"max_hp_loss":0.0,"gold_gain":0.0,"event_name":"MindBloom","player_choice":"Fight","floor":46.0,"gold_loss":0.0,"damage_taken":0.0}],"is_beta":false,"boss_relics":[{"not_picked":["aspiration:RunicSpoon","Runic Pyramid"],"picked":"aspiration:PoetsPen_weak"},{"not_picked":["Runic Dome","beaked:MawFillet"],"picked":"aspiration:WatcherSkillbook"}],"items_purged_floors":[13,13,14,14,27,53],"is_endless":false,"potions_floor_spawned":[3,4,5,20,23,25,30,31,38,44,46,48],"ascension_level":0}}