{"host":"2c84cb4cp1emursg","time":1613522766,"event":{"mods":["Act Like it!","BaseMod","Better Third Choice","Bossed Relics","Hermit","Mimic Mod","Minty Spire (QoL Compilation)","Permanent Neow","StSLib","The Bug Knight"],"gold_per_floor":[117,117,132,364,382,410,422,449,449,468,497,497,510,2,2,97,97,112,112,131,36,53,79,79,89,89,122,132,82,82,96,96,195,195,205,216,295,311,64,99,144,173,207,207,12,38,54,54,54,54,54],"floor_reached":50,"language":"ENG","playtime":5470,"items_purged":["Strike_G","Defend_G","Defend_G","Strike_G","Defend_G"],"score":1022,"play_id":"03545ff5-50eb-48d8-835f-beafcc7959ca","local_time":"20210216174606","is_ascension_mode":true,"campfire_choices":[{"data":"Buffer","floor":12,"key":"SMITH"},{"data":"Venomology","floor":15,"key":"SMITH"},{"data":"Corpse Explosion","floor":24,"key":"SMITH"},{"data":"Catalyst","floor":30,"key":"SMITH"},{"data":"Backflip","floor":32,"key":"SMITH"},{"data":"Envenom","floor":44,"key":"SMITH"},{"floor":49,"key":"RECALL"}],"circlet_count":0,"master_deck":["Strike_G","Strike_G","Strike_G","Defend_G","Defend_G","Survivor","Neutralize","Flying Knee","Buffer+1","All Out Attack","Sucker Punch","Cloak And Dagger","Dagger Spray","Skewer","Venomology+1","Catalyst+1","Panache","Corpse Explosion+1","CurseOfTheBell","PiercingWail+1","PiercingWail+1","Backflip+1","Quick Slash","Well Laid Plans","Dash+1","Envenom+1","Dagger Spray+1","Cloak And Dagger+1","Mayhem","Acrobatics+1","Caltrops+1","Dark Shackles"],"relics":["Busted Crown","Smiling Mask","Old Coin","Sundial","Ancient Tea Set","Mercury Hourglass","Gambling Chip","Orrery","Potion Belt","Calling Bell","Bronze Scales","StrikeDummy","HollowMod:QueensCombRelic","Ornamental Fan","Snake Skull","Tiny Chest","Pandora\u0027s Box","Mummified Hand","Bird Faced Urn","Shovel","Question Card","Thread and Needle","Toy Ornithopter","Bag of Preparation"],"acts_visited":["Exordium","TheCity","TheBeyond"],"potions_floor_usage":[8,11,16,16,22,23,23,27,31,33,33,33,33,35,40,41,41,41,43,43,46,46,50,50],"damage_taken":[{"damage":0,"enemies":"2 Louse","floor":1,"turns":4},{"damage":0,"enemies":"Cultist","floor":3,"turns":4},{"damage":4,"enemies":"Jaw Worm","floor":5,"turns":2},{"damage":32,"enemies":"3 Sentries","floor":6,"turns":13},{"damage":0,"enemies":"Red Slaver","floor":7,"turns":5},{"damage":2,"enemies":"HollowMod:MossKnight","floor":8,"turns":14},{"damage":0,"enemies":"Lots of Slimes","floor":10,"turns":1},{"damage":0,"enemies":"Gremlin Nob","floor":11,"turns":4},{"damage":0,"enemies":"Gremlin Gang","floor":13,"turns":2},{"damage":0,"enemies":"Slime Boss","floor":16,"turns":5},{"damage":3,"enemies":"3 Byrds","floor":18,"turns":1},{"damage":9,"enemies":"2 Thieves","floor":20,"turns":3},{"damage":0,"enemies":"Centurion and Healer","floor":22,"turns":5},{"damage":10,"enemies":"Book of Stabbing","floor":23,"turns":5},{"damage":13,"enemies":"Sentry and Sphere","floor":25,"turns":3},{"damage":3,"enemies":"Slavers","floor":27,"turns":2},{"damage":0,"enemies":"Chosen and Byrds","floor":28,"turns":5},{"damage":0,"enemies":"Cultist and Chosen","floor":31,"turns":3},{"damage":10,"enemies":"Automaton","floor":33,"turns":11},{"damage":16,"enemies":"3 Darklings","floor":35,"turns":2},{"damage":0,"enemies":"Orb Walker","floor":36,"turns":3},{"damage":0,"enemies":"Sphere and 2 Shapes","floor":38,"turns":3},{"damage":0,"enemies":"Giant Head","floor":40,"turns":5},{"damage":31,"enemies":"2 Orb Walkers","floor":41,"turns":5},{"damage":0,"enemies":"Nemesis","floor":42,"turns":6},{"damage":0,"enemies":"Writhing Mass","floor":43,"turns":5},{"damage":0,"enemies":"Giant Head","floor":46,"turns":7},{"damage":13,"enemies":"Writhing Mass","floor":47,"turns":4},{"damage":76,"enemies":"Time Eater","floor":50,"turns":7}],"seed_played":"1847803203126605403","potions_obtained":[{"floor":6,"key":"GhostInAJar"},{"floor":8,"key":"ColorlessPotion"},{"floor":10,"key":"SpeedPotion"},{"floor":13,"key":"CunningPotion"},{"floor":22,"key":"BlessingOfTheForge"},{"floor":25,"key":"SmokeBomb"},{"floor":28,"key":"SteroidPotion"},{"floor":31,"key":"Swift Potion"},{"floor":35,"key":"BlessingOfTheForge"},{"floor":36,"key":"FairyPotion"},{"floor":46,"key":"Strength Potion"}],"is_trial":false,"path_per_floor":["M","?","M","?","M","E","M","E","T","M","E","R","M","$","R","B",null,"M","T","M","$","M","E","R","M","T","E","M","$","R","M","R","B",null,"M","M","T","M","$","E","?","E","MIM","R","$","E","M","?","R","B"],"character_chosen":"THE_SILENT","items_purchased":["Orrery","Panache","Potion Belt","Backflip","Mayhem","Toy Ornithopter"],"campfire_rested":0,"item_purchase_floors":[14,14,14,21,39,45],"current_hp_per_floor":[63,55,55,55,51,19,19,17,17,17,17,17,17,17,17,17,39,40,40,37,37,46,36,36,31,31,32,46,46,46,46,46,36,44,30,42,42,46,46,46,23,46,46,46,46,46,33,33,33,0,0],"gold":54,"neow_bonus":"BOSS_RELIC","is_daily":false,"chose_seed":false,"campfire_upgraded":6,"win_rate":0.0,"timestamp":1613522766,"path_taken":["M","?","M","?","M","E","M","E","T","M","E","R","M","$","R","BOSS","M","?","M","?","M","E","R","M","T","E","?","?","R","?","R","BOSS","M","M","?","M","$","E","?","E","MIM","R","$","E","M","?","R","BOSS"],"items_purchased_type":["Relic","Card","Relic","Card","Card","Relic"],"build_version":"2020-12-22","purchased_purges":5,"victory":false,"max_hp_per_floor":[70,70,70,70,70,70,70,70,70,70,70,70,70,70,70,70,46,46,46,46,46,46,46,46,46,46,46,46,46,46,46,46,46,46,46,46,46,46,46,46,46,46,46,46,46,46,46,46,46,46,46],"card_choices":[{"not_picked":[],"picked":"Flying Knee","floor":1},{"not_picked":[],"picked":"All Out Attack","floor":3},{"not_picked":[],"picked":"Sucker Punch","floor":5},{"not_picked":[],"picked":"Cloak And Dagger","floor":6},{"not_picked":["Deadly Poison"],"picked":"SKIP","floor":7},{"not_picked":[],"picked":"Dagger Spray","floor":8},{"not_picked":["Prepared"],"picked":"SKIP","floor":10},{"not_picked":[],"picked":"Skewer","floor":11},{"not_picked":["Backstab"],"picked":"SKIP","floor":13},{"not_picked":[],"picked":"Venomology","floor":14},{"not_picked":[],"picked":"Catalyst","floor":14},{"not_picked":[],"picked":"Corpse Explosion","floor":16},{"not_picked":[],"picked":"PiercingWail+1","floor":18},{"not_picked":[],"picked":"PiercingWail+1","floor":20},{"not_picked":[],"picked":"Quick Slash","floor":22},{"not_picked":["Blur"],"picked":"SKIP","floor":23},{"not_picked":[],"picked":"Well Laid Plans","floor":25},{"not_picked":[],"picked":"Dash+1","floor":27},{"not_picked":["Finisher"],"picked":"SKIP","floor":28},{"not_picked":["Backstab"],"picked":"SKIP","floor":31},{"not_picked":[],"picked":"Envenom","floor":33},{"not_picked":[],"picked":"Dagger Spray+1","floor":35},{"not_picked":[],"picked":"Cloak And Dagger+1","floor":36},{"not_picked":["Well Laid Plans+1"],"picked":"SKIP","floor":38},{"not_picked":["All Out Attack"],"picked":"SKIP","floor":40},{"not_picked":["Bane"],"picked":"SKIP","floor":42},{"not_picked":["Heel Hook+1"],"picked":"Acrobatics+1","floor":46},{"not_picked":["Cloak And Dagger"],"picked":"Caltrops+1","floor":47},{"not_picked":["PanicButton"],"picked":"Dark Shackles","floor":48}],"player_experience":526416,"relics_obtained":[{"floor":6,"key":"Sundial"},{"floor":8,"key":"Ancient Tea Set"},{"floor":9,"key":"Mercury Hourglass"},{"floor":11,"key":"Gambling Chip"},{"floor":17,"key":"Bronze Scales"},{"floor":17,"key":"StrikeDummy"},{"floor":17,"key":"HollowMod:QueensCombRelic"},{"floor":19,"key":"Ornamental Fan"},{"floor":23,"key":"Snake Skull"},{"floor":27,"key":"Tiny Chest"},{"floor":37,"key":"Mummified Hand"},{"floor":40,"key":"Bird Faced Urn"},{"floor":41,"key":"Shovel"},{"floor":42,"key":"Question Card"},{"floor":43,"key":"Thread and Needle"},{"floor":46,"key":"Bag of Preparation"}],"event_choices":[{"damage_healed":0,"gold_gain":0,"player_choice":"Paid Gold","damage_taken":0,"relics_obtained":["Old Coin"],"max_hp_gain":0,"max_hp_loss":0,"event_name":"WeMeetAgain","floor":4,"gold_loss":68},{"damage_healed":0,"gold_gain":0,"player_choice":"Fight","damage_taken":0,"max_hp_gain":0,"max_hp_loss":0,"event_name":"Mysterious Sphere","floor":41,"gold_loss":0},{"damage_healed":0,"gold_gain":0,"player_choice":"Memory 1","damage_taken":0,"max_hp_gain":0,"max_hp_loss":0,"event_name":"SensoryStone","floor":48,"gold_loss":0}],"is_beta":false,"boss_relics":[{"not_picked":["Snecko Eye","Sozu"],"picked":"Calling Bell"},{"not_picked":["Cursed Key","WristBlade"],"picked":"Pandora\u0027s Box"}],"items_purged_floors":[14,21,29,39,45],"is_endless":false,"potions_floor_spawned":[6,8,10,13,22,25,28,31,35,36,46,47],"killed_by":"Time Eater","ascension_level":6}}