{"host":"sum4dy402bbv9y4o","time":1613594786,"event":{"mods":["Aspiration","BaseMod","Conspire","Highlight Path","Minty Spire (QoL Compilation)","StSLib"],"gold_per_floor":[215,33,43,54,104,104,122,141,141,166,183,183,183,208,208,285,285,264,264,34,51,51,51,83,2,2,27,27,27,27,46,46,119,119,139,139,164,175,24,24,24],"floor_reached":40,"language":"ENG","playtime":1710,"items_purged":["Strike_P","Strike_P","Writhe"],"score":964,"play_id":"7e6cbd64-e0a6-42f5-999f-7ed5a29b6736","local_time":"20210217234626","is_ascension_mode":true,"campfire_choices":[{"data":"Eruption","floor":6,"key":"SMITH"},{"floor":13,"key":"REST"},{"data":"SashWhip","floor":15,"key":"SMITH"},{"floor":23,"key":"REST"},{"floor":28,"key":"REST"},{"data":"TalkToTheHand","floor":32,"key":"SMITH"}],"circlet_count":0,"master_deck":["AscendersBane","Strike_P","Strike_P+1","Defend_P","Defend_P","Defend_P","Defend_P","Eruption+1","Vigilance","TalkToTheHand+1","Adaptation+1","EmptyFist","FlurryOfBlows","MentalFortress","MentalFortress+1","SashWhip+1","FlurryOfBlows","EmptyBody","ConjureBlade","FollowUp","FlurryOfBlows","Wallop","WheelKick","RitualDagger","Crescendo","LessonLearned","FollowUp+1","Halt"],"relics":["HolyWater","Yang","Ornamental Fan","conspire:Flyswatter","Busted Crown","aspiration:HiddenCompartment","Orichalcum","Question Card","TungstenRod"],"acts_visited":["Exordium","TheCity","TheBeyond"],"potions_floor_usage":[8,16,16,18,24,27,33,37,40],"damage_taken":[{"damage":2,"enemies":"2 Louse","floor":1,"turns":4},{"damage":0,"enemies":"Cultist","floor":3,"turns":2},{"damage":0,"enemies":"Jaw Worm","floor":4,"turns":5},{"damage":7,"enemies":"Looter","floor":7,"turns":4},{"damage":0,"enemies":"Exordium Wildlife","floor":8,"turns":2},{"damage":5,"enemies":"Gremlin Nob","floor":10,"turns":4},{"damage":8,"enemies":"Blue Slaver","floor":11,"turns":2},{"damage":0,"enemies":"Lagavulin","floor":14,"turns":6},{"damage":3,"enemies":"The Guardian","floor":16,"turns":11},{"damage":5,"enemies":"2 Thieves","floor":18,"turns":4},{"damage":2,"enemies":"Shell Parasite","floor":21,"turns":4},{"damage":10,"enemies":"Slavers","floor":24,"turns":7},{"damage":0,"enemies":"Book of Stabbing","floor":27,"turns":5},{"damage":12,"enemies":"Sentry and Sphere","floor":31,"turns":3},{"damage":39,"enemies":"Automaton","floor":33,"turns":12},{"damage":12,"enemies":"3 Shapes","floor":35,"turns":6},{"damage":0,"enemies":"Mind Bloom Boss Battle","floor":37,"turns":3},{"damage":58,"enemies":"3 Darklings","floor":38,"turns":6},{"damage":5,"enemies":"Giant Head","floor":40,"turns":4}],"seed_played":"-97709927581737413","potions_obtained":[{"floor":1,"key":"SkillPotion"},{"floor":3,"key":"Ancient Potion"},{"floor":7,"key":"AttackPotion"},{"floor":11,"key":"DuplicationPotion"},{"floor":16,"key":"Weak Potion"},{"floor":21,"key":"Weak Potion"},{"floor":24,"key":"ColorlessPotion"},{"floor":31,"key":"EssenceOfSteel"},{"floor":35,"key":"CultistPotion"},{"floor":38,"key":"BlessingOfTheForge"}],"is_trial":false,"path_per_floor":["M","$","M","M","?","R","M","M","T","E","M","?","R","E","R","B",null,"M","?","$","M","?","R","E","$","T","E","R","?","$","M","R","B",null,"M","?","?","M","$","E"],"character_chosen":"WATCHER","items_purchased":["Adaptation","EmptyFist","FlurryOfBlows","Wallop","WheelKick","Halt"],"campfire_rested":3,"item_purchase_floors":[2,2,20,20,25,39],"current_hp_per_floor":[59,59,59,59,53,53,46,46,46,41,33,13,33,33,33,30,59,54,35,35,33,33,54,44,44,44,44,65,59,59,47,47,8,57,45,60,60,2,2,0,0],"gold":24,"neow_bonus":"HUNDRED_GOLD","is_daily":false,"chose_seed":false,"campfire_upgraded":3,"win_rate":0.0,"timestamp":1613594786,"path_taken":["M","$","M","M","?","R","M","M","T","E","?","?","R","E","R","BOSS","M","?","$","M","?","R","E","?","T","E","R","?","$","M","R","BOSS","M","?","?","M","$","E"],"items_purchased_type":["Card","Card","Card","Card","Card","Card"],"build_version":"2020-12-22","purchased_purges":3,"victory":false,"max_hp_per_floor":[68,68,68,68,68,68,68,68,68,68,68,68,68,68,68,68,68,68,73,73,73,73,73,73,73,73,73,73,73,73,73,73,73,73,73,73,73,73,73,73,73],"card_choices":[{"not_picked":["ReachHeaven","WaveOfTheHand"],"picked":"TalkToTheHand","floor":1},{"not_picked":["EmptyBody","JustLucky"],"picked":"FlurryOfBlows","floor":3},{"not_picked":["BowlingBash","Sanctity"],"picked":"MentalFortress","floor":4},{"not_picked":["ReachHeaven","ClearTheMind"],"picked":"MentalFortress","floor":7},{"not_picked":["CrushJoints","WheelKick"],"picked":"SashWhip","floor":8},{"not_picked":["MentalFortress","MasterReality"],"picked":"FlurryOfBlows","floor":10},{"not_picked":["Prostrate","PathToVictory"],"picked":"EmptyBody","floor":11},{"not_picked":["Study","ForeignInfluence","Omniscience"],"picked":"SKIP","floor":14},{"not_picked":["MasterReality","Vault"],"picked":"ConjureBlade","floor":16},{"not_picked":[],"picked":"FollowUp","floor":18},{"not_picked":["Protect"],"picked":"SKIP","floor":21},{"not_picked":["Wireheading"],"picked":"SKIP","floor":24},{"not_picked":["WreathOfFlame"],"picked":"SKIP","floor":27},{"not_picked":["Protect"],"picked":"Crescendo","floor":31},{"not_picked":["SpiritShield"],"picked":"LessonLearned","floor":33},{"not_picked":["Evaluate"],"picked":"FollowUp+1","floor":35},{"not_picked":["FollowUp","CrushJoints"],"picked":"SKIP","floor":38}],"player_experience":3109754,"relics_obtained":[{"floor":9,"key":"Yang"},{"floor":10,"key":"Ornamental Fan"},{"floor":14,"key":"conspire:Flyswatter"},{"floor":24,"key":"aspiration:HiddenCompartment"},{"floor":26,"key":"Orichalcum"},{"floor":27,"key":"Question Card"},{"floor":37,"key":"TungstenRod"}],"event_choices":[{"damage_healed":0,"gold_gain":50,"player_choice":"Touch","damage_taken":6,"max_hp_gain":0,"max_hp_loss":0,"event_name":"FaceTrader","floor":5,"gold_loss":0},{"damage_healed":0,"gold_gain":0,"player_choice":"Entered Light","damage_taken":20,"max_hp_gain":0,"max_hp_loss":0,"event_name":"Shining Light","floor":12,"gold_loss":0,"cards_upgraded":["MentalFortress","Adaptation"]},{"damage_healed":0,"gold_gain":0,"player_choice":"Shed Blood","damage_taken":24,"max_hp_gain":5,"max_hp_loss":0,"event_name":"Forgotten Altar","floor":19,"gold_loss":0},{"damage_healed":0,"gold_gain":0,"player_choice":"Ignored","damage_taken":0,"max_hp_gain":0,"max_hp_loss":0,"event_name":"Ghosts","floor":22,"gold_loss":0},{"damage_healed":0,"gold_gain":0,"player_choice":"Joined the Cult","damage_taken":6,"max_hp_gain":0,"max_hp_loss":0,"event_name":"Nest","floor":29,"gold_loss":0,"cards_obtained":["RitualDagger"]},{"damage_healed":15,"gold_gain":0,"player_choice":"Writhe","damage_taken":0,"max_hp_gain":0,"max_hp_loss":0,"event_name":"Winding Halls","floor":36,"gold_loss":0,"cards_obtained":["Writhe"]},{"damage_healed":0,"gold_gain":0,"player_choice":"Fight","damage_taken":0,"max_hp_gain":0,"max_hp_loss":0,"event_name":"MindBloom","floor":37,"gold_loss":0}],"is_beta":false,"boss_relics":[{"not_picked":["aspiration:RitualDagger","conspire:RunicOctahedron"],"picked":"Busted Crown"},{"not_picked":["Coffee Dripper","Fusion Hammer"],"picked":"HolyWater"}],"items_purged_floors":[2,20,39],"is_endless":false,"potions_floor_spawned":[1,3,7,11,16,21,24,31,35,38],"killed_by":"Giant Head","ascension_level":20}}