{"host":"7t8rqoeeopyy0nh0","time":1613602964,"event":{"mods":["AchievementEnabler","Aspiration","BaseMod","Better Third Choice","BetterRewards","Colored Map","Colored Powertips","Conspire","Downfall","Hubris","Minty Spire (QoL Compilation)","Permanent Neow","Quick Restart","Random Character Button","Rare Cards Sparkle","Reliquary","Replay The Spire","StSLib"],"gold_per_floor":[119,169,11,29,49,76,96,128,128,143,143,162,191,208,208,279,279,290,33,33,33,53,83,83,83,83,83,133,150,150,150],"floor_reached":30,"language":"ENG","playtime":1065,"items_purged":[],"score":740,"play_id":"a82065a0-3eb8-4c79-b925-b704d674be7c","local_time":"20210217180244","is_ascension_mode":true,"campfire_choices":[{"floor":11.0,"key":"REST"},{"data":"Bludgeon","floor":15.0,"key":"SMITH"},{"floor":25,"key":"REST"},{"data":"Sword Boomerang","floor":27,"key":"SMITH"}],"circlet_count":0,"master_deck":["AscendersBane","Strike_R","Strike_R","Strike_R","Strike_R","Strike_R","Defend_R","Defend_R","Defend_R","Defend_R","Bash","Inflame+1","Wild Strike","Iron Wave","Hemokinesis","Burning Pact","Replay:Undeath\u0027s Touch","Twin Strike","Spot Weakness","conspire:Charge","Bludgeon+1","True Grit","Exhume","Iron Wave+1","Armaments+1","Warcry+1","Sword Boomerang+1","Pot Of Greed","Pot Of Greed","Pot Of Greed","Metallicize+1","Pommel Strike"],"relics":["Burning Blood","Chemical X","Peace Pipe","Replay:Towering Pillar of Hats","Toy Ornithopter","aspiration:HummingbirdHeart","reliquary:ExpiredCoupon","Regal Pillow","hubris:MysteriousPyramids","Snecko Eye","conspire:TopHat","Grinning Jar","Eternal Feather"],"acts_visited":["Exordium","TheCity"],"potions_floor_usage":[23,30],"damage_taken":[{"damage":6.0,"enemies":"2 Louse","floor":1.0,"turns":3.0},{"damage":1.0,"enemies":"Cultist","floor":4.0,"turns":3.0},{"damage":7.0,"enemies":"Jaw Worm","floor":5.0,"turns":3.0},{"damage":10.0,"enemies":"Gremlin Nob","floor":6.0,"turns":3.0},{"damage":3.0,"enemies":"3 Louse","floor":7.0,"turns":2.0},{"damage":27.0,"enemies":"3 Sentries","floor":8.0,"turns":9.0},{"damage":5.0,"enemies":"Lots of Slimes","floor":10.0,"turns":3.0},{"damage":0.0,"enemies":"Blue Slaver","floor":12.0,"turns":2.0},{"damage":18.0,"enemies":"Gremlin Nob","floor":13.0,"turns":4.0},{"damage":0.0,"enemies":"Looter","floor":14.0,"turns":3.0},{"damage":15.0,"enemies":"Fading Forest","floor":16.0,"turns":13.0},{"damage":17.0,"enemies":"Shell Parasite","floor":18.0,"turns":4.0},{"damage":0.0,"enemies":"3 Byrds","floor":22.0,"turns":4.0},{"damage":61,"enemies":"Book of Stabbing","floor":23,"turns":6},{"damage":0,"enemies":"Snake Plant","floor":29,"turns":2},{"damage":84,"enemies":"Gremlin Leader","floor":30,"turns":9}],"seed_played":"3817058712056098995","potions_obtained":[{"floor":1.0,"key":"champ:CounterPotion"},{"floor":5.0,"key":"hexamod:SoulburnPotion"},{"floor":8.0,"key":"LifebloodPotion"},{"floor":12.0,"key":"EssenceOfSteel"},{"floor":13.0,"key":"PowerPotion"},{"floor":18.0,"key":"Adrenaline Potion"}],"is_trial":false,"path_per_floor":["M","?","$","M","M","E","M","E","T","M","R","M","E","M","R","B",null,"M","$","?","?","M","E","?","R","T","R","?","M","E"],"character_chosen":"IRONCLAD","items_purchased":["Chemical X","Peace Pipe","Inflame+1","Wild Strike","Iron Wave","Toy Ornithopter","conspire:TopHat","Armaments","Warcry+1"],"campfire_rested":2,"item_purchase_floors":[0,0,0,0,0,3,19,19,19],"current_hp_per_floor":[29,29,29,34,33,34,37,16,16,17,54,60,53,59,59,69,74,63,63,63,67,73,23,23,60,60,75,75,75,0,0],"gold":150,"neow_bonus":"","is_daily":false,"chose_seed":false,"campfire_upgraded":2,"win_rate":0.0,"timestamp":1613602964,"path_taken":["M","?","$","M","?","E","M","E","T","?","R","M","E","M","R","BOSS","M","$","?","?","?","E","?","R","T","R","?","M","E"],"items_purchased_type":["Relic","Relic","Card","Card","Card","Relic","Relic","Card","Card"],"build_version":"2020-12-22","purchased_purges":0,"victory":false,"max_hp_per_floor":[75,75,75,75,75,75,75,75,75,75,75,75,75,75,75,75,75,75,75,75,75,75,75,75,75,75,75,75,75,75,75],"card_choices":[{"not_picked":["Dark Embrace","Infernal Blade"],"picked":"Hemokinesis","floor":1.0},{"not_picked":["Body Slam","Run Through"],"picked":"Burning Pact","floor":4.0},{"not_picked":["hubris:ReadiedAction","Clash"],"picked":"Replay:Undeath\u0027s Touch","floor":5.0},{"not_picked":["Reckless Charge","Fire Breathing","Replay:Undeath\u0027s Touch"],"picked":"SKIP","floor":6.0},{"not_picked":["Headbutt","Perfected Strike"],"picked":"Twin Strike","floor":7.0},{"not_picked":["ReplayTheSpireMod:Muscle Training","Pommel Strike"],"picked":"Spot Weakness","floor":8.0},{"not_picked":["True Grit","ReplayTheSpireMod:Limb From Limb"],"picked":"conspire:Charge","floor":10.0},{"not_picked":["ReplayTheSpireMod:Corrosion Curse","Iron Wave"],"picked":"Bludgeon","floor":12.0},{"not_picked":["Clash","Second Wind"],"picked":"True Grit","floor":13.0},{"not_picked":["ReplayReversal","Perfected Strike","Fire Breathing"],"picked":"SKIP","floor":14.0},{"not_picked":["Bludgeon","Demonic Infusion"],"picked":"Exhume","floor":16.0},{"not_picked":["Anger","Replay:Undeath\u0027s Touch"],"picked":"Iron Wave+1","floor":18.0},{"not_picked":["ReplayTheSpireMod:LeadingStrike","Evolve"],"picked":"Sword Boomerang","floor":22.0},{"not_picked":["Sword Boomerang","Entrench+1"],"picked":"Metallicize+1","floor":23},{"not_picked":["hubris:ReadiedAction","Body Slam"],"picked":"Pommel Strike","floor":29}],"player_experience":442326,"relics_obtained":[{"floor":6.0,"key":"aspiration:HummingbirdHeart"},{"floor":8.0,"key":"reliquary:ExpiredCoupon"},{"floor":9.0,"key":"Regal Pillow"},{"floor":13.0,"key":"hubris:MysteriousPyramids"},{"floor":23,"key":"Grinning Jar"},{"floor":26,"key":"Eternal Feather"}],"event_choices":[{"damage_healed":0.0,"max_hp_gain":0.0,"max_hp_loss":0.0,"gold_gain":50.0,"event_name":"Golden Shrine","player_choice":"Pray","floor":2.0,"gold_loss":0.0,"damage_taken":0.0},{"damage_healed":0,"gold_gain":50,"player_choice":"Steal","damage_taken":0,"max_hp_gain":0,"max_hp_loss":0,"event_name":"betterThird:BetterNest","floor":28,"gold_loss":0}],"is_beta":false,"boss_relics":[{"not_picked":["Abe\u0027s Treasure","conspire:SlowCooker"],"picked":"Snecko Eye"}],"items_purged_floors":[],"is_endless":false,"potions_floor_spawned":[1,5,8,12,13,18],"killed_by":"Gremlin Leader","ascension_level":20}}