{"host":"ooy9sn8qgs7oliwr","time":1613535998,"event":{"mods":["100% Spire Juice","ATMod(°¢èªMod)","Act Like it!","Arknights","BaseMod","BetterRewards","CapriCore","Minty Spire (QoL Compilation)","Pale of the Ancients","Reliquary","Replay The Spire","RumiaBox-Â¶Ã×æ«µÄÉñÃØºÐ×Ó","StSLib","The Immortal","The Jungle","Yakumo Yukari mod","¡¾ÒÅÎï¿¨ÅÆ¡¿REMEMod"],"gold_per_floor":[127,158,17,17,37,62,62,96,169,181,211,230,240,240,240,240,240,240],"floor_reached":16,"language":"ZHS","playtime":2208,"items_purged":[],"score":122,"play_id":"2fff5f04-34fe-46ae-8633-17eb26652bb5","local_time":"20210217122638","is_ascension_mode":false,"campfire_choices":[{"floor":15,"key":"REST"}],"circlet_count":0,"master_deck":["MokouMod:Strike","MokouMod:Strike","MokouMod:Strike","MokouMod:Strike+1","MokouMod:Defend","MokouMod:Defend","MokouMod:Defend","MokouMod:Defend","MokouMod:HeatSpark","MokouMod:IgnitionBlast","MokouMod:Refresh","MokouMod:ScorchingColumn","MokouMod:ThermalPressure","MokouMod:EnchantingBambooForest","MokouMod:Refresh+1","MokouMod:TemporalFireSeal","MokouMod:ResoluteFlare","MokouMod:ResonanceReactor"],"relics":["MokouMod:PhoenixFeather","AT_ATBox","REME_ComplimentaryCards","MawBank","AT_RedTearstoneRing","Counterbalance","MealTicket","Mummified Hand","reliquary:PrincelyHelmet"],"acts_visited":["Exordium"],"potions_floor_usage":[8,11,16,16],"damage_taken":[{"damage":15,"enemies":"Cultist","floor":1,"turns":4},{"damage":23,"enemies":"ats:Genji","floor":2,"turns":4},{"damage":8,"enemies":"Small Slimes","floor":5,"turns":3},{"damage":27,"enemies":"Lagavulin","floor":6,"turns":6},{"damage":8,"enemies":"3 Sentries","floor":8,"turns":6},{"damage":8,"enemies":"Gremlin Gang","floor":10,"turns":3},{"damage":18,"enemies":"Lagavulin","floor":11,"turns":3},{"damage":0,"enemies":"2 Fungi Beasts","floor":12,"turns":2},{"damage":0,"enemies":"Large Slime","floor":13,"turns":2},{"damage":29,"enemies":"Fading Forest","floor":16,"turns":7}],"seed_played":"1135071847817837340","potions_obtained":[{"floor":6,"key":"PowerPotion"},{"floor":8,"key":"DuplicationPotion"},{"floor":10,"key":"Strength Potion"},{"floor":12,"key":"Toxic Potion"},{"floor":13,"key":"LiquidBronze"}],"is_trial":false,"path_per_floor":["M","M","$","?","M","E","?","E","T","M","E","M","M","?","R","B"],"character_chosen":"MKU","items_purchased":["AT_RedTearstoneRing"],"campfire_rested":1,"item_purchase_floors":[3],"current_hp_per_floor":[60,37,37,37,29,2,2,14,14,6,18,18,18,3,25,6,6,6],"gold":240,"neow_bonus":"RANDOM_COMMON_RELIC","is_daily":false,"chose_seed":false,"campfire_upgraded":0,"win_rate":0.0,"timestamp":1613535998,"path_taken":["M","M","?","?","?","E","?","E","T","M","E","?","M","?","R","BOSS"],"items_purchased_type":["Relic"],"build_version":"2020-12-22","purchased_purges":0,"victory":false,"max_hp_per_floor":[75,75,75,75,75,75,75,75,75,75,75,75,75,75,75,75,75,75],"card_choices":[{"not_picked":["MokouMod:BurningDraft","MokouMod:CrimsonArmoury"],"picked":"MokouMod:IgnitionBlast","floor":1},{"not_picked":["MokouMod:BlazingComet","MokouMod:CrimsonArmoury"],"picked":"MokouMod:Refresh","floor":2},{"not_picked":["MokouMod:Singe","MokouMod:HeatFactory"],"picked":"MokouMod:ScorchingColumn","floor":5},{"not_picked":["MokouMod:ShiftIgnition","MokouMod:UncontrollableSolarReaction"],"picked":"MokouMod:ThermalPressure","floor":6},{"not_picked":["MokouMod:Rekindle","MokouMod:PhoenixFeathers"],"picked":"MokouMod:EnchantingBambooForest","floor":8},{"not_picked":["MokouMod:Ember","MokouMod:FusionFlare"],"picked":"MokouMod:Refresh","floor":10},{"not_picked":["MokouMod:Scorch","MokouMod:FlickeringFlame"],"picked":"MokouMod:TemporalFireSeal","floor":11},{"not_picked":["MokouMod:ScorchingColumn","MokouMod:UncontrollableSolarReaction"],"picked":"MokouMod:ResoluteFlare","floor":12},{"not_picked":["MokouMod:ThermalPressure","MokouMod:IgnitionBlast"],"picked":"MokouMod:ResonanceReactor","floor":13}],"player_experience":40972,"relics_obtained":[{"floor":6,"key":"Counterbalance"},{"floor":8,"key":"MealTicket"},{"floor":9,"key":"Mummified Hand"},{"floor":11,"key":"reliquary:PrincelyHelmet"}],"event_choices":[{"cards_removed":["MokouMod:Strike"],"damage_healed":0,"gold_gain":0,"player_choice":"Purged","damage_taken":0,"max_hp_gain":0,"max_hp_loss":0,"event_name":"Purifier","floor":4,"gold_loss":0},{"damage_healed":0,"gold_gain":0,"player_choice":"Ignored","damage_taken":0,"max_hp_gain":0,"max_hp_loss":0,"event_name":"NoteForYourself","floor":7,"gold_loss":0},{"damage_healed":0,"gold_gain":0,"player_choice":"Entered Light","damage_taken":15,"max_hp_gain":0,"max_hp_loss":0,"event_name":"Shining Light","floor":14,"gold_loss":0,"cards_upgraded":["MokouMod:Strike","MokouMod:Refresh"]}],"is_beta":false,"boss_relics":[],"items_purged_floors":[],"is_endless":false,"potions_floor_spawned":[6,8,10,12,13],"killed_by":"Fading Forest","ascension_level":0}}