{"host":"vrsxkkch9ccrec7k","time":1613596914,"event":{"mods":["Act Like it!","BaseMod","Bestiary","Better Altar","Better Match","Better Note","Better Sensory Stone","Better Skull","Better Third Choice","Better Vampires","Downfall","Minty Spire (QoL Compilation)","Permanent Neow","Relic Stats","Spicy Shops","StSLib"],"gold_per_floor":[99,111,111,127,127,127,154,172,82,82,82,116,116,142,161,235,235,235,247,265,265,365,365,365,392,392,33,33,33,43,59,79,156,156,156,174,174,190,207,92,92,105,135,130,140,173,73,91,102,102],"floor_reached":51,"language":"ENG","playtime":5157,"items_purged":["champ:Strike","champ:Strike","champ:Strike"],"score":1387,"play_id":"49bb397d-80dc-4419-aa67-eb944a5f9fc9","local_time":"20210217162154","is_ascension_mode":true,"campfire_choices":[{"data":"champ:Execute","floor":1,"key":"SMITH"},{"data":"champ:Haymaker","floor":6,"key":"SMITH"},{"floor":13,"key":"REST"},{"data":"champ:Improvising","floor":18,"key":"SMITH"},{"data":"champ:Lariat","floor":23,"key":"SMITH"},{"data":"champ:EndlessRage","floor":26,"key":"SMITH"},{"data":"champ:Backstep","floor":29,"key":"SMITH"},{"data":"champ:UltimateStance","floor":35,"key":"SMITH"},{"data":"expansioncontent:YouAreMine","floor":47,"key":"SMITH"}],"circlet_count":0,"master_deck":["AscendersBane","champ:Defend","champ:Defend","champ:Defend","champ:Defend","champ:Execute+1","champ:Taunt","champ:Shatter","champ:Haymaker+1","champ:Lariat+1","champ:FanOfKnives","champ:Improvising+1","champ:EndlessRage+1","champ:ShieldSlam","champ:SteelEdge","champ:Backstep+1","champ:ShieldSigil","champ:EnGarde+1","champ:IronFortress","champ:AdrenalArmor","champ:EnchantCrown","champ:SwordSigil+1","champ:UltimateStance+1","champ:SwordSigil+1","expansioncontent:YouAreMine+1","champ:Backstep","champ:BringItOn","champ:SwordSigil+1","champ:RecklessLeap+1","champ:SwordSigil","champ:IronFortress","champ:Lariat+1","champ:EnchantCrown","champ:BerserkerStyle"],"relics":["champ:ChampionCrown","downfall:ShatteredFragment","Bag of Preparation","Mercury Hourglass","Bird Faced Urn","Cursed Key","White Beast Statue","Blood Vial","Shuriken","Runic Pyramid","bronze:DecasWashers","Vajra","Bottled Lightning","downfall:HeartBlessingGreen"],"acts_visited":["Exordium","TheCity","TheBeyond"],"potions_floor_usage":[12,12,22,25,25,28,38,44,50],"damage_taken":[{"damage":10,"enemies":"2 Louse","floor":2,"turns":3},{"damage":10,"enemies":"Cultist","floor":4,"turns":3},{"damage":10,"enemies":"Small Slimes","floor":8,"turns":2},{"damage":0,"enemies":"downfall:FleeingMerchant","floor":9,"turns":4},{"damage":11,"enemies":"Gremlin Nob","floor":12,"turns":3},{"damage":10,"enemies":"3 Sentries","floor":14,"turns":3},{"damage":10,"enemies":"2 Fungi Beasts","floor":15,"turns":2},{"damage":104,"enemies":"WA_ARCHETYPE_RETAIN","floor":16,"turns":11},{"damage":39,"enemies":"downfall:LooterAlt2","floor":19,"turns":4},{"damage":26,"enemies":"Spheric Guardian","floor":20,"turns":3},{"damage":48,"enemies":"downfall:LadyInBlue","floor":22,"turns":7},{"damage":25,"enemies":"Book of Stabbing","floor":25,"turns":5},{"damage":10,"enemies":"downfall:FleeingMerchant","floor":27,"turns":4},{"damage":20,"enemies":"Snake Plant","floor":28,"turns":2},{"damage":20,"enemies":"Snecko","floor":30,"turns":3},{"damage":44,"enemies":"Shelled Parasite and Fungi","floor":31,"turns":5},{"damage":45,"enemies":"Centurion and Healer","floor":32,"turns":4},{"damage":87,"enemies":"IC_MUSHROOM_ARCHETYPE","floor":33,"turns":6},{"damage":10,"enemies":"3 Shapes","floor":36,"turns":4},{"damage":92,"enemies":"3 Darklings","floor":38,"turns":5},{"damage":76,"enemies":"Spire Growth","floor":39,"turns":5},{"damage":50,"enemies":"downfall:FleeingMerchant","floor":40,"turns":4},{"damage":23,"enemies":"Sphere and 2 Shapes","floor":42,"turns":6},{"damage":85,"enemies":"Giant Head","floor":43,"turns":7},{"damage":110,"enemies":"downfall:FleeingMerchant","floor":44,"turns":4},{"damage":65,"enemies":"Writhing Mass","floor":45,"turns":4},{"damage":153,"enemies":"Reptomancer","floor":46,"turns":7},{"damage":90,"enemies":"Jaw Worm Horde","floor":48,"turns":3},{"damage":40,"enemies":"4 Shapes","floor":49,"turns":4},{"damage":186,"enemies":"DF_ARCHETYPE_ORBS","floor":50,"turns":8}],"seed_played":"-5787429508868571803","potions_obtained":[{"floor":0,"key":"Weak Potion"},{"floor":0,"key":"CultistPotion"},{"floor":19,"key":"Fruit Juice"},{"floor":22,"key":"Regen Potion"},{"floor":22,"key":"Dexterity Potion"},{"floor":25,"key":"Fire Potion"},{"floor":27,"key":"SmokeBomb"},{"floor":30,"key":"Weak Potion"},{"floor":32,"key":"EssenceOfSteel"},{"floor":36,"key":"Guardian:BlockOnCardUsePotion"},{"floor":38,"key":"champ:TechniquePotion"},{"floor":40,"key":"LiquidMemories"},{"floor":44,"key":"EssenceOfSteel"},{"floor":45,"key":"Regen Potion"},{"floor":49,"key":"SpeedPotion"}],"is_trial":false,"path_per_floor":["R","M","?","M","?","R","T","M","$","?","?","E","R","E","M","B",null,"R","M","M","?","?","R","T","E","R","$","M","R","M","M","M","B",null,"R","M","?","M","M","$","T","M","E","$","M","E","R","M","M","B",null],"character_chosen":"THE_CHAMP","items_purchased":["Shuriken","champ:IronFortress","champ:AdrenalArmor","Vajra","champ:IronFortress"],"campfire_rested":1,"item_purchase_floors":[27,27,27,44,44],"current_hp_per_floor":[73,73,46,46,46,46,46,46,46,46,46,40,64,54,56,16,65,65,63,62,62,48,48,48,64,64,70,74,74,80,84,86,68,82,82,86,86,86,84,86,86,80,86,86,86,78,78,84,86,64],"gold":102,"neow_bonus":"THREE_SMALL_POTIONS","is_daily":false,"chose_seed":false,"campfire_upgraded":8,"win_rate":0.0,"timestamp":1613596914,"path_taken":["R","M","?","M","?","R","T","?","$","?","?","E","R","E","M","BOSS","R","M","M","?","?","R","T","E","R","$","M","R","M","M","M","BOSS","R","M","?","M","M","$","T","M","E","$","M","E","R","M","M","BOSS"],"items_purchased_type":["Relic","Card","Card","Relic","Card"],"build_version":"2020-12-22","purchased_purges":3,"victory":true,"max_hp_per_floor":[81,81,81,81,81,81,81,81,81,81,81,81,81,81,81,81,81,81,81,81,81,86,86,86,86,86,86,86,86,86,86,86,86,86,86,86,86,86,86,86,86,86,86,86,86,86,86,86,86,86],"relic_stats":{"Blood Vial":20,"counters":[30,135],"Shuriken":[26],"Bird Faced Urn":[62],"Bag of Preparation":[56],"Cursed Key":0,"obtain_stats":[{"downfall:ShatteredFragment":3,"bronze:DecasWashers":43,"Vajra":44,"champ:ChampionCrown":0,"downfall:HeartBlessingGreen":47,"Bag of Preparation":7,"Cursed Key":17,"White Beast Statue":22,"Mercury Hourglass":12,"Blood Vial":25,"Shuriken":27,"Bird Faced Urn":14,"Bottled Lightning":46,"Runic Pyramid":34},{"downfall:ShatteredFragment":1,"bronze:DecasWashers":24,"Vajra":25,"champ:ChampionCrown":0,"downfall:HeartBlessingGreen":27,"Bag of Preparation":2,"Cursed Key":8,"White Beast Statue":11,"Mercury Hourglass":5,"Blood Vial":12,"Shuriken":13,"Bird Faced Urn":6,"Bottled Lightning":27,"Runic Pyramid":18},{"downfall:ShatteredFragment":3,"bronze:DecasWashers":105,"Vajra":109,"champ:ChampionCrown":0,"downfall:HeartBlessingGreen":120,"Bag of Preparation":6,"Cursed Key":31,"White Beast Statue":45,"Mercury Hourglass":15,"Blood Vial":50,"Shuriken":54,"Bird Faced Urn":18,"Bottled Lightning":120,"Runic Pyramid":74}],"Mercury Hourglass":[362]},"card_choices":[{"not_picked":["champ:AdrenalArmor","champ:Parry"],"picked":"champ:Shatter","floor":2},{"not_picked":["champ:ShieldSigil","champ:GladiatorStyle"],"picked":"champ:Haymaker","floor":4},{"not_picked":["champ:CrownThrow","champ:HeartStrike"],"picked":"champ:Lariat","floor":8},{"not_picked":["champ:RecklessLeap","champ:ShieldSigil"],"picked":"champ:FanOfKnives","floor":9},{"not_picked":["champ:ShieldSlam","champ:StanceDance"],"picked":"champ:Improvising","floor":12},{"not_picked":["champ:Backstep","champ:BringItOn"],"picked":"champ:EndlessRage","floor":14},{"not_picked":["champ:FalseCounter","champ:Circumvent"],"picked":"champ:ShieldSlam","floor":15},{"not_picked":["champ:Devastate","champ:ShieldThrow"],"picked":"champ:SteelEdge","floor":16},{"not_picked":["champ:Circumvent","champ:BringItOn","champ:FocusedDefense+1"],"picked":"SKIP","floor":19},{"not_picked":["champ:EnGarde","champ:AdrenalArmor"],"picked":"champ:Backstep","floor":20},{"not_picked":["champ:GutPunch+1","champ:RecklessLeap"],"picked":"champ:ShieldSigil","floor":25},{"not_picked":["champ:Shatter","champ:BerserkersShout"],"picked":"champ:EnGarde+1","floor":27},{"not_picked":["champ:Shatter","champ:PerfectedStrike","champ:Circumvent"],"picked":"SKIP","floor":30},{"not_picked":["champ:Backstep","champ:PreciseThrust"],"picked":"champ:EnchantCrown","floor":31},{"not_picked":["champ:PreciseThrust","champ:Circumvent"],"picked":"champ:SwordSigil+1","floor":32},{"not_picked":["champ:VampiricStrike","champ:TripleStrike"],"picked":"champ:UltimateStance","floor":33},{"not_picked":["champ:CrownThrow","champ:ViciousMockery+1"],"picked":"champ:SwordSigil+1","floor":36},{"not_picked":["expansioncontent:AwakenDeath","expansioncontent:Hexaburn"],"picked":"expansioncontent:YouAreMine","floor":37},{"not_picked":["champ:RageSigil","champ:CrownThrow"],"picked":"champ:Backstep","floor":38},{"not_picked":["champ:FlashCut","champ:HeartStrike"],"picked":"champ:BringItOn","floor":39},{"not_picked":["champ:EnGarde","champ:BringItOn+1"],"picked":"champ:SwordSigil+1","floor":40},{"not_picked":["champ:BerserkersShout","champ:Improvising"],"picked":"champ:RecklessLeap+1","floor":42},{"not_picked":["champ:Shatter","champ:Devastate"],"picked":"champ:SwordSigil","floor":43},{"not_picked":["champ:ShieldSigil","champ:EnGarde+1","champ:DefensiveShout"],"picked":"SKIP","floor":44},{"not_picked":["champ:StanceDance","champ:GladiatorStyle"],"picked":"champ:Lariat+1","floor":45},{"not_picked":["champ:DefensiveShout","champ:ArenaPreparation"],"picked":"champ:EnchantCrown","floor":46},{"not_picked":["champ:CrookedStrike","champ:DefensiveShout","champ:Backstep"],"picked":"SKIP","floor":48},{"not_picked":["champ:EnragedBash+1","champ:PreemptiveStrike+1"],"picked":"champ:BerserkerStyle","floor":49}],"player_experience":1953092,"relics_obtained":[{"floor":7,"key":"Bag of Preparation"},{"floor":12,"key":"Mercury Hourglass"},{"floor":14,"key":"Bird Faced Urn"},{"floor":22,"key":"White Beast Statue"},{"floor":25,"key":"Blood Vial"},{"floor":43,"key":"bronze:DecasWashers"},{"floor":46,"key":"Bottled Lightning"}],"event_choices":[{"cards_removed":["champ:Strike"],"damage_healed":0,"gold_gain":0,"player_choice":"Card Removal","damage_taken":0,"max_hp_gain":0,"max_hp_loss":0,"event_name":"Wheel of Change","floor":5,"gold_loss":0}],"is_beta":false,"boss_relics":[{"not_picked":["Sozu","bronze:MakeshiftBattery"],"picked":"Cursed Key"},{"not_picked":["Empty Cage","Pandora\u0027s Box"],"picked":"Runic Pyramid"}],"items_purged_floors":[9,40,44],"is_endless":false,"potions_floor_spawned":[2,8,19,22,25,27,28,30,31,32,33,36,38,39,40,42,43,44,45,46,48,49],"ascension_level":15}}