{"host":"l85rtarfuh0ld3b1","time":1613570836,"event":{"mods":["Act Like it!","BaseMod","BetterRewards","CapriCore","Decade(王小明)","Gensokyo","KinomotoSakuraMod(木之本樱)","Koishi","Marisa（F雨　魔理沙）","Minty Spire (QoL Compilation)","Permanent Neow","Reimu（博丽灵梦）","Remilia（蕾米莉亚）","Shop Mod","StSLib","TestMod","The Administrix","The Immortal","The Servant 0.9.4","WarShipGirlsR/战舰少女R mod","Yakumo Yukari mod"],"gold_per_floor":[122,521,348,348,348,378,328,328,328,328,361,374,374,75,75,179,179,196,156,174,199,199,199,319,354,406,544,544,544,469,469,469,573,573,589,597,1179,1179,1179,1179,1179,1179,1212,1130,1130,1130,1163,1163,1163,1163,1163,1736,1769,1769],"floor_reached":56,"language":"ZHS","playtime":3310,"items_purged":["rmod:strick","rmod:strick","rmod:strick","rmod:defend","rmod:defend","rmod:defend","rmod:defend","rmod:strick","rmod:basicallowance","rmod:maingunfire","rmod:aviationdawn","rmod:aviationdawn+1","rmod:sl","rmod:lonelyqueen","rmod:sl"],"score":2234,"play_id":"6c26dc09-df33-4620-ad2c-e580ce24556b","local_time":"20210217220715","is_ascension_mode":true,"campfire_choices":[{"data":"rmod:wife","floor":13,"key":"SMITH"},{"data":"rmod:expedition+1","floor":15,"key":"SMITH"},{"data":"rmod:expedition+2","floor":23,"key":"SMITH"},{"data":"Finesse","floor":28,"key":"SMITH"},{"floor":32,"key":"RECALL"},{"data":"Gensokyo:RedCapeBlueCape","floor":40,"key":"SMITH"},{"floor":46,"key":"DIG"},{"floor":47,"key":"DIG"},{"floor":49,"key":"DIG"},{"floor":52,"key":"DIG"}],"circlet_count":0,"master_deck":["rmod:wife+1","rmod:acesubmarine+1","rmod:expedition+3","KillingBlow+1","rmod:robin+1","rmod:aviationdawn+1","rmod:sl+1","rmod:lonelyqueen+1","rmod:diaomin+1","rmod:maintain+1","Parasite","Parasite","ManaConvection+1","rmod:maintain+1","rmod:ridicule+1","Koishi:Whimsy+1","Gensokyo:MorningMist+1","Gensokyo:RedCapeBlueCape+1","Finesse+1","Gensokyo:RisingWorld+1","Gensokyo:CustomPotion"],"relics":["rmod:firstchargereward","testmod-GoldenSoul","MerchantsRug","testmod-Charity","Mastiff:ReiMu","Membership Card","rmod:quickrepair","testmod-HeartOfDaVinci","Memoryfragments_purpleEX","CeramicFish","Medical Kit","AntiCross","testmod-Alchemist","PrismaticShard","Chemical X","ShroomBag","ClockworkSouvenir","SproutingBranch","rmod:equipmentrecovery","Question Card","White Beast Statue","rmod:extraamm","Blue Candle","Juzu Bracelet","HandmadeGrimoire","Koishi:LettersToReimu","BreadOfAWashokuLover","testmod-CyclicPeriapt","Shovel","Singing Bowl","Gensokyo:NagashiBinaDoll","Gensokyo:PortableGap","testmod-BouquetWithThorns","testmod-LifeArmor","TungstenRod","Busted Crown","ZunR:ReiMu","testmod-Antiphasic","MutagenicStrength","PocketWatch","Anchor","AdministrixMod:GoldenChickadee","testmod-TimeTraveler","PureWhite:ReiMu","testmod-IndustrialRevolution","KSMOD_TouyasBicycle"],"acts_visited":["Gensokyo:Gensokyo","TheCity","Gensokyo:Gensokyoest","TheEnding"],"potions_floor_usage":[0,0,0,0,0,0,0,0,0,0,0,0,0,0,0,0,1,36,36,36,37,53,55],"damage_taken":[{"damage":0,"enemies":"Gensokyo:Python","floor":1,"turns":1},{"damage":51,"enemies":"Gensokyo:Mamizou","floor":6,"turns":1},{"damage":26,"enemies":"Gensokyo:Aya","floor":11,"turns":1},{"damage":0,"enemies":"Gensokyo:2_Kodama","floor":12,"turns":1},{"damage":0,"enemies":"Gensokyo:Reimu","floor":16,"turns":1},{"damage":0,"enemies":"Shell Parasite","floor":18,"turns":1},{"damage":0,"enemies":"Spheric Guardian","floor":20,"turns":1},{"damage":65,"enemies":"Slavers","floor":25,"turns":1},{"damage":0,"enemies":"Colosseum Slavers","floor":27,"turns":1},{"damage":0,"enemies":"Colosseum Nobs","floor":27,"turns":1},{"damage":0,"enemies":"Collector","floor":33,"turns":1},{"damage":0,"enemies":"Gensokyo:3_Boulders","floor":35,"turns":1},{"damage":3,"enemies":"Gensokyo:3_Boulders","floor":36,"turns":5},{"damage":79,"enemies":"Gensokyo:Doremy","floor":44,"turns":1},{"damage":38,"enemies":"Gensokyo:Marisa","floor":48,"turns":1},{"damage":72,"enemies":"Gensokyo:Scarlet_Devils","floor":50,"turns":1},{"damage":0,"enemies":"Shield and Spear","floor":54,"turns":1},{"damage":0,"enemies":"The Heart","floor":55,"turns":3}],"seed_played":"-323064820538330344","potions_obtained":[{"floor":0,"key":"Fire Potion"},{"floor":0,"key":"Weak Potion"},{"floor":0,"key":"Energy Potion"},{"floor":0,"key":"Dexterity Potion"},{"floor":0,"key":"FearPotion"},{"floor":0,"key":"Fire Potion"},{"floor":0,"key":"Weak Potion"},{"floor":0,"key":"Energy Potion"},{"floor":0,"key":"Dexterity Potion"},{"floor":0,"key":"FearPotion"},{"floor":1,"key":"testmod-TestPotion"},{"floor":6,"key":"DuplicationPotion"},{"floor":11,"key":"Swift Potion"},{"floor":12,"key":"MagicPotion:ReiMu"},{"floor":16,"key":"DistilledChaos"},{"floor":18,"key":"GamblersBrew"},{"floor":20,"key":"DuplicationPotion"},{"floor":25,"key":"BlessingOfTheForge"},{"floor":27,"key":"DistilledChaos"},{"floor":33,"key":"Explosive Potion"},{"floor":35,"key":"Energy Potion"},{"floor":44,"key":"Strength Potion"},{"floor":48,"key":"EntropicBrew"},{"floor":54,"key":"Energy Potion"}],"is_trial":false,"path_per_floor":["M","?","$","?","?","E","?","?","T","T","E","M","R","COS","R","B",null,"M","?","M","T","?","R","$","E","T","?","R","?","?","$","R","B",null,"M","?","$","?","R","?","?","T","E","?","R","R","E","R","B",null,"R","$","E","B",null],"character_chosen":"PRAEFECT","items_purchased":["MerchantsRug","rmod:lonelyqueen","rmod:wife","testmod-Charity","testmod-SpacePotion","Mastiff:ReiMu","Membership Card","Lee\u0027s Waffle","rmod:acesubmarine","rmod:quickrepair","Frozen Egg 2","rmod:expedition+1","testmod-HeartOfDaVinci","rmod:aviationdawn","rmod:sl","Memoryfragments_purpleEX","Bottled Tornado","CeramicFish","Medical Kit","ThegodofHakurei_purpleEX","testmod-SpacePotion","Gungnir","FairyMaid","Toxic Egg 2","rmod:circuitoustactics+1","AntiCross","testmod-SpacePotion","rmod:robin+1","testmod-Alchemist","testmod-SpacePotion","rmod:aviationdawn+1","rmod:sl+1","EntropicBrew","rmod:lonelyqueen+1","PrismaticShard","EntropicBrew","Chemical X","rmod:diaomin+1","rmod:maintain+1","rmod:highspeedmaneuver+1","Fruit Juice","WingedGreaves","ShroomBag","testmod-SpacePotion","ClockworkSouvenir","SproutingBranch","Fruit Juice","rmod:equipmentrecovery","EntropicBrew","Pear","EntropicBrew","Question Card","testmod-SpacePotion","Potion Belt","Matryoshka","DollysMirror","rmod:maintain+1","Bottled Lightning","Cauldron","White Beast Statue","rmod:ridicule+1","Whetstone","rmod:extraamm","Pan","Fruit Juice","RedBat","Omamori","Blue Candle","Juzu Bracelet","EntropicBrew","Bottled Flame","Mango","HandmadeGrimoire","Koishi:LettersToReimu","BreadOfAWashokuLover","TheEssenceOfRealm","testmod-CyclicPeriapt","Shovel","EntropicBrew","Singing Bowl","Antimatter_spacedebris","Orrery","Fruit Juice","Fruit Juice"],"campfire_rested":0,"item_purchase_floors":[0,0,0,0,0,0,0,0,0,0,0,0,0,0,0,0,0,0,0,0,0,0,0,0,0,0,0,0,0,0,0,0,0,0,0,0,0,0,0,0,0,0,0,0,0,0,0,0,0,0,0,0,0,0,0,0,0,0,0,0,0,0,0,0,0,0,0,0,0,0,0,0,0,0,0,0,0,0,0,0,0,0,0,37],"current_hp_per_floor":[184,185,187,187,169,121,133,61,61,61,59,78,78,81,81,103,206,214,214,217,218,218,218,220,157,158,178,178,178,178,178,178,187,240,243,244,262,224,224,122,266,266,190,191,191,191,158,158,93,267,267,285,293,316],"gold":1769,"neow_bonus":"","is_daily":false,"chose_seed":false,"campfire_upgraded":5,"win_rate":0.0,"timestamp":1613570835,"path_taken":["M","?","$","?","?","E","?","?","T","?","E","M","R","COS","R","BOSS","M","?","M","?","?","R","$","E","T","?","R","?","?","$","R","BOSS","M","?","$","?","R","?","?","T","E","?","R","R","E","R","BOSS","R","$","E","BOSS"],"items_purchased_type":["Relic","Card","Card","Relic","Potion","Relic","Relic","Relic","Card","Relic","Relic","Card","Relic","Card","Card","Relic","Relic","Relic","Relic","Relic","Potion","Relic","Relic","Relic","Card","Relic","Potion","Card","Relic","Potion","Card","Card","Potion","Card","Relic","Potion","Relic","Card","Card","Card","Potion","Relic","Relic","Potion","Relic","Relic","Potion","Relic","Potion","Relic","Potion","Relic","Potion","Relic","Relic","Relic","Card","Relic","Relic","Relic","Card","Relic","Relic","Relic","Potion","Relic","Relic","Relic","Relic","Potion","Relic","Relic","Relic","Relic","Relic","Relic","Relic","Relic","Potion","Relic","Relic","Relic","Potion","Potion"],"build_version":"2020-12-22","purchased_purges":15,"victory":true,"max_hp_per_floor":[184,185,187,187,169,172,184,184,184,184,192,195,195,198,198,206,206,214,214,217,218,218,218,220,222,223,237,237,237,237,237,237,240,240,243,244,262,259,259,259,266,266,269,270,267,264,267,267,267,267,267,285,293,316],"card_choices":[{"not_picked":["Koishi:PhantomBarrier+1","Adaptation+1","OmniscientAndOmnipotent_Monster_purple"],"picked":"Gensokyo:MorningMist+1","floor":0},{"not_picked":["HunterOfTheNight","Sabotage","CasketOfStar+1","Moonlight"],"picked":"Singing Bowl","floor":0},{"not_picked":["Koishi:PhantomBarrier+1","WangLiang_OokamiKakushi_purple","Havoc+1","MokouMod:Trailblazer+1"],"picked":"Singing Bowl","floor":0},{"not_picked":["rmod:goodfighter","Go for the Eyes","EmptyFist","rmod:luckystar"],"picked":"Singing Bowl","floor":0},{"not_picked":["Conquer:ReiMu","ScarletGensokyo+1","PayForSelf:ReiMu"],"picked":"testmod-PerfectCombo","floor":0},{"not_picked":["Sucker Punch","EmptyBody","Deadly Poison","ClowCardTheTime"],"picked":"Singing Bowl","floor":1},{"not_picked":["PayForSelf:ReiMu","FormRideDragon","IllusionStar","MokouMod:SubterraneanCore"],"picked":"Singing Bowl","floor":6},{"not_picked":["rmod:sl"],"picked":"Singing Bowl","floor":7},{"not_picked":["rmod:guardianhero"],"picked":"Singing Bowl","floor":7},{"not_picked":["rmod:victimresponsibility"],"picked":"Singing Bowl","floor":7},{"not_picked":["rmod:slowdown"],"picked":"Singing Bowl","floor":7},{"not_picked":["rmod:firesupport"],"picked":"Singing Bowl","floor":7},{"not_picked":["rmod:supriseattacks"],"picked":"Singing Bowl","floor":7},{"not_picked":["Lockon","ClowCardTheArrow","Human_Monster_Realm_purple","KamenRideKabuto+1"],"picked":"Singing Bowl","floor":11},{"not_picked":["Dramatic Entrance","ClowCardTheArrow","Koishi:BloodcurdlingScream","MeetDecomposer_purple"],"picked":"Singing Bowl","floor":12},{"not_picked":["Kiva_Eat","AdministrixMod:LifeforceNet","CollectingQuirk","SilverMatrix+1"],"picked":"Singing Bowl","floor":16},{"not_picked":["Headbutt","White Noise"],"picked":"Singing Bowl","floor":18},{"not_picked":["AdministrixMod:NoblePath","Compile Driver"],"picked":"Singing Bowl","floor":20},{"not_picked":["MeetDecomposer_purple+1"],"picked":"Finesse","floor":25},{"not_picked":["MokouMod:AdaptivePyromancy","BestPractice"],"picked":"Singing Bowl","floor":27},{"not_picked":["ClowCardTheFight","Establishment"],"picked":"Singing Bowl","floor":33},{"not_picked":["MokouMod:ScorchedEarth+1","ScarletDevil+1"],"picked":"Singing Bowl","floor":35},{"not_picked":["Gensokyo:LifeSpringInfinity+1","Gensokyo:RainbowDanmaku+1"],"picked":"Gensokyo:RisingWorld+1","floor":36},{"not_picked":["AdministrixMod:FeastOfDew+1","SpreadBorder2:ReiMu+1"],"picked":"Singing Bowl","floor":44},{"not_picked":["ReturningBlade+1","rmod:aggressivemary+1"],"picked":"Singing Bowl","floor":48},{"not_picked":["FormRideJack+1","testmod-SunMoon"],"picked":"Singing Bowl","floor":54}],"player_experience":634580,"relics_obtained":[{"floor":6,"key":"testmod-BouquetWithThorns"},{"floor":9,"key":"testmod-LifeArmor"},{"floor":10,"key":"Shuriken"},{"floor":10,"key":"Meat on the Bone"},{"floor":11,"key":"TungstenRod"},{"floor":21,"key":"testmod-Antiphasic"},{"floor":25,"key":"Anchor"},{"floor":26,"key":"KSMOD_SwordJade"},{"floor":27,"key":"Gambling Chip"},{"floor":27,"key":"AdministrixMod:GoldenChickadee"},{"floor":43,"key":"Akabeko"},{"floor":44,"key":"testmod-ThousandKnives"},{"floor":46,"key":"testmod-IntensifyImprint"},{"floor":47,"key":"Letter Opener"},{"floor":48,"key":"Dream Catcher"},{"floor":49,"key":"testmod-IndustrialRevolution"},{"floor":52,"key":"BodyOfKamiR:ReiMu"},{"floor":54,"key":"KSMOD_TouyasBicycle"}],"event_choices":[{"damage_healed":0,"gold_gain":400,"player_choice":"Sell","damage_taken":0,"max_hp_gain":0,"max_hp_loss":0,"event_name":"恩洛斯的盘子","floor":2,"relics_lost":["testmod-TestBox"],"gold_loss":0},{"damage_healed":0,"gold_gain":0,"player_choice":"购买神酒","damage_taken":0,"relics_obtained":["ZunR:ReiMu"],"max_hp_gain":0,"max_hp_loss":0,"event_name":"ZunEvent","floor":19,"gold_loss":40},{"damage_healed":0,"gold_gain":0,"player_choice":"Inject Mutagens","damage_taken":0,"relics_obtained":["MutagenicStrength"],"max_hp_gain":0,"max_hp_loss":0,"event_name":"Drug Dealer","floor":22,"gold_loss":0},{"damage_healed":0,"gold_gain":0,"player_choice":"Fight","damage_taken":0,"max_hp_gain":0,"max_hp_loss":0,"event_name":"Colosseum","floor":27,"gold_loss":0},{"damage_healed":0,"gold_gain":0,"player_choice":"Fought Nobs","damage_taken":0,"max_hp_gain":0,"max_hp_loss":0,"event_name":"Colosseum","floor":27,"gold_loss":0},{"damage_healed":0,"gold_gain":0,"player_choice":"Opened","damage_taken":0,"relics_obtained":["Centennial Puzzle"],"max_hp_gain":0,"max_hp_loss":0,"event_name":"The Mausoleum","floor":29,"gold_loss":0,"cards_obtained":["Writhe"]},{"cards_removed":["testmod-PerfectCombo"],"damage_healed":0,"gold_gain":0,"player_choice":"Gave Gold","damage_taken":0,"max_hp_gain":0,"max_hp_loss":0,"event_name":"Beggar","floor":30,"gold_loss":75},{"damage_healed":0,"gold_gain":0,"player_choice":"Swap Relic","damage_taken":0,"relics_obtained":["Lee\u0027s Waffle"],"max_hp_gain":0,"max_hp_loss":0,"event_name":"给自己的盒子","floor":42,"relics_lost":["Lee\u0027s Waffle"],"gold_loss":0}],"is_beta":false,"boss_relics":[{"not_picked":["CrownOfHeavens:ReiMu","Runic Dome"],"picked":"Busted Crown"},{"not_picked":["rmod:monthlycard","SacredBark"],"picked":"testmod-TimeTraveler"}],"items_purged_floors":[0,0,0,0,0,0,0,0,0,0,0,0,0,0,3],"is_endless":false,"potions_floor_spawned":[1,6,11,12,16,18,20,25,27,27,33,35,44,48,54],"ascension_level":3}}