{"host":"rylkjufw9dlhr07b","time":1613521698,"event":{"mods":["AchievementEnabler","BaseMod","Better Note","BetterRewards","Hubris","Minty Spire (QoL Compilation)","Quick Restart","StSLib","The Servant 0.9.4"],"gold_per_floor":[119,96,96,114,132,132,162,162],"floor_reached":7,"language":"FRA","playtime":176,"items_purged":[],"score":56,"play_id":"ebe5289d-9172-40b3-a781-06e352cb3fe9","local_time":"20210217012818","is_ascension_mode":true,"campfire_choices":[{"data":"DoubleEdge","floor":6,"key":"SMITH"}],"circlet_count":0,"master_deck":["Strike_S","Strike_S","Strike_S","Strike_S","Defend_S","Defend_S","Defend_S","Defend_S","KidneyShot","Exchange","Ricochet","DoubleEdge+1","SpecialFormula","Defy","MurderousAura"],"relics":["Uniform","Pantograph"],"acts_visited":["Exordium"],"potions_floor_usage":[1,5],"damage_taken":[{"damage":7,"enemies":"Cultist","floor":1,"turns":4},{"damage":7,"enemies":"Small Slimes","floor":4,"turns":4},{"damage":0,"enemies":"Jaw Worm","floor":5,"turns":1},{"damage":17,"enemies":"3 Sentries","floor":7,"turns":6}],"seed_played":"6032734188187440638","potions_obtained":[{"floor":0,"key":"ColorlessPotion"},{"floor":0,"key":"Block Potion"},{"floor":0,"key":"DuplicationPotion"},{"floor":7,"key":"CultistPotion"}],"is_trial":false,"path_per_floor":["M","$","?","M","M","R","E"],"character_chosen":"THE_SERVANT","items_purchased":["DoubleEdge"],"campfire_rested":0,"item_purchase_floors":[2],"current_hp_per_floor":[58,58,63,56,56,56,44,44],"gold":162,"neow_bonus":"THREE_SMALL_POTIONS","is_daily":false,"chose_seed":false,"campfire_upgraded":1,"win_rate":0.0,"timestamp":1613521698,"path_taken":["M","?","?","M","?","R","E"],"items_purchased_type":["Card"],"build_version":"2020-12-22","purchased_purges":0,"victory":false,"max_hp_per_floor":[65,65,70,70,70,70,70,70],"card_choices":[{"not_picked":["Misdirection","RealityMarble"],"picked":"Ricochet","floor":1},{"not_picked":["Read","Rewind"],"picked":"SpecialFormula","floor":4},{"not_picked":["Unruled","Replace"],"picked":"Defy","floor":5},{"not_picked":["Replace","FanOfKnives"],"picked":"MurderousAura","floor":7}],"player_experience":612175,"relics_obtained":[{"floor":7,"key":"Pantograph"}],"event_choices":[{"damage_healed":0,"gold_gain":0,"player_choice":"Donut","damage_taken":0,"max_hp_gain":5,"max_hp_loss":0,"event_name":"Big Fish","floor":3,"gold_loss":0}],"is_beta":false,"boss_relics":[],"items_purged_floors":[],"is_endless":false,"potions_floor_spawned":[7],"killed_by":"3 Sentries","ascension_level":2}}