{"host":"tr0r177cvmpvg89h","time":1613520480,"event":{"mods":["BaseMod","Colored Map","DeckTracker","Minty Spire (QoL Compilation)","StSLib","SuperFastMode"],"gold_per_floor":[109,124,124,24,34,34,53,53,78,94,107,107,172,186,186,291,291,309,319,148,165,165,165,185,199,246,275,275,26,42,42,42,145,145,165,177,27,41,57,57,57,57,107,107,107],"floor_reached":44,"language":"KOR","playtime":3065,"items_purged":["Strike_R","Strike_R","Strike_R","Defend_R"],"score":424,"play_id":"76c005ea-2642-414c-99d0-4fd427ef4ff5","local_time":"20210217090800","is_ascension_mode":false,"campfire_choices":[{"data":"True Grit","floor":6,"key":"SMITH"},{"data":"Shockwave","floor":8,"key":"SMITH"},{"data":"Infernal Blade","floor":12,"key":"SMITH"},{"data":"Double Tap","floor":15,"key":"SMITH"},{"data":"Writhe","floor":23,"key":"PURGE"},{"data":"Strike_R","floor":28,"key":"PURGE"},{"floor":32,"key":"REST"},{"data":"Defend_R","floor":40,"key":"PURGE"},{"data":"Defend_R","floor":42,"key":"PURGE"}],"circlet_count":0,"master_deck":["Defend_R","Bash","Pommel Strike","Pummel+1","Thunderclap","True Grit+1","Blood for Blood","Shockwave+1","Double Tap+1","Infernal Blade+1","Bludgeon","Feel No Pain","Blood for Blood","Blood for Blood","Havoc","Disarm","Second Wind","PanicButton","Clash+1","Fiend Fire","Bloodletting","Rupture+1","Power Through"],"relics":["Burning Blood","Lantern","Red Skull","Runic Cube","Peace Pipe","PreservedInsect","Strawberry","Enchiridion","Runic Pyramid","Bronze Scales"],"acts_visited":["Exordium","TheCity","TheBeyond"],"potions_floor_usage":[16,16,16,33,33,33,33,36,39],"damage_taken":[{"damage":7,"enemies":"Small Slimes","floor":1,"turns":4},{"damage":0,"enemies":"Cultist","floor":2,"turns":2},{"damage":5,"enemies":"2 Louse","floor":5,"turns":2},{"damage":6,"enemies":"Looter","floor":7,"turns":3},{"damage":7,"enemies":"Blue Slaver","floor":10,"turns":2},{"damage":19,"enemies":"Large Slime","floor":11,"turns":6},{"damage":8,"enemies":"3 Sentries","floor":13,"turns":6},{"damage":10,"enemies":"3 Louse","floor":14,"turns":3},{"damage":55,"enemies":"The Guardian","floor":16,"turns":8},{"damage":5,"enemies":"Chosen","floor":18,"turns":4},{"damage":8,"enemies":"3 Byrds","floor":19,"turns":5},{"damage":43,"enemies":"Sentry and Sphere","floor":21,"turns":7},{"damage":5,"enemies":"3 Cultists","floor":24,"turns":4},{"damage":12,"enemies":"Chosen and Byrds","floor":25,"turns":7},{"damage":11,"enemies":"Book of Stabbing","floor":27,"turns":4},{"damage":1,"enemies":"Cultist and Chosen","floor":30,"turns":6},{"damage":44,"enemies":"Champ","floor":33,"turns":10},{"damage":23,"enemies":"3 Shapes","floor":35,"turns":5},{"damage":12,"enemies":"Orb Walker","floor":36,"turns":3},{"damage":29,"enemies":"Sphere and 2 Shapes","floor":38,"turns":4},{"damage":23,"enemies":"4 Shapes","floor":39,"turns":4},{"damage":77,"enemies":"Reptomancer","floor":44,"turns":2}],"seed_played":"8473384607931653617","potions_obtained":[{"floor":1,"key":"BloodPotion"},{"floor":2,"key":"SkillPotion"},{"floor":5,"key":"ElixirPotion"},{"floor":7,"key":"Energy Potion"},{"floor":24,"key":"Explosive Potion"},{"floor":25,"key":"EntropicBrew"},{"floor":27,"key":"Swift Potion"},{"floor":33,"key":"Block Potion"},{"floor":36,"key":"DuplicationPotion"}],"is_trial":false,"path_per_floor":["M","M","?","$","M","R","M","R","T","M","M","R","?","M","R","B",null,"M","M","$","M","?","R","M","M","T","E","R","$","M","?","R","B",null,"M","M","$","M","M","R","?","R","T","E"],"character_chosen":"IRONCLAD","items_purchased":["True Grit","Blood for Blood","Second Wind","PanicButton"],"campfire_rested":1,"item_purchase_floors":[4,20,29,29],"current_hp_per_floor":[79,80,80,80,80,80,80,80,80,79,66,66,64,60,60,27,80,80,78,78,41,41,41,42,36,36,38,38,38,43,27,53,32,87,70,64,64,41,24,24,76,76,76,0,0],"gold":107,"neow_bonus":"TRANSFORM_CARD","is_daily":false,"chose_seed":false,"campfire_upgraded":4,"win_rate":0.0,"timestamp":1613520480,"path_taken":["M","M","?","$","M","R","M","R","T","?","M","R","?","M","R","BOSS","M","M","$","M","?","R","M","M","T","E","R","$","M","?","R","BOSS","M","M","$","M","M","R","?","R","T","E"],"items_purchased_type":["Card","Card","Card","Card"],"build_version":"2020-12-22","purchased_purges":4,"victory":false,"max_hp_per_floor":[80,80,80,80,80,80,80,80,80,80,80,80,80,80,80,80,80,80,80,80,80,80,80,80,80,80,87,87,87,87,87,87,87,87,87,87,87,87,87,87,76,76,76,76,76],"card_choices":[{"not_picked":["Seeing Red","Iron Wave"],"picked":"Pummel","floor":1},{"not_picked":["Carnage","Twin Strike"],"picked":"Thunderclap","floor":2},{"not_picked":["Cleave","Dark Embrace"],"picked":"Blood for Blood","floor":5},{"not_picked":["Pummel","Heavy Blade"],"picked":"Shockwave","floor":7},{"not_picked":["Spot Weakness","Feel No Pain"],"picked":"Double Tap","floor":10},{"not_picked":["Flex","Perfected Strike"],"picked":"Infernal Blade","floor":11},{"not_picked":["Carnage","Twin Strike","Body Slam"],"picked":"SKIP","floor":14},{"not_picked":["Corruption","Exhume"],"picked":"Bludgeon","floor":16},{"not_picked":["Rupture","Clothesline","True Grit+1"],"picked":"SKIP","floor":18},{"not_picked":["Clash","Pommel Strike"],"picked":"Feel No Pain","floor":19},{"not_picked":["Armaments","Power Through+1"],"picked":"Blood for Blood","floor":21},{"not_picked":["Iron Wave+1","Shrug It Off"],"picked":"Havoc","floor":24},{"not_picked":["Infernal Blade+1","Dropkick+1"],"picked":"Disarm","floor":25},{"not_picked":["Pommel Strike","Body Slam","Clothesline"],"picked":"SKIP","floor":27},{"not_picked":["Armaments","Infernal Blade"],"picked":"Clash+1","floor":30},{"not_picked":["Juggernaut","Double Tap"],"picked":"Fiend Fire","floor":33},{"not_picked":["Thunderclap+1","Shrug It Off","Anger"],"picked":"SKIP","floor":35},{"not_picked":["Uppercut","Shockwave+1"],"picked":"Bloodletting","floor":36},{"not_picked":["Clash","Rampage"],"picked":"Rupture+1","floor":38},{"not_picked":["Pommel Strike","Havoc"],"picked":"Power Through","floor":39}],"player_experience":72178,"relics_obtained":[{"floor":9,"key":"Lantern"},{"floor":13,"key":"Red Skull"},{"floor":26,"key":"PreservedInsect"},{"floor":27,"key":"Strawberry"},{"floor":31,"key":"Enchiridion"},{"floor":43,"key":"Bronze Scales"}],"event_choices":[{"damage_healed":0,"gold_gain":0,"player_choice":"Forge","damage_taken":0,"max_hp_gain":0,"max_hp_loss":0,"event_name":"Accursed Blacksmith","floor":3,"gold_loss":0,"cards_upgraded":["Pummel"]},{"damage_healed":0,"gold_gain":30,"player_choice":"Searched \u00272\u0027 times","damage_taken":0,"max_hp_gain":0,"max_hp_loss":0,"event_name":"Dead Adventurer","floor":13,"gold_loss":0},{"damage_healed":0,"gold_gain":0,"player_choice":"Opened","damage_taken":0,"relics_obtained":["Peace Pipe"],"max_hp_gain":0,"max_hp_loss":0,"event_name":"The Mausoleum","floor":22,"gold_loss":0,"cards_obtained":["Writhe"]},{"damage_healed":0,"gold_gain":0,"player_choice":"Obtained Book","damage_taken":16,"max_hp_gain":0,"max_hp_loss":0,"event_name":"Cursed Tome","floor":31,"gold_loss":0},{"damage_healed":76,"gold_gain":0,"player_choice":"Heal","damage_taken":0,"max_hp_gain":0,"max_hp_loss":11,"event_name":"The Moai Head","floor":41,"gold_loss":0}],"is_beta":false,"boss_relics":[{"not_picked":["Runic Dome","Fusion Hammer"],"picked":"Runic Cube"},{"not_picked":["SacredBark","Snecko Eye"],"picked":"Runic Pyramid"}],"items_purged_floors":[4,20,29,37],"is_endless":false,"potions_floor_spawned":[1,2,5,7,11,24,25,27,33,35,36,38],"killed_by":"Reptomancer","ascension_level":0}}