{"host":"684z1xpuwaoqmmh1","time":1613557328,"event":{"mods":["A Magickal Journey","BaseMod","Downfall","Hermit","Jorbs\u0027s Wanderer Trilogy","Marisa????????","Minty Spire (QoL Compilation)","Robot Space Explorer","Shade Mod","StSLib","The Bug Knight","The Dragon Tamer","The Elementalist","The Hayseed","The Hierophant","The Marked","The Mystic","The Runesmith","The Saiyan","The Senshi","The Spell Scribe","The Vixen","TheBandit","TheFirefly"],"gold_per_floor":[114,125,125,125,148,148,186,186,209,224,42,42,69,103,103,103,103],"floor_reached":16,"language":"ENG","playtime":465,"items_purged":[],"score":184,"play_id":"89fe1c8f-9b23-4267-be64-11d28ad5fb1d","local_time":"20210217122208","is_ascension_mode":true,"campfire_choices":[{"data":"hermit:FromBeyond","floor":6,"key":"SMITH"},{"floor":8,"key":"REST"},{"data":"hermit:Magnum","floor":12,"key":"SMITH"},{"floor":15,"key":"REST"}],"circlet_count":0,"master_deck":["AscendersBane","hermit:Strike_Hermit+1","hermit:Strike_Hermit+1","hermit:Strike_Hermit","hermit:Defend_Hermit","hermit:Defend_Hermit","hermit:Defend_Hermit","hermit:Defend_Hermit","hermit:Snapshot","hermit:Covet","hermit:FromBeyond+1","hermit:Misfire","hermit:Quickdraw","Injury","hermit:HighCaliber","hermit:Magnum+1","hermit:BigShot"],"relics":["hermit:Momento","Golden Idol","hermit:RyeStalk","Ancient Tea Set","Tiny Chest","MealTicket","Happy Flower"],"acts_visited":["Exordium"],"potions_floor_usage":[5,14],"damage_taken":[{"damage":1,"enemies":"Cultist","floor":1,"turns":4},{"damage":0,"enemies":"Small Slimes","floor":2,"turns":3},{"damage":0,"enemies":"Jaw Worm","floor":5,"turns":1},{"damage":25,"enemies":"3 Sentries","floor":7,"turns":6},{"damage":5,"enemies":"Red Slaver","floor":10,"turns":3},{"damage":20,"enemies":"Lagavulin","floor":14,"turns":5},{"damage":47,"enemies":"Slime Boss","floor":16,"turns":7}],"seed_played":"-3824370810670955824","potions_obtained":[{"floor":1,"key":"SneckoOil"},{"floor":2,"key":"Weak Potion"}],"is_trial":false,"path_per_floor":["M","M","?","?","M","R","E","R","T","M","$","R","T","E","R","B"],"character_chosen":"HERMIT","items_purchased":["hermit:BigShot","Tiny Chest"],"campfire_rested":2,"item_purchase_floors":[11,11],"current_hp_per_floor":[63,63,49,49,49,49,24,45,45,40,40,40,40,20,41,0,0],"gold":103,"neow_bonus":"TRANSFORM_CARD","is_daily":false,"chose_seed":false,"campfire_upgraded":2,"win_rate":0.0,"timestamp":1613557328,"path_taken":["M","M","?","?","M","R","E","R","T","M","$","R","?","E","R","BOSS"],"items_purchased_type":["Card","Relic"],"build_version":"2020-12-22","purchased_purges":0,"victory":false,"max_hp_per_floor":[71,71,71,71,71,71,71,71,71,71,71,71,71,71,71,71,71],"card_choices":[{"not_picked":["hermit:Horror","hermit:Malice"],"picked":"hermit:Misfire","floor":1},{"not_picked":["hermit:LoneWolf","hermit:Cheat"],"picked":"hermit:Quickdraw","floor":2},{"not_picked":["hermit:Snipe","hermit:SprayPray"],"picked":"hermit:HighCaliber","floor":5},{"not_picked":["hermit:Showdown","hermit:LowProfile"],"picked":"hermit:Magnum","floor":7},{"not_picked":["hermit:Roulette","hermit:Desperado","hermit:Feint"],"picked":"SKIP","floor":10},{"not_picked":["hermit:Quickdraw","hermit:LowProfile","hermit:Misfire"],"picked":"SKIP","floor":14}],"player_experience":3321658,"relics_obtained":[{"floor":7,"key":"hermit:RyeStalk"},{"floor":9,"key":"Ancient Tea Set"},{"floor":13,"key":"MealTicket"},{"floor":14,"key":"Happy Flower"}],"event_choices":[{"damage_healed":0,"gold_gain":0,"player_choice":"Entered Light","damage_taken":14,"max_hp_gain":0,"max_hp_loss":0,"event_name":"Shining Light","floor":3,"gold_loss":0,"cards_upgraded":["hermit:Strike_Hermit","hermit:Strike_Hermit"]},{"damage_healed":0,"gold_gain":0,"player_choice":"Take Wound","damage_taken":0,"relics_obtained":["Golden Idol"],"max_hp_gain":0,"max_hp_loss":0,"event_name":"Golden Idol","floor":4,"gold_loss":0,"cards_obtained":["Injury"]}],"is_beta":false,"boss_relics":[],"items_purged_floors":[],"is_endless":false,"potions_floor_spawned":[1,2],"killed_by":"Slime Boss","ascension_level":14}}