{"host":"lxu17chzujqn8whl","time":1613535040,"event":{"mods":["BaseMod","Minty Spire (QoL Compilation)","Relic Stats","StSLib"],"gold_per_floor":[114,114,124,137,152,179,179,193,193,220,231,263,34,91,91,193,193,207,226,255,7,106,135,135,150,199,199,224,224,29,47,47,144,144,159,204,254,12,30,60,79,79,79],"floor_reached":42,"language":"ENG","playtime":1317,"items_purged":["Strike_R","Strike_R"],"score":526,"play_id":"e9ce2d16-2ca8-4684-b492-0eeb61e29942","local_time":"20210216201040","is_ascension_mode":false,"campfire_choices":[{"data":"Shockwave","floor":7.0,"key":"SMITH"},{"data":"Bash","floor":15.0,"key":"SMITH"},{"floor":24.0,"key":"REST"},{"floor":27.0,"key":"REST"},{"floor":29.0,"key":"REST"},{"data":"Offering","floor":32,"key":"SMITH"}],"circlet_count":0,"master_deck":["Strike_R","Strike_R","Strike_R","Defend_R","Defend_R","Defend_R","Defend_R","Bash+1","Cleave","Pommel Strike","Shockwave+1","Shrug It Off","Flame Barrier","Cleave","Offering+1","Feed","Clothesline","Feed","Demon Form","Seeing Red","Dramatic Entrance","Inflame","Metallicize+1","Heavy Blade"],"relics":["Black Blood","Shuriken","Ice Cream","Magic Flower","Odd Mushroom","Kunai","Juzu Bracelet","Matryoshka","SacredBark","Red Mask","Pen Nib","Nunchaku","Ornamental Fan","Bag of Marbles","Incense Burner","Gambling Chip","Membership Card","Bronze Scales"],"acts_visited":["Exordium","TheCity","TheBeyond"],"potions_floor_usage":[33,37,40,42],"damage_taken":[{"damage":10.0,"enemies":"Jaw Worm","floor":1.0,"turns":6.0},{"damage":0.0,"enemies":"2 Louse","floor":3.0,"turns":2.0},{"damage":4.0,"enemies":"Small Slimes","floor":4.0,"turns":4.0},{"damage":3.0,"enemies":"3 Louse","floor":5.0,"turns":2.0},{"damage":14.0,"enemies":"3 Sentries","floor":6.0,"turns":6.0},{"damage":20.0,"enemies":"Large Slime","floor":8.0,"turns":8.0},{"damage":10.0,"enemies":"The Mushroom Lair","floor":10.0,"turns":5.0},{"damage":0.0,"enemies":"Exordium Wildlife","floor":11.0,"turns":3.0},{"damage":15.0,"enemies":"Lagavulin","floor":12.0,"turns":8.0},{"damage":7.0,"enemies":"3 Sentries","floor":14.0,"turns":4.0},{"damage":42.0,"enemies":"Slime Boss","floor":16.0,"turns":9.0},{"damage":27.0,"enemies":"2 Thieves","floor":18.0,"turns":4.0},{"damage":24.0,"enemies":"Shell Parasite","floor":19.0,"turns":5.0},{"damage":31.0,"enemies":"Masked Bandits","floor":20.0,"turns":5.0},{"damage":32.0,"enemies":"Gremlin Leader","floor":23.0,"turns":5.0},{"damage":21.0,"enemies":"Centurion and Healer","floor":25.0,"turns":5.0},{"damage":40.0,"enemies":"Slavers","floor":28.0,"turns":4.0},{"damage":6,"enemies":"3 Cultists","floor":31,"turns":4},{"damage":68,"enemies":"Automaton","floor":33,"turns":12},{"damage":6,"enemies":"3 Shapes","floor":35,"turns":2},{"damage":58,"enemies":"2 Orb Walkers","floor":36,"turns":5},{"damage":50,"enemies":"Mind Bloom Boss Battle","floor":37,"turns":7},{"damage":13,"enemies":"3 Darklings","floor":39,"turns":2},{"damage":59,"enemies":"Giant Head","floor":40,"turns":8},{"damage":32,"enemies":"Spire Growth","floor":41,"turns":4},{"damage":31,"enemies":"Reptomancer","floor":42,"turns":5}],"seed_played":"305044174484182151","potions_obtained":[{"floor":4.0,"key":"SneckoOil"},{"floor":5.0,"key":"Dexterity Potion"},{"floor":10.0,"key":"FearPotion"},{"floor":11.0,"key":"Energy Potion"},{"floor":12.0,"key":"BloodPotion"},{"floor":18.0,"key":"LiquidBronze"},{"floor":20.0,"key":"Energy Potion"},{"floor":35,"key":"FearPotion"},{"floor":36,"key":"BloodPotion"}],"is_trial":false,"path_per_floor":["M","?","M","M","M","E","R","M","T","?","M","E","$","?","R","B",null,"M","M","?","$","?","E","R","M","T","R","E","R","$","M","R","B",null,"M","?","?","$","M","E","M","E"],"character_chosen":"IRONCLAD","items_purchased":["Juzu Bracelet","Feed","BloodPotion","Bag of Marbles","Membership Card","Dramatic Entrance","Inflame"],"campfire_rested":3,"item_purchase_floors":[13,21,30,30,38,38,38],"current_hp_per_floor":[84,72,78,80,83,75,75,61,61,60,69,63,63,65,65,32,88,70,55,33,33,33,10,36,29,29,56,25,52,52,65,65,68,100,103,68,41,41,46,70,61,81,81],"gold":79,"neow_bonus":"TEN_PERCENT_HP_BONUS","is_daily":false,"chose_seed":false,"campfire_upgraded":3,"win_rate":0.0,"timestamp":1613535040,"path_taken":["M","?","M","M","M","E","R","M","T","?","M","E","?","?","R","BOSS","M","M","?","$","?","E","R","M","T","R","E","R","?","M","R","BOSS","M","?","?","$","M","E","M","E"],"items_purchased_type":["Relic","Card","Potion","Relic","Relic","Card","Card"],"build_version":"2020-12-22","purchased_purges":2,"victory":false,"max_hp_per_floor":[88,88,88,88,88,88,88,88,88,88,88,88,88,88,88,88,88,88,88,88,88,88,88,88,91,91,91,91,91,91,97,97,100,100,103,106,109,109,109,109,112,112,112],"relic_stats":{"Nunchaku":[10],"counters":[26,134],"Shuriken":[37],"Ornamental Fan":[60],"Gambling Chip":[8],"Bronze Scales":[18],"Black Blood":247,"Magic Flower":[133],"Pen Nib":[11],"Juzu Bracelet":0,"Kunai":[30],"obtain_stats":[{"Ice Cream":6,"SacredBark":17,"Magic Flower":9,"Black Blood":34,"Pen Nib":23,"Juzu Bracelet":13,"Incense Burner":36,"Odd Mushroom":10,"Burning Blood":0,"Nunchaku":26,"Matryoshka":14,"Shuriken":2,"Ornamental Fan":28,"Gambling Chip":37,"Bronze Scales":40,"Red Mask":20,"Bag of Marbles":30,"Kunai":12,"Membership Card":38},{"Ice Cream":5,"SacredBark":11,"Magic Flower":6,"Black Blood":19,"Pen Nib":15,"Juzu Bracelet":9,"Incense Burner":21,"Odd Mushroom":7,"Burning Blood":0,"Nunchaku":16,"Matryoshka":9,"Shuriken":1,"Ornamental Fan":17,"Gambling Chip":22,"Bronze Scales":24,"Red Mask":14,"Bag of Marbles":17,"Kunai":9,"Membership Card":22},{"Ice Cream":20,"SacredBark":57,"Magic Flower":28,"Black Blood":101,"Pen Nib":76,"Juzu Bracelet":44,"Incense Burner":108,"Odd Mushroom":33,"Burning Blood":0,"Nunchaku":81,"Matryoshka":44,"Shuriken":6,"Ornamental Fan":85,"Gambling Chip":115,"Bronze Scales":125,"Red Mask":71,"Bag of Marbles":85,"Kunai":44,"Membership Card":115}]},"card_choices":[{"not_picked":["Perfected Strike","Dark Embrace"],"picked":"Cleave","floor":1.0},{"not_picked":["Evolve","Body Slam"],"picked":"Pommel Strike","floor":3.0},{"not_picked":["Rage","Combust"],"picked":"Shockwave","floor":4.0},{"not_picked":["Armaments","Wild Strike"],"picked":"Shrug It Off","floor":5.0},{"not_picked":["Blood for Blood","Armaments"],"picked":"Flame Barrier","floor":6.0},{"not_picked":["Headbutt","Anger","Body Slam"],"picked":"SKIP","floor":8.0},{"not_picked":["Thunderclap","True Grit","Flex"],"picked":"SKIP","floor":11.0},{"not_picked":["Entrench","Double Tap"],"picked":"Cleave","floor":12.0},{"not_picked":["Impervious","Reaper"],"picked":"Offering","floor":16.0},{"not_picked":["Shockwave","Clash","Thunderclap"],"picked":"SKIP","floor":18.0},{"not_picked":["Sever Soul","Shrug It Off","Carnage"],"picked":"SKIP","floor":19.0},{"not_picked":["True Grit","Entrench"],"picked":"Clothesline","floor":23.0},{"not_picked":["Searing Blow+1","Clothesline","Iron Wave"],"picked":"SKIP","floor":25.0},{"not_picked":["Rupture+1","Iron Wave+1"],"picked":"Feed","floor":28.0},{"not_picked":["Heavy Blade","Headbutt+1","Warcry"],"picked":"SKIP","floor":31},{"not_picked":["Brutality","Feed"],"picked":"Demon Form","floor":33},{"not_picked":["Thunderclap","Clothesline+1","Fire Breathing+1"],"picked":"SKIP","floor":35},{"not_picked":["Carnage","Body Slam+1"],"picked":"Seeing Red","floor":36},{"not_picked":["Wild Strike","Shockwave+1","Anger+1"],"picked":"SKIP","floor":39},{"not_picked":["Demon Form","Clash+1"],"picked":"Metallicize+1","floor":40},{"not_picked":["Warcry","Wild Strike+1"],"picked":"Heavy Blade","floor":41}],"player_experience":698158,"relics_obtained":[{"floor":6.0,"key":"Ice Cream"},{"floor":9.0,"key":"Magic Flower"},{"floor":10.0,"key":"Odd Mushroom"},{"floor":12.0,"key":"Kunai"},{"floor":20.0,"key":"Red Mask"},{"floor":23.0,"key":"Pen Nib"},{"floor":26.0,"key":"Nunchaku"},{"floor":28.0,"key":"Ornamental Fan"},{"floor":36,"key":"Incense Burner"},{"floor":37,"key":"Gambling Chip"},{"floor":40,"key":"Bronze Scales"}],"event_choices":[{"damage_healed":0.0,"max_hp_gain":0.0,"max_hp_loss":0.0,"gold_gain":0.0,"event_name":"Scrap Ooze","player_choice":"Success","floor":2.0,"gold_loss":0.0,"damage_taken":12.0,"relics_obtained":["Shuriken"]},{"damage_healed":0.0,"max_hp_gain":0.0,"max_hp_loss":0.0,"gold_gain":0.0,"event_name":"Mushrooms","player_choice":"Fought Mushrooms","floor":10.0,"gold_loss":0.0,"damage_taken":0.0},{"damage_healed":0.0,"max_hp_gain":0.0,"max_hp_loss":0.0,"gold_gain":0.0,"event_name":"Dead Adventurer","player_choice":"Searched \u00272\u0027 times","floor":14.0,"gold_loss":0.0,"damage_taken":0.0,"relics_obtained":["Matryoshka"]},{"damage_healed":0.0,"max_hp_gain":0.0,"max_hp_loss":0.0,"gold_gain":0.0,"event_name":"Masked Bandits","player_choice":"Fought Bandits","floor":20.0,"gold_loss":0.0,"damage_taken":0.0},{"damage_healed":0.0,"max_hp_gain":0.0,"max_hp_loss":0.0,"gold_gain":99.0,"event_name":"Nest","player_choice":"Stole From Cult","floor":22.0,"gold_loss":0.0,"damage_taken":0.0},{"damage_healed":0,"gold_gain":0,"player_choice":"Fight","damage_taken":0,"max_hp_gain":0,"max_hp_loss":0,"event_name":"Mysterious Sphere","floor":36,"gold_loss":0},{"damage_healed":0,"gold_gain":0,"player_choice":"Fight","damage_taken":0,"max_hp_gain":0,"max_hp_loss":0,"event_name":"MindBloom","floor":37,"gold_loss":0}],"is_beta":false,"boss_relics":[{"not_picked":["Coffee Dripper","Pandora\u0027s Box"],"picked":"SacredBark"},{"not_picked":["Sozu","Runic Pyramid"],"picked":"Black Blood"}],"items_purged_floors":[13,21],"is_endless":false,"potions_floor_spawned":[4,5,10,11,12,18,20,35,36],"killed_by":"Reptomancer","ascension_level":0}}