{"host":"l3lzhw5qete3bz2v","time":1613550573,"event":{"mods":["BaseMod","Colored Map","Colored Powertips","Minty Spire (QoL Compilation)","Prisma Mod","StSLib","SuperFastMode"],"gold_per_floor":[111,123,142,142,161,195,195,206,206,239,250,280,290,308,308,411,411,430,443,368,368,368,368,397,415,485,485,496,522,522,538,538,643,643,657,668,498,511,113,113,113,123,123,138,138,155,189,199,199,199],"floor_reached":51,"language":"JPN","playtime":3698,"items_purged":["PrismaMod:IllyaCommonAttack","PrismaMod:IllyaCommonAttack"],"score":845,"play_id":"7ac8aafb-3ae7-4b4d-a38a-e5a2f5743160","local_time":"20210217172933","is_ascension_mode":false,"campfire_choices":[{"data":"PrismaMod:IllyaBoysLove","floor":7,"key":"SMITH"},{"data":"PrismaMod:IllyaUberAttackChannel","floor":15,"key":"SMITH"},{"data":"PrismaMod:IllyaUncommonDefend","floor":23,"key":"SMITH"},{"data":"PrismaMod:IllyaSaphire","floor":32,"key":"SMITH"},{"data":"PrismaMod:IllyaDevil","floor":40,"key":"SMITH"},{"data":"PrismaMod:IllyaCommandSeal","floor":45,"key":"SMITH"},{"data":"PrismaMod:IllyaCommandSeal","floor":49,"key":"SMITH"}],"circlet_count":0,"master_deck":["PrismaMod:IllyaCommonAttack","PrismaMod:IllyaCommonDefend","PrismaMod:IllyaCommonDefend","PrismaMod:IllyaCommonDefend","PrismaMod:IllyaCommonAttack","PrismaMod:IllyaCommonDefend","PrismaMod:IllyaCommonDefend","PrismaMod:IllyaUncommonAttack","PrismaMod:IllyaUncommonDefend+1","PrismaMod:IllyaAlice","PrismaMod:IllyaBoysLove+1","PrismaMod:IllyaBlindPoisonToss+1","PrismaMod:IllyaBerserCAR","PrismaMod:IllyaUberAttackChannel+1","PrismaMod:IllyaSaphire+1","PrismaMod:IllyaDevil","PrismaMod:IllyaDevil+1","PrismaMod:IllyaInstallMoonCancer","PrismaMod:IllyaCommandSeal+1","Writhe","PrismaMod:IllyaUncommonDefend+1","PrismaMod:IllyaCommandSeal+1","Parasite","PrismaMod:IllyaCommandSeal+1"],"relics":["PrismaMod:PrismaZwei","Mummified Hand","Meat on the Bone","Orichalcum","Bird Faced Urn","Turnip","Nilry\u0027s Codex","Nunchaku","HornCleat","Art of War","Sozu","Frozen Egg 2","Centennial Puzzle","Pear","Omamori"],"acts_visited":["Exordium","TheCity","TheBeyond"],"potions_floor_usage":[6,10,16,25,50,50,50],"damage_taken":[{"damage":0,"enemies":"Cultist","floor":1,"turns":3},{"damage":1,"enemies":"Jaw Worm","floor":2,"turns":3},{"damage":1,"enemies":"2 Louse","floor":3,"turns":5},{"damage":15,"enemies":"Large Slime","floor":5,"turns":7},{"damage":3,"enemies":"Gremlin Nob","floor":6,"turns":3},{"damage":0,"enemies":"Looter","floor":8,"turns":4},{"damage":16,"enemies":"3 Sentries","floor":10,"turns":6},{"damage":0,"enemies":"Red Slaver","floor":11,"turns":4},{"damage":8,"enemies":"Gremlin Nob","floor":12,"turns":4},{"damage":0,"enemies":"2 Fungi Beasts","floor":13,"turns":3},{"damage":0,"enemies":"Gremlin Gang","floor":14,"turns":4},{"damage":0,"enemies":"Slime Boss","floor":16,"turns":6},{"damage":4,"enemies":"Shell Parasite","floor":18,"turns":5},{"damage":8,"enemies":"Chosen","floor":19,"turns":4},{"damage":0,"enemies":"Gremlin Leader","floor":24,"turns":5},{"damage":7,"enemies":"Snake Plant","floor":25,"turns":3},{"damage":2,"enemies":"3 Cultists","floor":28,"turns":6},{"damage":0,"enemies":"Book of Stabbing","floor":29,"turns":7},{"damage":0,"enemies":"Centurion and Healer","floor":31,"turns":6},{"damage":22,"enemies":"Collector","floor":33,"turns":9},{"damage":0,"enemies":"3 Darklings","floor":35,"turns":5},{"damage":2,"enemies":"Orb Walker","floor":36,"turns":4},{"damage":0,"enemies":"Writhing Mass","floor":38,"turns":6},{"damage":0,"enemies":"Sphere and 2 Shapes","floor":42,"turns":4},{"damage":11,"enemies":"3 Darklings","floor":44,"turns":5},{"damage":3,"enemies":"4 Shapes","floor":46,"turns":6},{"damage":0,"enemies":"Nemesis","floor":47,"turns":7},{"damage":0,"enemies":"Sphere and 2 Shapes","floor":48,"turns":5},{"damage":17,"enemies":"Donu and Deca","floor":50,"turns":10}],"seed_played":"-8424986000414436514","potions_obtained":[{"floor":1,"key":"Swift Potion"},{"floor":3,"key":"CultistPotion"},{"floor":6,"key":"EntropicBrew"},{"floor":8,"key":"DuplicationPotion"},{"floor":12,"key":"EssenceOfSteel"},{"floor":18,"key":"Ancient Potion"},{"floor":28,"key":"FearPotion"}],"is_trial":false,"path_per_floor":["M","M","M","?","M","E","R","M","T","E","M","E","M","M","R","B",null,"M","M","$","?","?","R","E","M","T","?","M","E","?","M","R","B",null,"M","M","$","M","$","R","?","M","T","M","R","M","E","M","R","B",null],"character_chosen":"ILLYA","items_purchased":["PrismaMod:IllyaCommandSeal","Frozen Egg 2","Centennial Puzzle"],"campfire_rested":0,"item_purchase_floors":[37,39,39],"current_hp_per_floor":[82,81,82,82,67,64,64,64,64,48,53,45,45,45,45,45,82,80,77,77,77,61,61,66,66,66,66,82,82,82,82,82,63,82,82,82,82,82,82,82,82,82,92,87,87,92,92,92,92,75],"gold":199,"neow_bonus":"TEN_PERCENT_HP_BONUS","is_daily":false,"chose_seed":false,"campfire_upgraded":7,"win_rate":0.0,"timestamp":1613550573,"path_taken":["M","?","M","?","M","E","R","?","T","E","M","E","M","M","R","BOSS","M","M","$","?","?","R","E","M","T","?","?","E","?","M","R","BOSS","M","M","$","M","$","R","?","M","T","M","R","M","E","M","R","BOSS"],"items_purchased_type":["Card","Relic","Relic"],"build_version":"2020-12-22","purchased_purges":2,"victory":true,"max_hp_per_floor":[82,82,82,82,82,82,82,82,82,82,82,82,82,82,82,82,82,82,82,82,82,82,82,82,82,82,82,82,82,82,82,82,82,82,82,82,82,82,82,82,82,82,92,92,92,92,92,92,92,92],"card_choices":[{"not_picked":["PrismaMod:IllyaUncommonEvoke","PrismaMod:IllyaPoisonBlock"],"picked":"PrismaMod:IllyaAlice","floor":1},{"not_picked":["PrismaMod:IllyaAlice","PrismaMod:IllyaTestament"],"picked":"PrismaMod:IllyaBoysLove","floor":2},{"not_picked":["PrismaMod:IllyaAlice","PrismaMod:IllyaAssassinRevenge"],"picked":"PrismaMod:IllyaBlindPoisonToss","floor":3},{"not_picked":["PrismaMod:IllyaUberChannel","PrismaMod:IllyaTestament"],"picked":"PrismaMod:IllyaBerserCAR","floor":5},{"not_picked":["PrismaMod:IllyaAOECommonAttack","PrismaMod:IllyaRubysPotion"],"picked":"PrismaMod:IllyaUberAttackChannel","floor":6},{"not_picked":["PrismaMod:IllyaCheapAttack","PrismaMod:IllyaUpgradeOrbs"],"picked":"PrismaMod:IllyaSaphire","floor":8},{"not_picked":["PrismaMod:IllyaPoisonTippedWeapons","PrismaMod:IllyaRapidFire"],"picked":"PrismaMod:IllyaDevil","floor":10},{"not_picked":["PrismaMod:IllyaUncommonAttack","PrismaMod:IllyaReinForce","PrismaMod:IllyaBride"],"picked":"SKIP","floor":11},{"not_picked":["PrismaMod:IllyaCommonEvoke","PrismaMod:IllyaUncommonAttack","PrismaMod:IllyaBride"],"picked":"SKIP","floor":12},{"not_picked":["PrismaMod:IllyaBerserCAR","PrismaMod:IllyaReinForce"],"picked":"PrismaMod:IllyaDevil","floor":13},{"not_picked":["PrismaMod:IllyaMaid","PrismaMod:IllyaPoisonTippedWeapons","PrismaMod:IllyaPoisonBomb"],"picked":"SKIP","floor":14},{"not_picked":["PrismaMod:IllyaUberDefendChannel","PrismaMod:IllyaCarnivalDefend"],"picked":"PrismaMod:IllyaInstallMoonCancer","floor":16},{"not_picked":["PrismaMod:IllyaFriendMaker","PrismaMod:IllyaFeed"],"picked":"PrismaMod:IllyaCommandSeal","floor":18},{"not_picked":["PrismaMod:IllyaCheapChannelAttack","PrismaMod:IllyaMaid+1","PrismaMod:IllyaBride"],"picked":"SKIP","floor":19},{"not_picked":["PrismaMod:IllyaEvokeAll","PrismaMod:IllyaRubysPotion"],"picked":"PrismaMod:IllyaUncommonDefend","floor":24},{"not_picked":["PrismaMod:IllyaCheapDefend","PrismaMod:IllyaPartialInstallAssassin","PrismaMod:IllyaGun+1"],"picked":"SKIP","floor":25},{"not_picked":["PrismaMod:IllyaBride","PrismaMod:IllyaReinForce","PrismaMod:IllyaUncommonDefend"],"picked":"SKIP","floor":28},{"not_picked":["PrismaMod:IllyaDevil","PrismaMod:IllyaBride","PrismaMod:IllyaBlindPoisonToss+1"],"picked":"SKIP","floor":29},{"not_picked":["PrismaMod:IllyaInstallRuler","PrismaMod:IllyaGrailKun","PrismaMod:IllyaDevil+1"],"picked":"SKIP","floor":31},{"not_picked":["PrismaMod:IllyaMaid+1","PrismaMod:IllyaBoysLove","PrismaMod:IllyaDevil+1"],"picked":"SKIP","floor":35},{"not_picked":["PrismaMod:IllyaGrailKun","PrismaMod:IllyaMaid","PrismaMod:IllyaPoisoningPhantasm"],"picked":"SKIP","floor":36},{"not_picked":["PrismaMod:IllyaMaid","PrismaMod:IllyaCheapDefend+1","PrismaMod:IllyaPoisonBlock"],"picked":"SKIP","floor":38},{"not_picked":["PrismaMod:IllyaFriendMaker","PrismaMod:IllyaAlice","PrismaMod:IllyaPartialInstallAssassin"],"picked":"SKIP","floor":42},{"not_picked":["PrismaMod:IllyaAlice+1","PrismaMod:IllyaCheapAttack"],"picked":"PrismaMod:IllyaCommandSeal+1","floor":44},{"not_picked":["PrismaMod:IllyaStunPoison","PrismaMod:IllyaCheapChannelAttack+1","PrismaMod:IllyaGrailKun"],"picked":"SKIP","floor":46},{"not_picked":["PrismaMod:IllyaBlindPoisonToss","PrismaMod:IllyaCarnivalAttack","PrismaMod:IllyaCheapChannelDefend"],"picked":"SKIP","floor":47},{"not_picked":["PrismaMod:IllyaCommonEvoke","PrismaMod:IllyaCheapChannelDefend","PrismaMod:IllyaUpgradeOrbs"],"picked":"SKIP","floor":48}],"player_experience":109366,"relics_obtained":[{"floor":6,"key":"Mummified Hand"},{"floor":9,"key":"Meat on the Bone"},{"floor":10,"key":"Orichalcum"},{"floor":12,"key":"Bird Faced Urn"},{"floor":22,"key":"Nilry\u0027s Codex"},{"floor":24,"key":"Nunchaku"},{"floor":26,"key":"HornCleat"},{"floor":29,"key":"Art of War"},{"floor":43,"key":"Pear"},{"floor":47,"key":"Omamori"}],"event_choices":[{"damage_healed":0,"gold_gain":0,"player_choice":"Upgraded","damage_taken":0,"max_hp_gain":0,"max_hp_loss":0,"event_name":"Upgrade Shrine","floor":4,"gold_loss":0,"cards_upgraded":["PrismaMod:IllyaBlindPoisonToss"]},{"damage_healed":0,"gold_gain":0,"player_choice":"Opened","damage_taken":0,"relics_obtained":["Turnip"],"max_hp_gain":0,"max_hp_loss":0,"event_name":"The Mausoleum","floor":21,"gold_loss":0,"cards_obtained":["Writhe"]},{"damage_healed":0,"gold_gain":0,"player_choice":"Obtained Book","damage_taken":16,"max_hp_gain":0,"max_hp_loss":0,"event_name":"Cursed Tome","floor":22,"gold_loss":0},{"damage_healed":0,"gold_gain":0,"player_choice":"Upgraded","damage_taken":0,"max_hp_gain":0,"max_hp_loss":0,"event_name":"Upgrade Shrine","floor":27,"gold_loss":0,"cards_upgraded":["PrismaMod:IllyaUncommonDefend"]},{"cards_removed":["PrismaMod:IllyaCommonAttack"],"damage_healed":0,"gold_gain":0,"player_choice":"Elegance","damage_taken":0,"max_hp_gain":0,"max_hp_loss":0,"event_name":"Back to Basics","floor":30,"gold_loss":0},{"damage_healed":0,"gold_gain":0,"player_choice":"Ignored","damage_taken":0,"max_hp_gain":0,"max_hp_loss":0,"event_name":"SecretPortal","floor":41,"gold_loss":0}],"is_beta":false,"boss_relics":[{"not_picked":["SacredBark","Cursed Key"],"picked":"PrismaMod:PrismaZwei"},{"not_picked":["Empty Cage","Calling Bell"],"picked":"Sozu"}],"items_purged_floors":[20,37],"is_endless":false,"potions_floor_spawned":[1,3,6,8,12,18,28,36,38,42,47,48],"ascension_level":0}}