{"host":"3jpcvpprzj9sjffh","time":1613572914,"event":{"mods":["AchievementEnabler","BaseMod","Colored Map","Minty Spire (QoL Compilation)","Rare Cards Sparkle","SuperFastMode","everything is the same but u backflip on backflip"],"gold_per_floor":[115,115,129,143,160,160,173,205,253,253,293,321,17,49,49,154,154,170,188,208,95,95,95,121,121,176,203,302,302,302,321,321,432,432,455,505,60,89,98,98,137,137,137,137,148,148,108,141,141,141,141],"floor_reached":50,"language":"KOR","playtime":1596,"items_purged":["Strike_R"],"score":480,"play_id":"dfa3e710-d1c2-4f45-84c3-de35be888897","local_time":"20210217234154","is_ascension_mode":false,"campfire_choices":[{"data":"Limit Break","floor":6,"key":"SMITH"},{"floor":10,"key":"REST"},{"floor":15,"key":"REST"},{"floor":23,"key":"REST"},{"floor":25,"key":"REST"},{"floor":29,"key":"REST"},{"floor":32,"key":"REST"},{"floor":40,"key":"REST"},{"floor":42,"key":"REST"},{"floor":46,"key":"REST"},{"floor":49,"key":"RECALL"}],"circlet_count":0,"master_deck":["Strike_R+1","Strike_R+1","Strike_R+1","Defend_R+1","Defend_R+1","Defend_R+1","Bash","Apotheosis+1","Cleave+1","Blood for Blood","Limit Break+1","Flex","Pummel","Feed","Rupture+1","Bloodletting","Demon Form+1","Havoc","Shrug It Off","Anger","Heavy Blade","Feel No Pain+1","Juggernaut+1","Berserk+1","Twin Strike","Sword Boomerang+1","Dramatic Entrance+1","Flame Barrier","Offering","Inflame+1"],"relics":["Burning Blood","Happy Flower","CeramicFish","Frozen Egg 2","Gambling Chip","Odd Mushroom","SlaversCollar","Akabeko","Snecko Eye","Ginger","Orichalcum","TheAbacus","Lantern","Prayer Wheel","Ancient Tea Set","The Courier"],"acts_visited":["Exordium","TheCity","TheBeyond"],"potions_floor_usage":[8,16,16,20,20,24,31,33,36,36,50,50],"damage_taken":[{"damage":11,"enemies":"2 Louse","floor":1,"turns":3},{"damage":6,"enemies":"Cultist","floor":3,"turns":3},{"damage":9,"enemies":"Small Slimes","floor":4,"turns":4},{"damage":12,"enemies":"Looter","floor":5,"turns":3},{"damage":2,"enemies":"Blue Slaver","floor":7,"turns":4},{"damage":32,"enemies":"Gremlin Nob","floor":8,"turns":4},{"damage":36,"enemies":"3 Sentries","floor":11,"turns":5},{"damage":6,"enemies":"Exordium Wildlife","floor":12,"turns":2},{"damage":0,"enemies":"The Mushroom Lair","floor":14,"turns":2},{"damage":35,"enemies":"Slime Boss","floor":16,"turns":4},{"damage":30,"enemies":"Spheric Guardian","floor":18,"turns":5},{"damage":38,"enemies":"3 Byrds","floor":20,"turns":6},{"damage":22,"enemies":"Snake Plant","floor":24,"turns":5},{"damage":24,"enemies":"Shelled Parasite and Fungi","floor":27,"turns":3},{"damage":28,"enemies":"Chosen and Byrds","floor":31,"turns":5},{"damage":38,"enemies":"Collector","floor":33,"turns":7},{"damage":54,"enemies":"3 Darklings","floor":35,"turns":5},{"damage":10,"enemies":"Mind Bloom Boss Battle","floor":36,"turns":4},{"damage":9,"enemies":"Orb Walker","floor":38,"turns":2},{"damage":14,"enemies":"Giant Head","floor":41,"turns":5},{"damage":8,"enemies":"Spire Growth","floor":45,"turns":3},{"damage":30,"enemies":"Maw","floor":48,"turns":6},{"damage":57,"enemies":"Time Eater","floor":50,"turns":5}],"seed_played":"-323801368221041225","potions_obtained":[{"floor":1,"key":"ColorlessPotion"},{"floor":4,"key":"Fire Potion"},{"floor":7,"key":"Explosive Potion"},{"floor":8,"key":"Block Potion"},{"floor":16,"key":"EssenceOfSteel"},{"floor":20,"key":"DuplicationPotion"},{"floor":24,"key":"Regen Potion"},{"floor":27,"key":"PowerPotion"},{"floor":31,"key":"Block Potion"},{"floor":35,"key":"DistilledChaos"},{"floor":38,"key":"Swift Potion"},{"floor":41,"key":"SkillPotion"}],"is_trial":false,"path_per_floor":["M","?","M","M","M","R","M","E","T","R","E","M","$","?","R","B",null,"M","?","M","$","?","R","M","R","T","M","?","R","?","M","R","B",null,"M","?","$","M","?","R","E","R","T","T","M","R","?","M","R","B"],"character_chosen":"IRONCLAD","items_purchased":["Gambling Chip","Anger","Orichalcum","TheAbacus","Lantern"],"campfire_rested":9,"item_purchase_floors":[13,21,37,37,37],"current_hp_per_floor":[67,67,67,64,58,58,62,36,36,57,27,27,27,33,54,25,72,48,48,16,16,16,37,21,42,42,28,28,50,50,40,62,30,76,28,24,24,21,21,43,35,57,57,57,55,76,76,52,52,0,0],"gold":141,"neow_bonus":"RANDOM_COLORLESS_2","is_daily":false,"chose_seed":false,"campfire_upgraded":1,"win_rate":0.0,"timestamp":1613572914,"path_taken":["M","?","M","M","M","R","M","E","T","R","E","?","$","?","R","BOSS","M","?","M","$","?","R","M","R","T","M","?","R","?","?","R","BOSS","M","?","$","M","?","R","E","R","T","?","M","R","?","M","R","BOSS"],"items_purchased_type":["Relic","Card","Relic","Relic","Relic"],"build_version":"2020-12-22","purchased_purges":1,"victory":false,"max_hp_per_floor":[72,72,72,72,72,72,72,72,72,72,72,72,72,72,72,72,72,72,72,72,72,72,72,72,72,72,76,76,76,76,76,76,76,76,76,76,76,76,76,76,76,76,76,76,76,76,76,76,76,76,76],"card_choices":[{"not_picked":["HandOfGreed","Metamorphosis"],"picked":"Apotheosis","floor":0},{"not_picked":["Infernal Blade","Warcry"],"picked":"Cleave","floor":1},{"not_picked":["Headbutt","Rupture","Havoc"],"picked":"SKIP","floor":3},{"not_picked":["Pommel Strike","Flex"],"picked":"Blood for Blood","floor":4},{"not_picked":["Twin Strike","Perfected Strike"],"picked":"Limit Break","floor":5},{"not_picked":["True Grit","Sentinel"],"picked":"Flex","floor":7},{"not_picked":["Pommel Strike","Perfected Strike"],"picked":"Pummel","floor":8},{"not_picked":["Blood for Blood","Disarm"],"picked":"Feed","floor":11},{"not_picked":["Metallicize+1","Perfected Strike"],"picked":"Rupture+1","floor":12},{"not_picked":["Havoc","Cleave"],"picked":"Bloodletting","floor":14},{"not_picked":["Fiend Fire","Feed"],"picked":"Demon Form+1","floor":16},{"not_picked":["Armaments","Sword Boomerang","Shrug It Off"],"picked":"SKIP","floor":18},{"not_picked":["Perfected Strike","Armaments+1","Shrug It Off+1"],"picked":"SKIP","floor":20},{"not_picked":["Perfected Strike","Armaments+1","Shrug It Off+1"],"picked":"SKIP","floor":20},{"not_picked":["Sever Soul","Warcry"],"picked":"Heavy Blade","floor":24},{"not_picked":["Havoc","Clash"],"picked":"Feel No Pain+1","floor":27},{"not_picked":["Feel No Pain+1","Pommel Strike"],"picked":"Juggernaut+1","floor":31},{"not_picked":["Exhume","Fiend Fire"],"picked":"Berserk+1","floor":33},{"not_picked":["Warcry+1","Seeing Red"],"picked":"Twin Strike","floor":35},{"not_picked":["Battle Trance+1","Rampage"],"picked":"Sword Boomerang+1","floor":38},{"not_picked":["Purity","HandOfGreed"],"picked":"Dramatic Entrance","floor":39},{"not_picked":["Searing Blow+1","Hemokinesis"],"picked":"Flame Barrier","floor":41},{"not_picked":["Wild Strike","Sword Boomerang+1","Shrug It Off+1"],"picked":"SKIP","floor":45},{"not_picked":["Warcry+1","Iron Wave","Flex"],"picked":"SKIP","floor":45},{"not_picked":["Warcry+1","Thunderclap+1"],"picked":"Offering","floor":48},{"not_picked":["Shrug It Off","Body Slam+1"],"picked":"Inflame+1","floor":48}],"player_experience":336157,"relics_obtained":[{"floor":8,"key":"Happy Flower"},{"floor":9,"key":"CeramicFish"},{"floor":11,"key":"Frozen Egg 2"},{"floor":14,"key":"Odd Mushroom"},{"floor":36,"key":"Ginger"},{"floor":41,"key":"Prayer Wheel"},{"floor":43,"key":"Ancient Tea Set"},{"floor":44,"key":"The Courier"}],"event_choices":[{"damage_healed":0,"gold_gain":0,"player_choice":"Upgraded","damage_taken":0,"max_hp_gain":0,"max_hp_loss":0,"event_name":"Upgrade Shrine","floor":2,"gold_loss":0,"cards_upgraded":["Apotheosis"]},{"damage_healed":0,"gold_gain":0,"player_choice":"Fought Mushrooms","damage_taken":0,"max_hp_gain":0,"max_hp_loss":0,"event_name":"Mushrooms","floor":14,"gold_loss":0},{"damage_healed":0,"gold_gain":0,"cards_transformed":["Defend_R","Strike_R"],"player_choice":"Became Test Subject","damage_taken":0,"max_hp_gain":0,"max_hp_loss":0,"event_name":"Drug Dealer","floor":19,"gold_loss":0,"cards_obtained":["Havoc","Shrug It Off"]},{"damage_healed":0,"gold_gain":0,"player_choice":"Simplicity","damage_taken":0,"max_hp_gain":0,"max_hp_loss":0,"event_name":"Back to Basics","floor":22,"gold_loss":0,"cards_upgraded":["Strike_R","Strike_R","Strike_R","Defend_R","Defend_R","Defend_R"]},{"damage_healed":0,"gold_gain":99,"player_choice":"Stole From Cult","damage_taken":0,"max_hp_gain":0,"max_hp_loss":0,"event_name":"Nest","floor":28,"gold_loss":0},{"damage_healed":0,"gold_gain":0,"player_choice":"Opened","damage_taken":0,"relics_obtained":["Akabeko"],"max_hp_gain":0,"max_hp_loss":0,"event_name":"The Mausoleum","floor":30,"gold_loss":0},{"damage_healed":0,"gold_gain":0,"player_choice":"Fight","damage_taken":0,"max_hp_gain":0,"max_hp_loss":0,"event_name":"MindBloom","floor":36,"gold_loss":0},{"damage_healed":0,"gold_gain":0,"player_choice":"Memory 1","damage_taken":0,"max_hp_gain":0,"max_hp_loss":0,"event_name":"SensoryStone","floor":39,"gold_loss":0},{"damage_healed":0,"gold_gain":0,"player_choice":"Upgraded Two","damage_taken":0,"max_hp_gain":0,"max_hp_loss":0,"event_name":"Designer","floor":47,"gold_loss":40,"cards_upgraded":["Dramatic Entrance","Cleave"]}],"is_beta":false,"boss_relics":[{"not_picked":["Cursed Key","Fusion Hammer"],"picked":"SlaversCollar"},{"not_picked":["SacredBark","Busted Crown"],"picked":"Snecko Eye"}],"items_purged_floors":[21],"is_endless":false,"potions_floor_spawned":[1,4,7,8,16,20,24,27,31,35,38,41],"killed_by":"Time Eater","ascension_level":0}}