{"host":"vssfhwrh2g618jiv","time":1613575991,"event":{"mods":["BaseMod","Downfall","Lobotomy","Marisa£®ÏF”Í°°ƒß¿Ì…≥£©","Minty Spire (QoL Compilation)","Remilia£®¿Ÿ√◊¿Ú—«£©","Replay The Spire","StSLib","TestMod","The Servant 0.9.4"],"gold_per_floor":[99,112,287,287,287,312,312,330,330,37,37,62,62,90,100,197,197,97,117,117,117],"floor_reached":20,"language":"ZHS","playtime":965,"items_purged":["champ:GladiatorForm"],"score":222,"play_id":"879c353c-d258-4cb5-8dd9-e3c4053b14b6","local_time":"20210217233311","daily_mods":["Vintage","Heirloom","Flight","Elite Swarm"],"is_ascension_mode":true,"campfire_choices":[{"floor":1,"key":"RECALL"},{"data":"Demon Form","floor":13,"key":"SMITH"},{"data":"downfall:Malfunctioning","floor":18,"key":"PURGE"}],"circlet_count":0,"master_deck":["Demon Form+1","Wraith Form v2","Echo Form","DevaForm","Guardian:ConstructionForm","BatForm","FlawlessForm","Strike_R","Strike_R","Strike_R","Strike_R","Defend_R","Defend_R","Defend_R","Bash","Doubt","Double Tap","Inflame","Pummel","Metallicize+1","Offering","Berserk","Decay"],"relics":["Burning Blood","replay:Trail_Library","testmod-TestBox","testmod-FatalChain","testmod-CyclicPeriapt","Vajra","CogitoBucket","FossilizedHelix","King of Hearts","Lee\u0027s Waffle","Blood Vial","Slimebound:StickyStick","testmod-LifeArmor","Kintsugi","downfall:HeartBlessingRed","Regal Pillow"],"acts_visited":["Exordium","TheCity"],"potions_floor_usage":[15,16,16],"damage_taken":[{"damage":16,"enemies":"2 Louse","floor":2,"turns":4},{"damage":0,"enemies":"Lagavulin","floor":6,"turns":7},{"damage":0,"enemies":"Cultist","floor":8,"turns":5},{"damage":4,"enemies":"downfall:FleeingMerchant","floor":10,"turns":4},{"damage":0,"enemies":"Gremlin Nob","floor":12,"turns":6},{"damage":18,"enemies":"Replay:BlueRogue","floor":14,"turns":5},{"damage":25,"enemies":"Jaw Worm","floor":15,"turns":5},{"damage":10,"enemies":"SI_SHIV_ARCHETYPE","floor":16,"turns":6},{"damage":9,"enemies":"Chosen","floor":19,"turns":6}],"seed_played":"-7118740368839723220","potions_obtained":[{"floor":6,"key":"LiquidBronze"},{"floor":8,"key":"Swift Potion"},{"floor":14,"key":"PowerPotion"},{"floor":15,"key":"Ancient Potion"},{"floor":20,"key":"Fruit Juice"},{"floor":20,"key":"LiquidMemories"},{"floor":20,"key":"Block Potion"}],"is_trial":true,"path_per_floor":["R","M","?","WH","WH","E","T","M","?","$","?","E","R","E","M","B",null,"R","M","WH"],"character_chosen":"IRONCLAD","items_purchased":["Metallicize+1","Lee\u0027s Waffle"],"campfire_rested":0,"item_purchase_floors":[10,10],"current_hp_per_floor":[80,70,70,70,70,76,76,80,73,87,97,97,97,85,70,68,97,97,94,94,94],"gold":117,"neow_bonus":"THREE_SMALL_POTIONS","is_daily":false,"chose_seed":false,"campfire_upgraded":1,"win_rate":0.0,"timestamp":1613575991,"path_taken":["R","M","?","WH","WH","E","T","M","?","$","?","E","R","E","M","BOSS","R","M","WH"],"items_purchased_type":["Card","Relic"],"build_version":"2020-12-22","purchased_purges":1,"victory":false,"max_hp_per_floor":[80,80,80,80,80,80,80,80,80,87,97,97,97,97,97,97,97,97,97,97,97],"card_choices":[{"not_picked":["Replay:Many Hands","Eclipse"],"picked":"Double Tap","floor":6},{"not_picked":["Impervious","Anger"],"picked":"Pummel","floor":10},{"not_picked":["Barricade","Demonic Infusion"],"picked":"Demon Form","floor":12},{"not_picked":["Brutality","Exhume"],"picked":"Offering","floor":14},{"not_picked":["Eclipse","Bludgeon"],"picked":"Berserk","floor":16}],"player_experience":18772,"relics_obtained":[{"floor":2,"key":"Vajra"},{"floor":6,"key":"FossilizedHelix"},{"floor":8,"key":"King of Hearts"},{"floor":12,"key":"Blood Vial"},{"floor":14,"key":"Slimebound:StickyStick"},{"floor":15,"key":"testmod-LifeArmor"},{"floor":19,"key":"Regal Pillow"}],"event_choices":[{"damage_healed":0,"gold_gain":175,"player_choice":"AGREE","damage_taken":0,"max_hp_gain":0,"max_hp_loss":0,"event_name":"Liars Game","floor":3,"gold_loss":0,"cards_obtained":["Doubt"]},{"cards_removed":["sneckomod:SerpentMind"],"damage_healed":0,"gold_gain":0,"player_choice":"Card Removal","damage_taken":7,"max_hp_gain":0,"max_hp_loss":0,"event_name":"Golden Wing","floor":9,"gold_loss":0},{"cards_removed":["hexamod:HexaLevel"],"damage_healed":0,"gold_gain":0,"player_choice":"Offered Rare","damage_taken":0,"max_hp_gain":10,"max_hp_loss":0,"event_name":"Bonfire Elementals","floor":11,"gold_loss":0}],"is_beta":false,"boss_relics":[{"not_picked":["testmod-EnergyCheck","Velvet Choker"],"picked":"Kintsugi"}],"items_purged_floors":[10],"is_endless":false,"potions_floor_spawned":[6,8,14,15],"ascension_level":1}}