{"host":"8dytqszkx6ijebks","time":1613575757,"event":{"mods":["AchievementEnabler","BaseMod","Colored Map","DeckTracker","Keyboard Shortcuts","Minty Spire (QoL Compilation)","Permanent Neow","SuperFastMode","everything is the same but u backflip on backflip"],"gold_per_floor":[109,59,134,39,52,52,62,74,74,74,94,94,112,112,112,214,214,226,238,238,163,181,213,229,260,286,306,338,352,352,452,452,552,552,563,563,563,235,283,39,39,65,135,152,152,167,197,209,209,209,209,209,62,97,97],"floor_reached":56,"language":"KOR","playtime":2703,"items_purged":["Defend_G"],"score":1568,"play_id":"1f23d5bb-5884-4327-a49e-cde0fd9ae9cc","local_time":"20210218002917","is_ascension_mode":true,"campfire_choices":[{"data":"Accuracy","floor":6,"key":"SMITH"},{"floor":12,"key":"REST"},{"floor":15,"key":"REST"},{"data":"Night Terror","floor":30,"key":"SMITH"},{"data":"Phantasmal Killer","floor":32,"key":"SMITH"},{"data":"Madness","floor":41,"key":"SMITH"},{"floor":45,"key":"RECALL"},{"floor":49,"key":"REST"},{"data":"Madness","floor":52,"key":"SMITH"}],"circlet_count":0,"master_deck":["Strike_G","Strike_G","Strike_G","Defend_G","Defend_G","Defend_G","Defend_G","Survivor","Neutralize","CurseOfTheBell","PiercingWail","Accuracy+1","Blade Dance","Phantasmal Killer+1","Storm of Steel","Endless Agony","Backflip","Blade Dance","Infinite Blades+1","Accuracy","Night Terror+1","Blade Dance","Storm of Steel","Madness+1","Madness+1","Blade Dance+1","PiercingWail","Blade Dance","Infinite Blades+1","Tactician+1","Blade Dance+1"],"relics":["Calling Bell","Akabeko","HornCleat","Dead Branch","Centennial Puzzle","Bag of Marbles","White Beast Statue","SacredBark","Art of War","Ninja Scroll","Anchor","Meat on the Bone","Pocketwatch","Sundial","Philosopher\u0027s Stone","Shuriken","Incense Burner","Kunai","Mercury Hourglass","Darkstone Periapt","Nunchaku","Paper Crane"],"acts_visited":["Exordium","TheCity","TheBeyond","TheEnding"],"potions_floor_usage":[16,23,24,28,28,33,42,50,54,55,55],"damage_taken":[{"damage":0,"enemies":"2 Louse","floor":1,"turns":3},{"damage":0,"enemies":"Jaw Worm","floor":5,"turns":4},{"damage":6,"enemies":"Cultist","floor":7,"turns":6},{"damage":24,"enemies":"Gremlin Gang","floor":8,"turns":7},{"damage":3,"enemies":"Blue Slaver","floor":11,"turns":4},{"damage":9,"enemies":"Exordium Wildlife","floor":13,"turns":3},{"damage":13,"enemies":"The Guardian","floor":16,"turns":2},{"damage":0,"enemies":"3 Byrds","floor":18,"turns":6},{"damage":7,"enemies":"Shell Parasite","floor":19,"turns":2},{"damage":0,"enemies":"Centurion and Healer","floor":22,"turns":3},{"damage":0,"enemies":"Gremlin Leader","floor":23,"turns":2},{"damage":0,"enemies":"Snake Plant","floor":24,"turns":1},{"damage":18,"enemies":"Book of Stabbing","floor":25,"turns":3},{"damage":10,"enemies":"Shelled Parasite and Fungi","floor":27,"turns":2},{"damage":0,"enemies":"Gremlin Leader","floor":28,"turns":3},{"damage":0,"enemies":"3 Cultists","floor":29,"turns":3},{"damage":0,"enemies":"Colosseum Slavers","floor":31,"turns":1},{"damage":0,"enemies":"Colosseum Nobs","floor":31,"turns":2},{"damage":7,"enemies":"Collector","floor":33,"turns":3},{"damage":2,"enemies":"Orb Walker","floor":35,"turns":2},{"damage":12,"enemies":"2 Orb Walkers","floor":39,"turns":3},{"damage":0,"enemies":"Nemesis","floor":42,"turns":1},{"damage":0,"enemies":"3 Shapes","floor":44,"turns":2},{"damage":0,"enemies":"Spire Growth","floor":46,"turns":2},{"damage":0,"enemies":"Giant Head","floor":47,"turns":2},{"damage":0,"enemies":"Transient","floor":48,"turns":4},{"damage":18,"enemies":"Donu and Deca","floor":50,"turns":4},{"damage":16,"enemies":"Shield and Spear","floor":54,"turns":3},{"damage":12,"enemies":"The Heart","floor":55,"turns":5}],"seed_played":"6320707355333020931","potions_obtained":[{"floor":11,"key":"BlessingOfTheForge"},{"floor":13,"key":"Weak Potion"},{"floor":16,"key":"AttackPotion"},{"floor":18,"key":"BlessingOfTheForge"},{"floor":19,"key":"Fire Potion"},{"floor":22,"key":"CunningPotion"},{"floor":23,"key":"Explosive Potion"},{"floor":24,"key":"BlessingOfTheForge"},{"floor":28,"key":"Poison Potion"},{"floor":29,"key":"GamblersBrew"},{"floor":33,"key":"Poison Potion"},{"floor":42,"key":"SteroidPotion"},{"floor":48,"key":"Fruit Juice"},{"floor":54,"key":"Fire Potion"}],"is_trial":false,"path_per_floor":["M","?","?","$","M","R","M","M","T","T","M","R","M","?","R","B",null,"M","M","?","?","M","E","M","E","T","M","E","M","R","?","R","B",null,"M","?","?","$","?","$","R","E","T","M","R","M","E","M","R","B",null,"R","$","E","B",null],"character_chosen":"THE_SILENT","items_purchased":["PiercingWail","Accuracy","Shuriken","Kunai","Nunchaku"],"campfire_rested":3,"item_purchase_floors":[4,4,38,40,53],"current_hp_per_floor":[70,70,59,59,59,59,53,29,29,29,26,47,38,31,52,39,70,70,63,63,63,63,63,63,45,45,35,35,47,47,47,47,40,70,68,59,59,59,47,47,47,47,47,47,47,47,47,47,68,50,70,70,70,54,52],"gold":97,"neow_bonus":"BOSS_RELIC","is_daily":false,"chose_seed":false,"campfire_upgraded":5,"win_rate":0.0,"timestamp":1613575757,"path_taken":["M","?","?","?","M","R","?","M","T","?","M","R","?","?","R","BOSS","M","M","?","?","M","E","M","E","T","M","E","M","R","?","R","BOSS","M","?","?","$","?","$","R","E","T","M","R","M","E","M","R","BOSS","R","$","E","BOSS"],"items_purchased_type":["Card","Card","Relic","Relic","Relic"],"build_version":"2020-12-22","purchased_purges":1,"victory":true,"max_hp_per_floor":[70,70,70,70,70,70,70,70,70,70,70,70,70,70,70,70,70,70,70,70,70,70,70,70,70,70,70,70,70,70,70,70,70,70,70,70,70,70,70,70,70,70,70,70,70,70,70,70,70,70,70,70,70,70,80],"card_choices":[{"not_picked":["Sucker Punch","Bane","Dodge and Roll"],"picked":"SKIP","floor":1},{"not_picked":["Deflect","Flying Knee","Sucker Punch"],"picked":"SKIP","floor":5},{"not_picked":["Deflect","Flying Knee","Sucker Punch"],"picked":"SKIP","floor":5},{"not_picked":["Prepared","Skewer","Dash"],"picked":"SKIP","floor":7},{"not_picked":["Expertise","PiercingWail"],"picked":"Endless Agony","floor":8},{"not_picked":["Dodge and Roll","Sucker Punch"],"picked":"Blade Dance","floor":11},{"not_picked":["Distraction","Outmaneuver"],"picked":"Phantasmal Killer","floor":13},{"not_picked":["Wraith Form v2","Night Terror"],"picked":"Storm of Steel","floor":16},{"not_picked":["Outmaneuver","Underhanded Strike+1"],"picked":"Endless Agony","floor":18},{"not_picked":["Sucker Punch","Tactician"],"picked":"Backflip","floor":19},{"not_picked":["Sucker Punch","Cloak And Dagger","Slice"],"picked":"SKIP","floor":22},{"not_picked":["Outmaneuver","Skewer"],"picked":"Infinite Blades+1","floor":23},{"not_picked":["Dagger Throw","Bouncing Flask","Poisoned Stab+1"],"picked":"SKIP","floor":24},{"not_picked":["Flying Knee","Dagger Spray+1","Noxious Fumes"],"picked":"SKIP","floor":25},{"not_picked":["Dodge and Roll+1","Setup"],"picked":"Accuracy","floor":27},{"not_picked":["Choke","Escape Plan+1"],"picked":"Night Terror","floor":28},{"not_picked":["Backflip","Dagger Throw","Slice"],"picked":"SKIP","floor":29},{"not_picked":["Finisher","Crippling Poison"],"picked":"Blade Dance","floor":31},{"not_picked":["Burst","A Thousand Cuts"],"picked":"Storm of Steel","floor":33},{"not_picked":["Crippling Poison","Outmaneuver","Deflect+1"],"picked":"SKIP","floor":35},{"not_picked":["Crippling Poison","Outmaneuver","Deflect+1"],"picked":"SKIP","floor":35},{"not_picked":["PiercingWail+1","Backflip+1"],"picked":"Blade Dance+1","floor":42},{"not_picked":["Riddle With Holes+1","Concentrate"],"picked":"PiercingWail","floor":44},{"not_picked":["Tactician","Terror"],"picked":"Blade Dance","floor":46},{"not_picked":["Distraction+1","Dodge and Roll"],"picked":"Infinite Blades+1","floor":47},{"not_picked":["Masterful Stab","Dagger Throw"],"picked":"Tactician+1","floor":48},{"not_picked":["Poisoned Stab+1","Dodge and Roll+1"],"picked":"Blade Dance+1","floor":54}],"player_experience":270573,"relics_obtained":[{"floor":0,"key":"Akabeko"},{"floor":0,"key":"HornCleat"},{"floor":0,"key":"Dead Branch"},{"floor":9,"key":"Centennial Puzzle"},{"floor":10,"key":"Bag of Marbles"},{"floor":23,"key":"Art of War"},{"floor":25,"key":"Ninja Scroll"},{"floor":26,"key":"Anchor"},{"floor":28,"key":"Meat on the Bone"},{"floor":31,"key":"Pocketwatch"},{"floor":31,"key":"Sundial"},{"floor":39,"key":"Incense Burner"},{"floor":42,"key":"Mercury Hourglass"},{"floor":47,"key":"Darkstone Periapt"},{"floor":54,"key":"Paper Crane"}],"event_choices":[{"cards_removed":["Strike_G"],"damage_healed":0,"gold_gain":0,"player_choice":"Card Removal","damage_taken":0,"max_hp_gain":0,"max_hp_loss":0,"event_name":"The Cleric","floor":2,"gold_loss":50},{"damage_healed":0,"gold_gain":75,"player_choice":"Gather Gold","damage_taken":11,"max_hp_gain":0,"max_hp_loss":0,"event_name":"World of Goop","floor":3,"gold_loss":0},{"damage_healed":0,"gold_gain":0,"player_choice":"Success","damage_taken":7,"relics_obtained":["White Beast Statue"],"max_hp_gain":0,"max_hp_loss":0,"event_name":"Scrap Ooze","floor":14,"gold_loss":0},{"damage_healed":0,"gold_gain":0,"player_choice":"Read","damage_taken":0,"max_hp_gain":0,"max_hp_loss":0,"event_name":"The Library","floor":20,"gold_loss":0,"cards_obtained":["Blade Dance"]},{"cards_removed":["Strike_G"],"damage_healed":0,"gold_gain":0,"player_choice":"Gave Gold","damage_taken":0,"max_hp_gain":0,"max_hp_loss":0,"event_name":"Beggar","floor":21,"gold_loss":75},{"damage_healed":0,"gold_gain":0,"player_choice":"Fight","damage_taken":0,"max_hp_gain":0,"max_hp_loss":0,"event_name":"Colosseum","floor":31,"gold_loss":0},{"damage_healed":0,"gold_gain":0,"player_choice":"Fought Nobs","damage_taken":0,"max_hp_gain":0,"max_hp_loss":0,"event_name":"Colosseum","floor":31,"gold_loss":0},{"damage_healed":0,"gold_gain":0,"player_choice":"Embrace Madness","damage_taken":9,"max_hp_gain":0,"max_hp_loss":0,"event_name":"Winding Halls","floor":36,"gold_loss":0,"cards_obtained":["Madness","Madness"]},{"cards_removed":["Endless Agony"],"damage_healed":0,"gold_gain":0,"player_choice":"Removed Attack","damage_taken":0,"max_hp_gain":0,"max_hp_loss":0,"event_name":"Falling","floor":37,"gold_loss":0},{"damage_healed":0,"gold_gain":0,"player_choice":"Fight","damage_taken":0,"max_hp_gain":0,"max_hp_loss":0,"event_name":"Mysterious Sphere","floor":39,"gold_loss":0}],"is_beta":false,"boss_relics":[{"not_picked":["Busted Crown","Tiny House"],"picked":"SacredBark"},{"not_picked":["Empty Cage","Runic Dome"],"picked":"Philosopher\u0027s Stone"}],"items_purged_floors":[38],"is_endless":false,"potions_floor_spawned":[11,13,16,18,19,22,23,24,25,27,28,29,31,31,33,35,39,42,44,46,47,48,54],"ascension_level":4}}