{"host":"2se5dq1do2gp0x9k","time":1613539004,"event":{"mods":["AchievementEnabler","BaseMod","Block Reminder","Colored Map","Colored Powertips","Minty Spire (QoL Compilation)","Relic Stats","StSLib","SuperFastMode"],"gold_per_floor":[119,89,101,111,121,121,155,155,226,104,123,150,18,32,32,32,32],"floor_reached":16,"language":"ENG","playtime":428,"items_purged":["Defend_P"],"score":213,"play_id":"dcc3208e-bcf1-4ee3-9875-5b1cf1418c88","local_time":"20210216211644","is_ascension_mode":true,"campfire_choices":[{"data":"SandsOfTime","floor":6.0,"key":"SMITH"},{"data":"Eruption","floor":8.0,"key":"SMITH"},{"data":"Ragnarok","floor":15,"key":"SMITH"}],"circlet_count":0,"master_deck":["AscendersBane","Strike_P","Strike_P","Strike_P","Strike_P","Defend_P","Defend_P","Defend_P","Eruption+1","Vigilance","Conclude","Wireheading+1","SandsOfTime+1","CutThroughFate","LessonLearned","Evaluate","Wallop","Ragnarok+1","Pray"],"relics":["PureWater","NeowsBlessing","Incense Burner","The Courier","Ancient Tea Set"],"acts_visited":["Exordium"],"potions_floor_usage":[],"damage_taken":[{"damage":0.0,"enemies":"Small Slimes","floor":1.0,"turns":1.0},{"damage":0.0,"enemies":"Cultist","floor":3.0,"turns":1.0},{"damage":0.0,"enemies":"Jaw Worm","floor":4.0,"turns":1.0},{"damage":3.0,"enemies":"Blue Slaver","floor":5.0,"turns":3.0},{"damage":20.0,"enemies":"3 Sentries","floor":7.0,"turns":3.0},{"damage":7.0,"enemies":"2 Fungi Beasts","floor":11.0,"turns":3.0},{"damage":1.0,"enemies":"Lagavulin","floor":12.0,"turns":5.0},{"damage":17,"enemies":"Exordium Thugs","floor":14,"turns":3},{"damage":13,"enemies":"Hexaghost","floor":16,"turns":4}],"seed_played":"4657021728234880193","potions_obtained":[{"floor":1.0,"key":"LiquidMemories"},{"floor":2.0,"key":"Swift Potion"},{"floor":2.0,"key":"Fire Potion"}],"is_trial":false,"path_per_floor":["M","?","M","M","M","R","E","R","T","$","M","E","$","M","R","B"],"character_chosen":"WATCHER","items_purchased":["LessonLearned","Ragnarok"],"campfire_rested":0,"item_purchase_floors":[10,13],"current_hp_per_floor":[61,61,61,61,58,58,38,38,38,38,31,30,30,13,13,0,0],"gold":32,"neow_bonus":"THREE_ENEMY_KILL","is_daily":false,"chose_seed":false,"campfire_upgraded":3,"win_rate":0.0,"timestamp":1613539004,"path_taken":["M","?","M","M","M","R","E","R","T","$","M","E","$","?","R","BOSS"],"items_purchased_type":["Card","Card"],"build_version":"2020-12-22","purchased_purges":1,"victory":false,"max_hp_per_floor":[68,68,68,68,68,68,68,68,68,68,68,68,68,68,68,68,68],"relic_stats":{"counters":[9,24],"obtain_stats":[{"NeowsBlessing":0,"The Courier":9,"Incense Burner":7,"PureWater":0,"Ancient Tea Set":12},{"NeowsBlessing":0,"The Courier":5,"Incense Burner":5,"PureWater":0,"Ancient Tea Set":7},{"NeowsBlessing":0,"The Courier":9,"Incense Burner":9,"PureWater":0,"Ancient Tea Set":17}]},"card_choices":[{"not_picked":["ReachHeaven","FollowUp"],"picked":"Conclude","floor":1.0},{"not_picked":["Prostrate","ReachHeaven"],"picked":"Wireheading","floor":3.0},{"not_picked":["SashWhip","WindmillStrike","Halt"],"picked":"SKIP","floor":4.0},{"not_picked":["Indignation","BowlingBash"],"picked":"SandsOfTime","floor":5.0},{"not_picked":["JustLucky","EmptyMind"],"picked":"CutThroughFate","floor":7.0},{"not_picked":["EmptyBody","PathToVictory"],"picked":"Evaluate","floor":11.0},{"not_picked":["WindmillStrike","ThirdEye"],"picked":"Wallop","floor":12.0},{"not_picked":["WheelKick","Wireheading"],"picked":"Pray","floor":14}],"player_experience":4077010,"relics_obtained":[{"floor":7.0,"key":"Incense Burner"},{"floor":9.0,"key":"The Courier"},{"floor":12.0,"key":"Ancient Tea Set"}],"event_choices":[{"damage_healed":0.0,"max_hp_gain":0.0,"max_hp_loss":0.0,"gold_gain":0.0,"event_name":"The Woman in Blue","player_choice":"Bought 2 Potions","floor":2.0,"gold_loss":0.0,"damage_taken":0.0}],"is_beta":false,"boss_relics":[],"items_purged_floors":[13],"is_endless":false,"potions_floor_spawned":[1,5,12],"killed_by":"Hexaghost","ascension_level":18}}