{"host":"l3lzhw5qete3bz2v","time":1613565547,"event":{"mods":["BaseMod","Colored Map","Colored Powertips","Minty Spire (QoL Compilation)","StSLib","SuperFastMode"],"gold_per_floor":[110,121,139,89,104,104,135,135,158,158,196,196,236,7,7,138,138,161,161,196,246,260,260,295,295,295,295,243,279,279,322,322,453,453,478,478,478,478,35,35,71,71,71,71,134,134,175,20,20,20,20],"floor_reached":50,"language":"JPN","playtime":2937,"items_purged":["Strike_G"],"score":905,"play_id":"5e7588ad-3922-4645-87e6-41eff68c05bb","local_time":"20210217213907","is_ascension_mode":true,"campfire_choices":[{"data":"Dagger Throw","floor":6.0,"key":"SMITH"},{"data":"Poisoned Stab","floor":8.0,"key":"SMITH"},{"data":"Well Laid Plans","floor":15.0,"key":"SMITH"},{"data":"Corpse Explosion","floor":23.0,"key":"SMITH"},{"data":"Noxious Fumes","floor":25.0,"key":"SMITH"},{"data":"Crippling Poison","floor":32,"key":"SMITH"},{"data":"Wraith Form v2","floor":40,"key":"SMITH"},{"data":"Accuracy","floor":42,"key":"SMITH"},{"data":"Acrobatics","floor":46,"key":"SMITH"},{"data":"Apotheosis","floor":49,"key":"SMITH"}],"circlet_count":0,"master_deck":["Survivor","Neutralize","Prepared","Acrobatics+1","Dagger Throw+1","Poisoned Stab+1","Leg Sweep","Deadly Poison","Corpse Explosion+1","Well Laid Plans+1","Die Die Die","CurseOfTheBell","Dagger Spray","Tactician","Prepared+1","Calculated Gamble","Noxious Fumes+1","Ghostly","Ghostly","Ghostly","Ghostly","Ghostly","Crippling Poison+1","Noxious Fumes","Wraith Form v2+1","Finisher","Glass Knife","All Out Attack","Bane","Accuracy+1","Escape Plan","Choke","Storm of Steel","Backflip","Ghostly","The Bomb","Blade Dance+1","Crippling Poison+1","Apotheosis+1"],"relics":["HoveringKite","Strawberry","Dream Catcher","Golden Idol","Juzu Bracelet","Whetstone","Calling Bell","Ancient Tea Set","The Courier","Thread and Needle","Red Mask","Bag of Marbles","Meat on the Bone","MealTicket","Bronze Scales","Toy Ornithopter","Pandora\u0027s Box","ClockworkSouvenir","Art of War","Question Card","Anchor","Eternal Feather","Mango","Omamori"],"acts_visited":["Exordium","TheCity","TheBeyond"],"potions_floor_usage":[50,50,50],"damage_taken":[{"damage":3.0,"enemies":"Small Slimes","floor":1.0,"turns":4.0},{"damage":0.0,"enemies":"Jaw Worm","floor":2.0,"turns":9.0},{"damage":0.0,"enemies":"2 Louse","floor":3.0,"turns":3.0},{"damage":1.0,"enemies":"Exordium Wildlife","floor":5.0,"turns":3.0},{"damage":28.0,"enemies":"Lagavulin","floor":7.0,"turns":9.0},{"damage":2.0,"enemies":"3 Sentries","floor":11.0,"turns":6.0},{"damage":0.0,"enemies":"Lagavulin","floor":13.0,"turns":5.0},{"damage":5.0,"enemies":"Slime Boss","floor":16.0,"turns":7.0},{"damage":5.0,"enemies":"2 Thieves","floor":18.0,"turns":2.0},{"damage":0.0,"enemies":"Masked Bandits","floor":20.0,"turns":3.0},{"damage":5.0,"enemies":"Shell Parasite","floor":22.0,"turns":4.0},{"damage":5.0,"enemies":"Slavers","floor":24.0,"turns":2.0},{"damage":2,"enemies":"Book of Stabbing","floor":29,"turns":6},{"damage":0,"enemies":"Slavers","floor":31,"turns":4},{"damage":23,"enemies":"Collector","floor":33,"turns":8},{"damage":0,"enemies":"Orb Walker","floor":35,"turns":4},{"damage":0,"enemies":"Giant Head","floor":41,"turns":10},{"damage":2,"enemies":"Mind Bloom Boss Battle","floor":45,"turns":6},{"damage":0,"enemies":"Nemesis","floor":47,"turns":7},{"damage":66,"enemies":"Awakened One","floor":50,"turns":10}],"seed_played":"-1272543820100263441","potions_obtained":[{"floor":5.0,"key":"Explosive Potion"},{"floor":7.0,"key":"Fire Potion"},{"floor":11.0,"key":"Block Potion"},{"floor":13.0,"key":"SmokeBomb"},{"floor":16.0,"key":"CunningPotion"},{"floor":20.0,"key":"Dexterity Potion"},{"floor":33,"key":"SkillPotion"},{"floor":41,"key":"SteroidPotion"},{"floor":45,"key":"Weak Potion"},{"floor":47,"key":"Swift Potion"}],"is_trial":false,"path_per_floor":["M","M","M","?","M","R","E","R","T","?","E","?","E","$","R","B",null,"M","?","?","?","M","R","E","R","T","?","?","E","?","E","R","B",null,"M","?","?","?","$","R","E","R","T","?","?","R","E","$","R","B"],"character_chosen":"THE_SILENT","items_purchased":["Corpse Explosion","Well Laid Plans","ClockworkSouvenir","Art of War","Question Card","Apotheosis"],"campfire_rested":0,"item_purchase_floors":[14,14,39,39,39,48],"current_hp_per_floor":[67,67,67,67,66,66,45,45,45,45,43,48,48,48,48,43,68,63,63,63,63,58,58,53,53,53,38,38,36,36,36,36,25,35,35,35,35,25,36,36,36,36,36,36,48,50,50,50,50,0,0],"gold":20,"neow_bonus":"BOSS_RELIC","is_daily":false,"chose_seed":false,"campfire_upgraded":10,"win_rate":0.0,"timestamp":1613565547,"path_taken":["M","M","M","?","M","R","E","R","T","?","E","?","E","?","R","BOSS","M","?","?","?","M","R","E","R","T","?","?","E","?","E","R","BOSS","M","?","?","?","$","R","E","R","T","?","?","R","E","$","R","BOSS"],"items_purchased_type":["Card","Card","Relic","Relic","Relic","Card"],"build_version":"2020-12-22","purchased_purges":1,"victory":false,"max_hp_per_floor":[70,70,70,70,70,70,77,77,77,71,71,76,76,76,76,76,76,76,76,76,76,76,76,76,76,76,38,38,38,38,38,38,38,38,38,36,36,36,36,36,36,36,36,36,50,50,50,50,50,50,50],"card_choices":[{"not_picked":["Cloak And Dagger","Concentrate"],"picked":"Prepared","floor":1.0},{"not_picked":["Prepared","Escape Plan"],"picked":"Acrobatics","floor":2.0},{"not_picked":["Blade Dance","Deadly Poison"],"picked":"Dagger Throw","floor":3.0},{"not_picked":["Backflip","Finisher"],"picked":"Poisoned Stab","floor":5.0},{"not_picked":["Dagger Spray","Caltrops"],"picked":"Leg Sweep","floor":7.0},{"not_picked":["Deflect","Leg Sweep"],"picked":"Deadly Poison","floor":11.0},{"not_picked":["Infinite Blades","Bane"],"picked":"Underhanded Strike","floor":13.0},{"not_picked":["Bullet Time","Unload"],"picked":"Die Die Die","floor":16.0},{"not_picked":["Poisoned Stab","Deadly Poison+1"],"picked":"Dagger Spray","floor":18.0},{"not_picked":["Accuracy","Endless Agony"],"picked":"Prepared+1","floor":20.0},{"not_picked":["Dodge and Roll","Escape Plan+1"],"picked":"Calculated Gamble","floor":22.0},{"not_picked":["Choke","Outmaneuver"],"picked":"Noxious Fumes","floor":24.0},{"not_picked":["Prepared","Caltrops"],"picked":"Crippling Poison","floor":29},{"not_picked":["Dagger Throw","Expertise"],"picked":"Noxious Fumes","floor":31},{"not_picked":["Corpse Explosion","Grand Finale"],"picked":"Wraith Form v2","floor":33},{"not_picked":["Flying Knee","Masterful Stab+1"],"picked":"Backflip","floor":35},{"not_picked":["Deep Breath","Blind"],"picked":"The Bomb","floor":38},{"not_picked":["Infinite Blades+1","Deflect+1","Acrobatics"],"picked":"Blade Dance+1","floor":41},{"not_picked":["Deflect+1","Escape Plan+1","Riddle With Holes"],"picked":"Crippling Poison+1","floor":47}],"player_experience":109366,"relics_obtained":[{"floor":7.0,"key":"Strawberry"},{"floor":9.0,"key":"Dream Catcher"},{"floor":11.0,"key":"Juzu Bracelet"},{"floor":13.0,"key":"Whetstone"},{"floor":17.0,"key":"Ancient Tea Set"},{"floor":17.0,"key":"The Courier"},{"floor":17.0,"key":"Thread and Needle"},{"floor":20.0,"key":"Red Mask"},{"floor":24.0,"key":"Bag of Marbles"},{"floor":26.0,"key":"Meat on the Bone"},{"floor":29,"key":"Bronze Scales"},{"floor":31,"key":"Toy Ornithopter"},{"floor":41,"key":"Anchor"},{"floor":43,"key":"Eternal Feather"},{"floor":45,"key":"Mango"},{"floor":47,"key":"Omamori"}],"event_choices":[{"cards_removed":["Strike_G"],"damage_healed":0.0,"max_hp_gain":0.0,"max_hp_loss":0.0,"gold_gain":0.0,"event_name":"The Cleric","player_choice":"Card Removal","floor":4.0,"gold_loss":50.0,"damage_taken":0.0},{"damage_healed":0.0,"max_hp_gain":0.0,"max_hp_loss":6.0,"gold_gain":0.0,"event_name":"Golden Idol","player_choice":"Lose Max HP","floor":10.0,"gold_loss":0.0,"damage_taken":0.0,"relics_obtained":["Golden Idol"]},{"damage_healed":0.0,"max_hp_gain":5.0,"max_hp_loss":0.0,"gold_gain":0.0,"event_name":"Big Fish","player_choice":"Donut","floor":12.0,"gold_loss":0.0,"damage_taken":0.0},{"damage_healed":0.0,"max_hp_gain":0.0,"max_hp_loss":0.0,"gold_gain":0.0,"event_name":"The Library","player_choice":"Read","floor":19.0,"gold_loss":0.0,"damage_taken":0.0,"cards_obtained":["Tactician"]},{"damage_healed":0.0,"max_hp_gain":0.0,"max_hp_loss":0.0,"gold_gain":0.0,"event_name":"Masked Bandits","player_choice":"Fought Bandits","floor":20.0,"gold_loss":0.0,"damage_taken":0.0},{"damage_healed":0.0,"max_hp_gain":0.0,"max_hp_loss":0.0,"gold_gain":100.0,"event_name":"The Joust","player_choice":"Bet on Murderer","floor":21.0,"gold_loss":50.0,"damage_taken":0.0},{"damage_healed":0.0,"max_hp_gain":0.0,"max_hp_loss":38.0,"gold_gain":0.0,"event_name":"Ghosts","player_choice":"Became a Ghost","floor":27.0,"gold_loss":0.0,"damage_taken":0.0,"cards_obtained":["Ghostly","Ghostly","Ghostly","Ghostly","Ghostly"]},{"damage_healed":0.0,"max_hp_gain":0.0,"max_hp_loss":0.0,"gold_gain":0.0,"event_name":"WeMeetAgain","player_choice":"Paid Gold","floor":28.0,"gold_loss":52.0,"damage_taken":0.0,"relics_obtained":["MealTicket"]},{"damage_healed":0,"gold_gain":0,"player_choice":"Ignored","damage_taken":0,"max_hp_gain":0,"max_hp_loss":0,"event_name":"Vampires","floor":30,"gold_loss":0},{"damage_healed":0,"gold_gain":0,"player_choice":"Max HP","damage_taken":0,"max_hp_gain":0,"max_hp_loss":2,"event_name":"Winding Halls","floor":36,"gold_loss":0},{"damage_healed":0,"gold_gain":0,"player_choice":"Copied","damage_taken":0,"max_hp_gain":0,"max_hp_loss":0,"event_name":"Duplicator","floor":37,"gold_loss":0,"cards_obtained":["Ghostly"]},{"damage_healed":0,"gold_gain":0,"player_choice":"Memory 3","damage_taken":10,"max_hp_gain":0,"max_hp_loss":0,"event_name":"SensoryStone","floor":38,"gold_loss":0},{"cards_removed":["Underhanded Strike"],"damage_healed":0,"gold_gain":0,"player_choice":"Removed Attack","damage_taken":0,"max_hp_gain":0,"max_hp_loss":0,"event_name":"Falling","floor":44,"gold_loss":0},{"damage_healed":0,"gold_gain":0,"player_choice":"Fight","damage_taken":0,"max_hp_gain":0,"max_hp_loss":0,"event_name":"MindBloom","floor":45,"gold_loss":0}],"is_beta":false,"boss_relics":[{"not_picked":["Runic Dome","Sozu"],"picked":"Calling Bell"},{"not_picked":["WristBlade","Tiny House"],"picked":"Pandora\u0027s Box"}],"items_purged_floors":[14],"is_endless":false,"potions_floor_spawned":[5,7,11,13,16,20,33,41,45,47],"killed_by":"Awakened One","ascension_level":5}}