{"host":"njruw0b0uprlitpx","time":1613592301,"event":{"mods":["2.2 Compatiblity","Act Like it!","Aspiration","Bartender","BaseMod","Better Altar","Better Match","Better Note","Better Sensory Stone","Better Skull","Better Third Choice","BetterRewards","Block Reminder","Colored Map","Colored Powertips","Curses Come First","Energized Spire","Hallownest","Jedi Mod","Keyboard Shortcuts","Minty Spire (QoL Compilation)","Quick Restart","Rare Cards Sparkle","Relic Stats","Replay The Spire","SacredBarkPlus","Spicy Shops","StSLib","SuperFastMode","The Blackbeard","The Mystic"],"gold_per_floor":[113,113,42,52,64,64,99,99,126,156,156,170,170,16,16,92,92,111,111,123,123,93,93,105,105,105,105,140,157,157,191,191,268,268,302,318,1317,59,77,77,127,127,127,139,139,139,165,165,165,165],"floor_reached":51,"language":"ENG","playtime":1601,"items_purged":["blackbeard:BlackbeardStrike","Injury","Normality"],"score":1842,"play_id":"191716a5-75c4-423f-9229-f381c912b385","local_time":"20210217140501","is_ascension_mode":true,"campfire_choices":[{"data":"Alacrity","floor":6,"key":"SMITH"},{"data":"blackbeard:BeatUp","floor":6,"key":"SMITH"},{"data":"blackbeard:GoldenStrike","floor":8,"key":"SMITH"},{"data":"blackbeard:Cutlass","floor":8,"key":"SMITH"},{"floor":15,"key":"REST"},{"floor":23,"key":"REST"},{"data":"blackbeard:WiseDefense","floor":25,"key":"SMITH"},{"data":"blackbeard:MegaUpgrade","floor":25,"key":"SMITH"},{"floor":30,"key":"REST"},{"floor":32,"key":"REST"},{"data":"blackbeard:BoostMorale","floor":40,"key":"SMITH"},{"data":"blackbeard:Revenge","floor":40,"key":"SMITH"},{"data":"blackbeard:BountyHunter","floor":42,"key":"SMITH"},{"data":"blackbeard:IntimidatingStrike","floor":42,"key":"SMITH"},{"floor":46,"key":"REST"},{"data":"Pot Of Greed","floor":49,"key":"SMITH"},{"data":"Pot Of Greed","floor":49,"key":"SMITH"}],"circlet_count":0,"master_deck":["AscendersBane","blackbeard:BlackbeardStrike","blackbeard:BlackbeardStrike","blackbeard:BlackbeardStrike","blackbeard:IntimidatingStrike+1","blackbeard:BlackbeardDefend","blackbeard:BlackbeardDefend+1","blackbeard:BlackbeardDefend+1","blackbeard:BlackbeardDefend","blackbeard:Cutlass+1","blackbeard:GoldenCannonball+1","blackbeard:GoldenStrike+1","blackbeard:RemoveScurvy","blackbeard:BeatUp+1","blackbeard:Shrapnel","blackbeard:WiseDefense+1","Alacrity+1","blackbeard:Revenge+1","blackbeard:RearmingStrike","blackbeard:MegaUpgrade+1","blackbeard:WoodenLeg+1","blackbeard:Parrot+1","blackbeard:PirateEarring+1","blackbeard:BountyHunter+1","blackbeard:CaptainsCabin","blackbeard:PirateStrength+1","blackbeard:Boarding","blackbeard:PiratesWill","blackbeard:BoostMorale+1","blackbeard:GoldenStrike+1","Normality","blackbeard:GoldenDefense","Replay:BasicMightCard+1","blackbeard:Murder","blackbeard:Sword","blackbeard:GoldenStrike","blackbeard:PirateHook","Pot Of Greed+1","Pot Of Greed","Pot Of Greed","Pot Of Greed+1","blackbeard:WeaponMastery+1"],"relics":["blackbeard:LoadTheCannons","Replay:Arrowhead","ReplayTheSpireMod:Ninjato","Pocketwatch","Pondfish Scales","Onion Ring","Strawberry","Replay:Wax Seal","Durian","Frozen Egg 2","aspiration:FutureDiary","Nloth\u0027s Gift","Blue Candle","Replay:WaspNest","Snecko Heart","War Paint","Pen Nib","HandDrill","Omamori","ReplayTheSpireMod:Lightbulb","Unceasing Top","Quantum Egg","Grinning Jar"],"acts_visited":["Exordium","TheCity","TheBeyond"],"potions_floor_usage":[12,18,18,24,28,33,50,50],"damage_taken":[{"damage":4,"enemies":"2 Louse","floor":1,"turns":3},{"damage":0,"enemies":"Cultist","floor":4,"turns":2},{"damage":5,"enemies":"Small Slimes","floor":5,"turns":2},{"damage":16,"enemies":"Gremlin Nob","floor":7,"turns":3},{"damage":1,"enemies":"3 Sentries","floor":10,"turns":3},{"damage":0,"enemies":"Exordium Wildlife","floor":12,"turns":1},{"damage":0,"enemies":"Slime Boss","floor":16,"turns":4},{"damage":18,"enemies":"2 Thieves","floor":18,"turns":4},{"damage":19,"enemies":"3 Byrds","floor":20,"turns":5},{"damage":22,"enemies":"Shelled Parasite and Fungi","floor":24,"turns":3},{"damage":11,"enemies":"Book of Stabbing","floor":28,"turns":2},{"damage":8,"enemies":"Centurion and Healer","floor":29,"turns":3},{"damage":0,"enemies":"3 Cultists","floor":31,"turns":1},{"damage":28,"enemies":"Collector","floor":33,"turns":6},{"damage":0,"enemies":"3 Shapes","floor":35,"turns":2},{"damage":3,"enemies":"Orb Walker","floor":36,"turns":2},{"damage":0,"enemies":"Maw","floor":39,"turns":2},{"damage":10,"enemies":"R_Hoarder","floor":41,"turns":3},{"damage":13,"enemies":"Writhing Mass","floor":44,"turns":2},{"damage":0,"enemies":"Reptomancer","floor":47,"turns":2},{"damage":44,"enemies":"Donu and Deca","floor":50,"turns":4}],"seed_played":"7248142769569692146","potions_obtained":[{"floor":5,"key":"jedi:mysterypotion"},{"floor":7,"key":"Languid Potion"},{"floor":16,"key":"Reflective Coating"},{"floor":18,"key":"Milkshake"},{"floor":22,"key":"Death Potion"},{"floor":22,"key":"Dexterity Potion"},{"floor":24,"key":"Weak Potion"},{"floor":35,"key":"Swift Potion"},{"floor":36,"key":"SpeedPotion"}],"is_trial":false,"path_per_floor":["M","?","$","M","M","R","E","R","T","E","?","M","?","$","R","B",null,"M","?","M","$","?","R","M","R","T","?","E","M","R","M","R","B",null,"M","M","?","$","M","R","E","R","T","M","?","R","E","?","R","B",null],"character_chosen":"BLACKBEARD_CLASS","items_purchased":["blackbeard:GoldenCannonball+1","blackbeard:GoldenStrike","blackbeard:RemoveScurvy","ReplayTheSpireMod:Ninjato","blackbeard:BeatUp","blackbeard:Shrapnel","Pondfish Scales","Onion Ring","blackbeard:Revenge","blackbeard:WoodenLeg+1","blackbeard:GoldenDefense","War Paint","Replay:BasicMightCard+1","Pen Nib","PowerPotion","HandDrill","Adrenaline Potion","Omamori","ReplayTheSpireMod:Lightbulb","blackbeard:Murder"],"campfire_rested":5,"item_purchase_floors":[0,0,0,0,0,0,0,3,3,14,38,38,38,38,38,38,38,38,38,38],"current_hp_per_floor":[65,65,65,70,65,65,61,61,61,60,21,21,21,21,45,50,75,62,62,48,48,48,72,50,50,50,52,41,33,57,57,81,58,77,77,74,74,74,79,79,73,73,73,60,60,83,83,83,83,39],"gold":165,"neow_bonus":"","is_daily":false,"chose_seed":false,"campfire_upgraded":12,"win_rate":0.0,"timestamp":1613592301,"path_taken":["M","?","$","?","M","R","E","R","T","E","?","M","?","$","R","BOSS","M","?","?","$","?","R","?","R","T","?","E","M","R","?","R","BOSS","M","M","?","$","M","R","E","R","T","M","?","R","E","?","R","BOSS"],"items_purchased_type":["Card","Card","Card","Relic","Card","Card","Relic","Relic","Card","Card","Card","Relic","Card","Relic","Potion","Relic","Potion","Relic","Relic","Card"],"build_version":"2020-12-22","purchased_purges":3,"victory":true,"max_hp_per_floor":[71,71,71,71,71,71,78,78,78,78,83,83,83,83,83,83,83,83,83,83,83,83,83,83,83,83,83,83,83,83,83,83,83,83,83,83,83,83,83,83,83,83,83,83,83,83,83,83,83,83],"relic_stats":{"counters":[148,442],"Blue Candle":[3],"Pen Nib":[4],"Nloth\u0027s Gift":3,"HandDrill":[10],"War Paint":["Step_Of_The_Wind","Dart","blackbeard:BlackbeardDefend","blackbeard:BlackbeardDefend"],"obtain_stats":[{"Golden Egg":43,"jedi:angrymask":11,"Ginger":0,"jedi:bottledfury":37,"blackbeard:CrossedSwords":0,"jedi:shrinkray":14,"Old Coin":9,"Blood Vial":6,"Sundial":26,"HandDrill":38,"Kunai":26,"Replay:Wax Seal":11,"Sneakers":0,"Counterbalance":42,"Blue Candle":26,"Pen Nib":0,"Akabeko":0,"SlaversCollar":34,"Water_Ring":4,"Bird Faced Urn":29,"Tintinnabulum":3,"StrikeDummy":31,"Unceasing Top":0,"Lantern":28,"Regal Pillow":26,"Singing Bowl":0,"Torii":24,"Blue Doll":13,"GremlinMask":13,"Mythril_Glove":39,"jedi:archwizardhat":25,"Power_Wrist":36,"White_Cape":6,"Cursed Key":17,"Pet Ghost":9,"Replay:Rubber Ducky":9,"Silver_Glasses":34,"Matryoshka":26,"Guardian:BottledAnomaly":37,"Replay:Bottled Eggs":37,"aspiration:FutureDiary":17,"InkBottle":39,"Potion Belt":42,"NeowsBlessing":0,"blackbeard:LoadTheCannons":20,"The Courier":26,"Omamori":38,"Ring of Greed":8,"jedi:crownofsimplicity":42,"Frozen Egg 2":13,"energizedSpire:DeadBattery":17,"MawBank":8,"Replay:Arrowhead":28,"Ornamental Fan":15,"Orrery":0,"Turnip":31,"Art of War":7,"Garlic":44,"Durian":11,"hexamod:BolsterEngine":13,"ReplayTheSpireMod:Lightbulb":38,"Calipers":0,"Gremlin Horn":0,"CeramicFish":22,"Vajra":37,"Sozu":17,"Lizard Tail":43,"HornCleat":14,"jedi:paperlyon":34,"Strawberry":0,"ReplayTheSpireMod:CursedCoin":14,"Dead Branch":40,"Choco_Feather":51,"Oddly Smooth Stone":3,"Ring of Chaos":34,"Letter Opener":9,"War Paint":10,"Question Card":9,"jedi:HeartOfTheCards":0,"blackbeard:HipFlask":37,"Bottled Flame":27,"Replay:Baseball":21,"Shuriken":10,"energizedSpire:NeverEndingSparkler":17,"Molten Egg 2":43,"Onion Ring":3,"Simple Rune":10,"ReplayTheSpireMod:TigerMarble":21,"Nloth\u0027s Gift":19,"Grinning Jar":47,"aspiration:HatOfInfinitePower":0,"Pocketwatch":0,"Snecko Heart":34,"Piano_Music":0,"Mango":43,"jedi:command_boss":20,"Juzu Bracelet":21,"Incense Burner":0,"Replay:Mystery Machine":6,"jedi:Pinwheel":0,"Dream Catcher":46,"Replay:Bandana":0,"Mummified Hand":42,"theForsaken:Kindling":0,"Gambling Chip":21,"Genji_Glove":10,"jedi:cryingmask":37,"Red Mask":24,"Replay:Bottled Snecko":0,"BargainBundle":0,"ReplayTheSpireMod:Ninjato":19,"Guide Book":21,"Quantum Egg":43,"Replay:WaspNest":28,"Orichalcum":27,"White Beast Statue":43,"Mercury Hourglass":20,"jedi:fakemustache":29,"Strange Spoon":14,"Anchor":29,"Pondfish Scales":0,"jedi:ominousloannote":0,"blackbeard:Karategi":20,"Membership Card":14,"jedi:arcanewood":29,"TungstenRod":0},{"Golden Egg":39,"jedi:angrymask":86,"Ginger":60,"jedi:bottledfury":99,"blackbeard:CrossedSwords":81,"jedi:shrinkray":48,"Old Coin":107,"Blood Vial":4,"Sundial":72,"HandDrill":143,"Kunai":10,"Replay:Wax Seal":47,"Sneakers":0,"Counterbalance":21,"Blue Candle":137,"Pen Nib":43,"Akabeko":43,"SlaversCollar":36,"Water_Ring":44,"Bird Faced Urn":34,"Tintinnabulum":44,"StrikeDummy":15,"Unceasing Top":103,"Lantern":33,"Regal Pillow":114,"Singing Bowl":23,"Torii":32,"Blue Doll":87,"GremlinMask":109,"Mythril_Glove":121,"jedi:archwizardhat":52,"Power_Wrist":57,"White_Cape":85,"Cursed Key":111,"Pet Ghost":65,"Replay:Rubber Ducky":46,"Silver_Glasses":76,"Matryoshka":32,"Guardian:BottledAnomaly":17,"Replay:Bottled Eggs":17,"aspiration:FutureDiary":134,"InkBottle":77,"Potion Belt":78,"NeowsBlessing":0,"blackbeard:LoadTheCannons":70,"The Courier":52,"Omamori":143,"Ring of Greed":46,"jedi:crownofsimplicity":123,"Frozen Egg 2":133,"energizedSpire:DeadBattery":7,"MawBank":46,"Replay:Arrowhead":53,"Ornamental Fan":48,"Orrery":81,"Turnip":15,"Art of War":26,"Garlic":78,"Durian":132,"hexamod:BolsterEngine":6,"ReplayTheSpireMod:Lightbulb":143,"Calipers":23,"Gremlin Horn":60,"CeramicFish":50,"Vajra":17,"Sozu":49,"Lizard Tail":21,"HornCleat":48,"jedi:paperlyon":16,"Strawberry":23,"ReplayTheSpireMod:CursedCoin":6,"Dead Branch":20,"Choco_Feather":42,"Oddly Smooth Stone":105,"Ring of Chaos":56,"Letter Opener":4,"War Paint":86,"Question Card":26,"jedi:HeartOfTheCards":60,"blackbeard:HipFlask":99,"Bottled Flame":33,"Replay:Baseball":50,"Shuriken":26,"energizedSpire:NeverEndingSparkler":29,"Molten Egg 2":101,"Onion Ring":128,"Simple Rune":132,"ReplayTheSpireMod:TigerMarble":91,"Nloth\u0027s Gift":135,"Grinning Jar":147,"aspiration:HatOfInfinitePower":81,"Pocketwatch":127,"Snecko Heart":98,"Piano_Music":23,"Mango":123,"jedi:command_boss":70,"Juzu Bracelet":70,"Incense Burner":103,"Replay:Mystery Machine":46,"jedi:Pinwheel":103,"Dream Catcher":22,"Replay:Bandana":43,"Mummified Hand":39,"theForsaken:Kindling":60,"Gambling Chip":50,"Genji_Glove":26,"jedi:cryingmask":99,"Red Mask":10,"Replay:Bottled Snecko":60,"BargainBundle":60,"ReplayTheSpireMod:Ninjato":8,"Guide Book":50,"Quantum Egg":145,"Replay:WaspNest":138,"Orichalcum":114,"White Beast Statue":39,"Mercury Hourglass":8,"jedi:fakemustache":53,"Strange Spoon":48,"Anchor":53,"Pondfish Scales":81,"jedi:ominousloannote":23,"blackbeard:Karategi":70,"Membership Card":6,"jedi:arcanewood":53,"TungstenRod":43},{"Golden Egg":118,"jedi:angrymask":240,"Ginger":178,"jedi:bottledfury":284,"blackbeard:CrossedSwords":226,"jedi:shrinkray":138,"Old Coin":311,"Blood Vial":12,"Sundial":205,"HandDrill":429,"Kunai":39,"Replay:Wax Seal":137,"Sneakers":0,"Counterbalance":67,"Blue Candle":413,"Pen Nib":128,"Akabeko":128,"SlaversCollar":109,"Water_Ring":130,"Bird Faced Urn":102,"Tintinnabulum":130,"StrikeDummy":52,"Unceasing Top":301,"Lantern":100,"Regal Pillow":334,"Singing Bowl":73,"Torii":97,"Blue Doll":245,"GremlinMask":315,"Mythril_Glove":360,"jedi:archwizardhat":149,"Power_Wrist":165,"White_Cape":236,"Cursed Key":322,"Pet Ghost":189,"Replay:Rubber Ducky":135,"Silver_Glasses":218,"Matryoshka":97,"Guardian:BottledAnomaly":58,"Replay:Bottled Eggs":58,"aspiration:FutureDiary":401,"InkBottle":220,"Potion Belt":222,"NeowsBlessing":0,"blackbeard:LoadTheCannons":199,"The Courier":149,"Omamori":429,"Ring of Greed":135,"jedi:crownofsimplicity":368,"Frozen Egg 2":397,"energizedSpire:DeadBattery":31,"MawBank":135,"Replay:Arrowhead":152,"Ornamental Fan":138,"Orrery":226,"Turnip":52,"Art of War":80,"Garlic":222,"Durian":396,"hexamod:BolsterEngine":22,"ReplayTheSpireMod:Lightbulb":429,"Calipers":73,"Gremlin Horn":178,"CeramicFish":143,"Vajra":58,"Sozu":141,"Lizard Tail":67,"HornCleat":138,"jedi:paperlyon":56,"Strawberry":73,"ReplayTheSpireMod:CursedCoin":22,"Dead Branch":64,"Choco_Feather":124,"Oddly Smooth Stone":306,"Ring of Chaos":163,"Letter Opener":12,"War Paint":240,"Question Card":80,"jedi:HeartOfTheCards":178,"blackbeard:HipFlask":284,"Bottled Flame":100,"Replay:Baseball":143,"Shuriken":80,"energizedSpire:NeverEndingSparkler":89,"Molten Egg 2":293,"Onion Ring":386,"Simple Rune":396,"ReplayTheSpireMod:TigerMarble":259,"Nloth\u0027s Gift":405,"Grinning Jar":438,"aspiration:HatOfInfinitePower":226,"Pocketwatch":383,"Snecko Heart":282,"Piano_Music":73,"Mango":368,"jedi:command_boss":199,"Juzu Bracelet":199,"Incense Burner":301,"Replay:Mystery Machine":135,"jedi:Pinwheel":301,"Dream Catcher":70,"Replay:Bandana":128,"Mummified Hand":118,"theForsaken:Kindling":178,"Gambling Chip":143,"Genji_Glove":80,"jedi:cryingmask":284,"Red Mask":39,"Replay:Bottled Snecko":178,"BargainBundle":178,"ReplayTheSpireMod:Ninjato":34,"Guide Book":143,"Quantum Egg":434,"Replay:WaspNest":415,"Orichalcum":334,"White Beast Statue":118,"Mercury Hourglass":34,"jedi:fakemustache":152,"Strange Spoon":138,"Anchor":152,"Pondfish Scales":226,"jedi:ominousloannote":73,"blackbeard:Karategi":199,"Membership Card":22,"jedi:arcanewood":152,"TungstenRod":128}],"Unceasing Top":[2],"Pocketwatch":[21]},"card_choices":[{"not_picked":["blackbeard:SwordDance","blackbeard:JollyRoger"],"picked":"blackbeard:WiseDefense","floor":1},{"not_picked":["blackbeard:Fencing","blackbeard:SwordDance"],"picked":"blackbeard:RearmingStrike","floor":4},{"not_picked":["blackbeard:Toast","blackbeard:ArmorUp","blackbeard:CannonBarrage"],"picked":"SKIP","floor":5},{"not_picked":["blackbeard:CloakAndCannonball","blackbeard:WiseDefense","blackbeard:Toast"],"picked":"SKIP","floor":7},{"not_picked":["blackbeard:DeadlyArsenal","blackbeard:SmithingHammer"],"picked":"blackbeard:MegaUpgrade","floor":10},{"not_picked":["blackbeard:Fencing","blackbeard:Eyepatch","blackbeard:CloakAndCannonball"],"picked":"SKIP","floor":12},{"not_picked":["blackbeard:CaptainsHat+1","blackbeard:FinalBarrage"],"picked":"blackbeard:Parrot+1","floor":16},{"not_picked":["blackbeard:Sharpening","blackbeard:TacticalRetreat"],"picked":"blackbeard:PirateEarring+1","floor":18},{"not_picked":["blackbeard:ArmorUp","blackbeard:Revenge"],"picked":"blackbeard:BountyHunter","floor":20},{"not_picked":["blackbeard:Recklessness","blackbeard:TacticalRetreat+1"],"picked":"blackbeard:CaptainsCabin","floor":24},{"not_picked":["blackbeard:Eyepatch+1","blackbeard:HumongousCannonball"],"picked":"blackbeard:PirateStrength+1","floor":28},{"not_picked":["blackbeard:PirateEarring+1","blackbeard:Upgrade+1"],"picked":"blackbeard:Boarding","floor":29},{"not_picked":["blackbeard:BlindAttacks","blackbeard:Spear"],"picked":"blackbeard:PiratesWill","floor":31},{"not_picked":["blackbeard:GoldenGuillotine","blackbeard:Murder"],"picked":"blackbeard:BoostMorale","floor":33},{"not_picked":["blackbeard:VengefulSpirit+1","blackbeard:TacticalRetreat"],"picked":"blackbeard:GoldenStrike+1","floor":35},{"not_picked":["blackbeard:JollyRoger","blackbeard:PiratesWill","blackbeard:Shrapnel"],"picked":"SKIP","floor":36},{"not_picked":["blackbeard:GoldenStrike","blackbeard:BrownPants+1"],"picked":"blackbeard:Sword","floor":39},{"not_picked":["blackbeard:Sword","blackbeard:CannonballSupply"],"picked":"blackbeard:GoldenStrike","floor":41},{"not_picked":["blackbeard:Dagger","blackbeard:Fencing+1"],"picked":"blackbeard:PirateHook","floor":44},{"not_picked":["blackbeard:VengefulSpirit","blackbeard:PiratesWill+1"],"picked":"blackbeard:WeaponMastery+1","floor":47}],"player_experience":1374760,"relics_obtained":[{"floor":7,"key":"Strawberry"},{"floor":9,"key":"Replay:Wax Seal"},{"floor":10,"key":"Simple Rune"},{"floor":26,"key":"Blue Candle"},{"floor":28,"key":"Replay:WaspNest"},{"floor":41,"key":"Unceasing Top"},{"floor":43,"key":"Quantum Egg"},{"floor":47,"key":"Grinning Jar"}],"event_choices":[{"damage_healed":0,"gold_gain":1,"player_choice":"4","damage_taken":0,"max_hp_gain":0,"max_hp_loss":0,"event_name":"betterStone:BetterStone","floor":2,"gold_loss":0,"cards_obtained":["Alacrity"]},{"damage_healed":0,"gold_gain":0,"player_choice":"Traded Relic","damage_taken":0,"relics_obtained":["Nloth\u0027s Gift"],"max_hp_gain":0,"max_hp_loss":0,"event_name":"N\u0027loth","floor":19,"relics_lost":["Simple Rune"],"gold_loss":0},{"damage_healed":0,"gold_gain":0,"player_choice":"Bought 2 Potions","damage_taken":0,"max_hp_gain":0,"max_hp_loss":0,"event_name":"The Woman in Blue","floor":22,"gold_loss":0},{"damage_healed":2,"gold_gain":0,"player_choice":"LEAVE ","damage_taken":0,"relics_obtained":[],"max_hp_gain":0,"max_hp_loss":0,"event_name":"betterSkull:BetterSkull","floor":27,"gold_loss":0,"cards_upgraded":[]},{"damage_healed":0,"gold_gain":999,"player_choice":"Gold","damage_taken":0,"max_hp_gain":0,"max_hp_loss":0,"event_name":"MindBloom","floor":37,"gold_loss":0,"cards_obtained":["Normality","Normality"]},{"damage_healed":0,"gold_gain":0,"player_choice":"Ignored","damage_taken":0,"max_hp_gain":0,"max_hp_loss":0,"event_name":"Mysterious Sphere","floor":48,"gold_loss":0}],"is_beta":false,"boss_relics":[{"not_picked":["Replay:Ancient Bell","Tiny House"],"picked":"aspiration:FutureDiary"},{"not_picked":["jedi:paperlyon","aspiration:RitualDagger"],"picked":"Snecko Heart"}],"items_purged_floors":[0,14,38],"is_endless":false,"potions_floor_spawned":[5,7,12,16,18,24,35,36],"ascension_level":15}}