{"host":"qc1sjgtdjonvdsd8","time":1613593389,"event":{"mods":["BaseMod","Colored Map","Colored Powertips","Curses Come First","Minty Spire (QoL Compilation)","StSLib"],"gold_per_floor":[113,113,10,30,30,30,59,88,141,141,170,208,231,0,0,109,109,130,139,158,158,158,158,158],"floor_reached":23,"language":"ENG","playtime":1567,"items_purged":["Strike_B"],"score":229,"play_id":"2ebec583-ab12-4aa4-ba41-692524f1dd47","local_time":"20210217122309","is_ascension_mode":true,"campfire_choices":[{"data":"Creative AI","floor":6,"key":"SMITH"},{"data":"Self Repair","floor":10,"key":"SMITH"},{"floor":15,"key":"REST"}],"circlet_count":0,"master_deck":["Strike_B+1","Strike_B+1","Strike_B+1","Defend_B+1","Defend_B+1","Defend_B+1","Defend_B+1","Zap","Dualcast","Creative AI+1","Self Repair+1","Barrage","Sweeping Beam","Leap","Coolheaded","Coolheaded","Steam","Electrodynamics","Force Field+1","Writhe","Heatsinks"],"relics":["Cracked Core","CeramicFish","Toy Ornithopter","Tiny Chest","Art of War","Snecko Eye","MealTicket"],"acts_visited":["Exordium","TheCity"],"potions_floor_usage":[8,11,12,20],"damage_taken":[{"damage":0,"enemies":"Small Slimes","floor":1,"turns":2},{"damage":6,"enemies":"Cultist","floor":4,"turns":4},{"damage":20,"enemies":"Lagavulin","floor":7,"turns":5},{"damage":0,"enemies":"2 Louse","floor":8,"turns":2},{"damage":30,"enemies":"Exordium Thugs","floor":11,"turns":5},{"damage":13,"enemies":"3 Sentries","floor":12,"turns":3},{"damage":25,"enemies":"3 Louse","floor":13,"turns":4},{"damage":19,"enemies":"The Guardian","floor":16,"turns":13},{"damage":30,"enemies":"2 Thieves","floor":18,"turns":5},{"damage":13,"enemies":"Chosen","floor":20,"turns":6},{"damage":58,"enemies":"Slavers","floor":23,"turns":3}],"seed_played":"-7497041689436406925","potions_obtained":[{"floor":1,"key":"Explosive Potion"},{"floor":4,"key":"Fire Potion"},{"floor":7,"key":"PowerPotion"},{"floor":12,"key":"Ancient Potion"},{"floor":16,"key":"Dexterity Potion"},{"floor":18,"key":"ColorlessPotion"}],"is_trial":false,"path_per_floor":["M","?","$","M","$","R","E","M","T","R","M","E","M","$","R","B",null,"M","?","M","?","?","E"],"character_chosen":"DEFECT","items_purchased":["Self Repair","Barrage","Art of War"],"campfire_rested":1,"item_purchase_floors":[3,3,14],"current_hp_per_floor":[75,75,75,75,75,75,62,62,62,62,47,49,34,34,56,57,75,55,55,57,57,57,0,0],"gold":158,"neow_bonus":"ONE_RANDOM_RARE_CARD","is_daily":false,"chose_seed":false,"campfire_upgraded":2,"win_rate":0.0,"timestamp":1613593389,"path_taken":["M","?","$","M","?","R","E","M","T","R","M","E","M","$","R","BOSS","M","?","M","?","?","E"],"items_purchased_type":["Card","Card","Relic"],"build_version":"2020-12-22","purchased_purges":1,"victory":false,"max_hp_per_floor":[75,75,75,75,75,75,75,75,75,75,75,75,75,75,75,75,75,75,75,75,75,75,75,75],"card_choices":[{"not_picked":["Tempest","FTL","Go for the Eyes"],"picked":"SKIP","floor":1},{"not_picked":["Skim","Beam Cell"],"picked":"Sweeping Beam","floor":4},{"not_picked":["Meteor Strike","Melter","Turbo"],"picked":"SKIP","floor":7},{"not_picked":["Reinforced Body","Static Discharge"],"picked":"Leap","floor":8},{"not_picked":["Streamline","Turbo"],"picked":"Coolheaded","floor":11},{"not_picked":["Fusion","Sunder"],"picked":"Coolheaded","floor":12},{"not_picked":["Streamline","Aggregate"],"picked":"Steam","floor":13},{"not_picked":["Amplify","All For One"],"picked":"Electrodynamics","floor":16},{"not_picked":["Leap","Streamline+1"],"picked":"Force Field+1","floor":18},{"not_picked":["Scrape","Sweeping Beam"],"picked":"Heatsinks","floor":20}],"player_experience":276371,"relics_obtained":[{"floor":7,"key":"CeramicFish"},{"floor":9,"key":"Toy Ornithopter"},{"floor":12,"key":"Tiny Chest"}],"event_choices":[{"damage_healed":0,"gold_gain":0,"player_choice":"Bought 0 Potions","damage_taken":0,"max_hp_gain":0,"max_hp_loss":0,"event_name":"The Woman in Blue","floor":2,"gold_loss":0},{"damage_healed":0,"gold_gain":0,"player_choice":"Opened","damage_taken":0,"relics_obtained":["MealTicket"],"max_hp_gain":0,"max_hp_loss":0,"event_name":"The Mausoleum","floor":19,"gold_loss":0,"cards_obtained":["Writhe"]},{"damage_healed":0,"gold_gain":0,"player_choice":"Ignored","damage_taken":0,"max_hp_gain":0,"max_hp_loss":0,"event_name":"Ghosts","floor":21,"gold_loss":0},{"damage_healed":0,"gold_gain":0,"player_choice":"Simplicity","damage_taken":0,"max_hp_gain":0,"max_hp_loss":0,"event_name":"Back to Basics","floor":22,"gold_loss":0,"cards_upgraded":["Strike_B","Strike_B","Strike_B","Defend_B","Defend_B","Defend_B","Defend_B"]}],"is_beta":false,"boss_relics":[{"not_picked":["SacredBark","Philosopher\u0027s Stone"],"picked":"Snecko Eye"}],"items_purged_floors":[14],"is_endless":false,"potions_floor_spawned":[1,4,7,12,16,18],"killed_by":"Slavers","ascension_level":3}}