{"host":"w5thk1acqacem6ba","time":1613547038,"event":{"mods":["AchievementEnabler","BaseMod","Colored Map","KOR Keyword Fix","Minty Spire (QoL Compilation)","SuperFastMode"],"gold_per_floor":[209,227,227,73,85,85,85,85,110,110,110,130,150,50,50,147,147,160,160,160,171,171,171,171,171],"floor_reached":24,"language":"KOR","playtime":721,"items_purged":["Strike_P","Defend_P"],"score":230,"play_id":"f590c28c-95b7-407e-96d1-128a4dcc1aa1","local_time":"20210217163038","is_ascension_mode":true,"campfire_choices":[{"data":"SignatureMove","floor":6,"key":"SMITH"},{"data":"Evaluate","floor":8,"key":"SMITH"},{"data":"EmptyBody","floor":15,"key":"SMITH"},{"floor":23,"key":"REST"}],"circlet_count":0,"master_deck":["Strike_P","Defend_P","Eruption","Vigilance","Consecrate","EmptyBody+1","SignatureMove+1","Evaluate+1","Parasite","Devotion","MentalFortress+1","DeceiveReality"],"relics":["PureWater","Potion Belt","Black Star"],"acts_visited":["Exordium","TheCity"],"potions_floor_usage":[],"damage_taken":[{"damage":12,"enemies":"Small Slimes","floor":1,"turns":4},{"damage":2,"enemies":"Jaw Worm","floor":2,"turns":2},{"damage":0,"enemies":"2 Louse","floor":5,"turns":1},{"damage":1,"enemies":"2 Fungi Beasts","floor":12,"turns":4},{"damage":0,"enemies":"Blue Slaver","floor":13,"turns":2},{"damage":18,"enemies":"Slime Boss","floor":16,"turns":5},{"damage":20,"enemies":"3 Byrds","floor":18,"turns":8},{"damage":15,"enemies":"Spheric Guardian","floor":21,"turns":6},{"damage":20,"enemies":"Slavers","floor":24,"turns":3}],"seed_played":"-3831468308323675673","potions_obtained":[{"floor":2,"key":"FearPotion"},{"floor":13,"key":"FearPotion"},{"floor":21,"key":"Explosive Potion"}],"is_trial":false,"path_per_floor":["M","M","?","$","M","R","?","R","T","?","?","M","M","$","R","B",null,"M","?","?","M","?","R","E"],"character_chosen":"WATCHER","items_purchased":["SignatureMove"],"campfire_rested":1,"item_purchase_floors":[4],"current_hp_per_floor":[60,58,63,63,63,63,63,63,63,63,77,76,76,76,76,58,72,52,52,52,37,37,60,40,40],"gold":171,"neow_bonus":"HUNDRED_GOLD","is_daily":false,"chose_seed":false,"campfire_upgraded":3,"win_rate":0.0,"timestamp":1613547038,"path_taken":["M","M","?","$","M","R","?","R","T","?","?","M","?","$","R","BOSS","M","?","?","M","?","R","E"],"items_purchased_type":["Card"],"build_version":"2020-12-22","purchased_purges":2,"victory":false,"max_hp_per_floor":[72,72,77,77,77,77,77,77,77,77,77,77,77,77,77,77,77,77,77,77,77,77,77,77,77],"card_choices":[{"not_picked":["FearNoEvil","CrushJoints"],"picked":"Consecrate","floor":1},{"not_picked":["CutThroughFate","Protect"],"picked":"EmptyBody","floor":2},{"not_picked":["Wallop","Consecrate"],"picked":"Evaluate","floor":5},{"not_picked":["Perseverance","BowlingBash","Nirvana"],"picked":"SKIP","floor":12},{"not_picked":["WheelKick","FlurryOfBlows","EmptyBody"],"picked":"SKIP","floor":13},{"not_picked":["SpiritShield","ConjureBlade"],"picked":"Devotion","floor":16},{"not_picked":["FollowUp","WheelKick","SashWhip"],"picked":"SKIP","floor":18},{"not_picked":["JustLucky","Meditate+1","Crescendo"],"picked":"SKIP","floor":21}],"player_experience":409536,"relics_obtained":[{"floor":9,"key":"Potion Belt"}],"event_choices":[{"damage_healed":0,"gold_gain":0,"player_choice":"Donut","damage_taken":0,"max_hp_gain":5,"max_hp_loss":0,"event_name":"Big Fish","floor":3,"gold_loss":0},{"damage_healed":0,"gold_gain":0,"player_choice":"Ignored","damage_taken":0,"max_hp_gain":0,"max_hp_loss":0,"event_name":"Liars Game","floor":7,"gold_loss":0},{"cards_removed":["Strike_P"],"damage_healed":0,"gold_gain":0,"player_choice":"Forget","damage_taken":0,"max_hp_gain":0,"max_hp_loss":0,"event_name":"Living Wall","floor":10,"gold_loss":0},{"damage_healed":19,"gold_gain":0,"player_choice":"Healed and dodged fight","damage_taken":0,"max_hp_gain":0,"max_hp_loss":0,"event_name":"Mushrooms","floor":11,"gold_loss":0,"cards_obtained":["Parasite"]},{"cards_removed":["Defend_P"],"damage_healed":0,"gold_gain":0,"player_choice":"Elegance","damage_taken":0,"max_hp_gain":0,"max_hp_loss":0,"event_name":"Back to Basics","floor":19,"gold_loss":0},{"damage_healed":0,"gold_gain":0,"cards_transformed":["Strike_P","Defend_P"],"player_choice":"Became Test Subject","damage_taken":0,"max_hp_gain":0,"max_hp_loss":0,"event_name":"Drug Dealer","floor":20,"gold_loss":0,"cards_obtained":["MentalFortress","DeceiveReality"]},{"damage_healed":0,"gold_gain":0,"player_choice":"Forge","damage_taken":0,"max_hp_gain":0,"max_hp_loss":0,"event_name":"Accursed Blacksmith","floor":22,"gold_loss":0,"cards_upgraded":["MentalFortress"]}],"is_beta":false,"boss_relics":[{"not_picked":["Fusion Hammer","Cursed Key"],"picked":"Black Star"}],"items_purged_floors":[4,14],"is_endless":false,"potions_floor_spawned":[2,13,21],"killed_by":"Slavers","ascension_level":5}}