{"host":"tzwikg9s6mkzv6w0","time":1613539897,"event":{"mods":["BaseMod","Good Game Mod","Minty Spire (QoL Compilation)","Spicy Shops","StSLib"],"gold_per_floor":[116,116,131,81,6,6,6,37,37,72,89,89,89,106,106,209,209,221,221,320,355,375,375,403,403,428,428,828,838,864,876,876,971,971,990,463,473,473,484,484,500,512,512,538,233,135,169,181,181,181,181,181,34,59,59],"floor_reached":56,"language":"ZHS","playtime":2410,"items_purged":["Strike_G","Defend_G","Defend_G","Defend_G"],"score":2483,"play_id":"02fafcb0-a7f4-4057-afe9-ee5547dc7271","local_time":"20210217133137","is_ascension_mode":true,"campfire_choices":[{"data":"Rampage","floor":6.0,"key":"SMITH"},{"data":"Reflex","floor":12.0,"key":"SMITH"},{"data":"Tactician","floor":15.0,"key":"SMITH"},{"data":"Prepared","floor":23.0,"key":"SMITH"},{"floor":25.0,"key":"REST"},{"data":"Calculated Gamble","floor":27.0,"key":"SMITH"},{"data":"Strike_G","floor":32.0,"key":"PURGE"},{"data":"Expertise","floor":40.0,"key":"SMITH"},{"floor":49.0,"key":"RECALL"},{"data":"Blade Dance","floor":52.0,"key":"PURGE"}],"circlet_count":0,"master_deck":["AscendersBane","Defend_G","Survivor","Neutralize","Rampage+1","Reflex+1","PiercingWail","Expertise+1","Tactician+1","After Image+1","Prepared+1","Calculated Gamble+1","Eviscerate","Phantasmal Killer","Underhanded Strike+1","Escape Plan+1","Purity","Acrobatics+1"],"relics":["Ring of the Serpent","REME:ComplimentaryCards","NeowsBlessing","CaptainsWheel","Frozen Egg 2","Vajra","Runic Pyramid","Red Mask","Peace Pipe","Anchor","Old Coin","Matryoshka","Molten Egg 2","TheAbacus","Happy Flower","Juzu Bracelet","Bottled Lightning","ClockworkSouvenir","Orichalcum","Medical Kit","Oddly Smooth Stone"],"acts_visited":["Exordium","TheCity","TheBeyond","TheEnding"],"potions_floor_usage":[],"damage_taken":[{"damage":0.0,"enemies":"Jaw Worm","floor":1.0,"turns":1.0},{"damage":0.0,"enemies":"Cultist","floor":3.0,"turns":1.0},{"damage":0.0,"enemies":"Lagavulin","floor":8.0,"turns":1.0},{"damage":18.0,"enemies":"Gremlin Nob","floor":10.0,"turns":6.0},{"damage":0.0,"enemies":"Small Slimes","floor":11.0,"turns":4.0},{"damage":3.0,"enemies":"Exordium Wildlife","floor":14.0,"turns":5.0},{"damage":31.0,"enemies":"Hexaghost","floor":16.0,"turns":11.0},{"damage":0.0,"enemies":"Shell Parasite","floor":18.0,"turns":6.0},{"damage":40.0,"enemies":"Masked Bandits","floor":21.0,"turns":8.0},{"damage":0.0,"enemies":"2 Thieves","floor":22.0,"turns":5.0},{"damage":0.0,"enemies":"Book of Stabbing","floor":24.0,"turns":5.0},{"damage":0.0,"enemies":"Colosseum Slavers","floor":28.0,"turns":3.0},{"damage":0.0,"enemies":"Colosseum Nobs","floor":28.0,"turns":5.0},{"damage":0.0,"enemies":"Snecko","floor":29.0,"turns":5.0},{"damage":0.0,"enemies":"Gremlin Leader","floor":30.0,"turns":5.0},{"damage":4.0,"enemies":"Chosen and Byrds","floor":31.0,"turns":7.0},{"damage":0.0,"enemies":"Automaton","floor":33.0,"turns":5.0},{"damage":0.0,"enemies":"3 Darklings","floor":35.0,"turns":4.0},{"damage":0.0,"enemies":"Orb Walker","floor":37.0,"turns":3.0},{"damage":0.0,"enemies":"Jaw Worm Horde","floor":39.0,"turns":3.0},{"damage":0.0,"enemies":"Spire Growth","floor":41.0,"turns":2.0},{"damage":6.0,"enemies":"Writhing Mass","floor":42.0,"turns":4.0},{"damage":0.0,"enemies":"Reptomancer","floor":44.0,"turns":3.0},{"damage":0.0,"enemies":"Nemesis","floor":47.0,"turns":3.0},{"damage":0.0,"enemies":"Maw","floor":48.0,"turns":3.0},{"damage":0.0,"enemies":"Awakened One","floor":50.0,"turns":3.0},{"damage":0.0,"enemies":"Shield and Spear","floor":54.0,"turns":2.0},{"damage":0,"enemies":"The Heart","floor":55,"turns":4}],"seed_played":"-7801363516672583832","potions_obtained":[{"floor":1.0,"key":"Weak Potion"},{"floor":3.0,"key":"GhostInAJar"},{"floor":11.0,"key":"LiquidBronze"},{"floor":14.0,"key":"GamblersBrew"},{"floor":18.0,"key":"Poison Potion"},{"floor":21.0,"key":"Energy Potion"},{"floor":28.0,"key":"LiquidBronze"},{"floor":33.0,"key":"LiquidMemories"},{"floor":37.0,"key":"DistilledChaos"}],"is_trial":false,"path_per_floor":["M","?","M","?","$","R","$","E","T","E","M","R","$","M","R","B",null,"M","?","?","?","M","R","E","R","T","R","?","M","E","M","R","B",null,"M","$","M","?","M","R","M","M","T","E","$","$","E","M","R","B",null,"R","$","E","B",null],"character_chosen":"THE_SILENT","items_purchased":["TheAbacus","Happy Flower","ClockworkSouvenir","Purity","Medical Kit"],"campfire_rested":1,"item_purchase_floors":[36,36,45,46,53],"current_hp_per_floor":[63,63,63,63,63,63,63,63,63,45,45,45,45,42,42,11,55,55,55,55,15,15,15,15,36,36,36,36,36,36,32,32,32,61,61,61,61,61,61,61,61,55,55,55,55,55,55,55,55,55,66,66,66,66,66],"gold":59,"neow_bonus":"THREE_ENEMY_KILL","is_daily":false,"chose_seed":false,"campfire_upgraded":6,"win_rate":0.0,"timestamp":1613539897,"path_taken":["M","?","?","?","?","R","$","E","T","E","M","R","$","M","R","BOSS","M","?","?","?","M","R","E","R","T","R","?","M","E","M","R","BOSS","M","$","M","?","?","R","?","M","T","E","?","$","E","M","R","BOSS","R","$","E","BOSS"],"items_purchased_type":["Relic","Relic","Relic","Card","Relic"],"build_version":"2020-12-22","purchased_purges":4,"victory":true,"max_hp_per_floor":[70,70,70,70,70,70,70,70,70,70,70,70,70,70,70,70,70,70,70,70,70,70,70,70,70,70,70,70,70,70,70,70,70,70,70,70,70,70,70,70,70,70,70,70,70,70,70,70,70,70,70,70,70,70,70],"card_choices":[{"not_picked":["Flying Knee","Leg Sweep","Slice"],"picked":"SKIP","floor":1.0},{"not_picked":["Escape Plan","Poisoned Stab"],"picked":"Reflex","floor":3.0},{"not_picked":["Dagger Spray","Riddle With Holes"],"picked":"PiercingWail","floor":8.0},{"not_picked":["Bane","Eviscerate"],"picked":"Expertise","floor":10.0},{"not_picked":["Outmaneuver","Flying Knee","Cloak And Dagger"],"picked":"SKIP","floor":11.0},{"not_picked":["Predator","Dagger Throw"],"picked":"Tactician","floor":14.0},{"not_picked":["Phantasmal Killer","A Thousand Cuts+1"],"picked":"After Image+1","floor":16.0},{"not_picked":["Cloak And Dagger","Backflip+1","Dagger Spray"],"picked":"SKIP","floor":18.0},{"not_picked":["Dagger Spray+1","PiercingWail"],"picked":"Blade Dance","floor":21.0},{"not_picked":["Slice","Deflect"],"picked":"Prepared","floor":22.0},{"not_picked":["Endless Agony","Blade Dance"],"picked":"Calculated Gamble","floor":24.0},{"not_picked":["Deadly Poison","Eviscerate","Cloak And Dagger"],"picked":"SKIP","floor":29.0},{"not_picked":["Deadly Poison","Cloak And Dagger"],"picked":"Eviscerate","floor":29.0},{"not_picked":["Dagger Throw+1","Caltrops+1","Flying Knee+1"],"picked":"SKIP","floor":30.0},{"not_picked":["Deadly Poison","Slice+1","Flying Knee+1"],"picked":"SKIP","floor":31.0},{"not_picked":["Night Terror","Wraith Form v2+1"],"picked":"Phantasmal Killer","floor":33.0},{"not_picked":["Deflect","Setup+1","Slice+1"],"picked":"SKIP","floor":35.0},{"not_picked":["Blade Dance+1","Sucker Punch+1"],"picked":"Underhanded Strike+1","floor":37.0},{"not_picked":["Bullet Time","Deadly Poison+1","Backflip"],"picked":"SKIP","floor":39.0},{"not_picked":["Bane+1","Slice+1","Quick Slash+1"],"picked":"SKIP","floor":41.0},{"not_picked":["Blade Dance","Backflip+1"],"picked":"Escape Plan+1","floor":42.0},{"not_picked":["Outmaneuver","Escape Plan","Catalyst+1"],"picked":"SKIP","floor":44.0},{"not_picked":["Slice+1","Phantasmal Killer","Underhanded Strike+1"],"picked":"SKIP","floor":47.0},{"not_picked":["Well Laid Plans+1","Dodge and Roll"],"picked":"Acrobatics+1","floor":48.0},{"not_picked":["Night Terror","Poisoned Stab+1","Acrobatics"],"picked":"SKIP","floor":54.0}],"player_experience":114563,"relics_obtained":[{"floor":8.0,"key":"CaptainsWheel"},{"floor":9.0,"key":"Frozen Egg 2"},{"floor":10.0,"key":"Vajra"},{"floor":21.0,"key":"Red Mask"},{"floor":24.0,"key":"Peace Pipe"},{"floor":26.0,"key":"Anchor"},{"floor":28.0,"key":"Old Coin"},{"floor":28.0,"key":"Matryoshka"},{"floor":30.0,"key":"Molten Egg 2"},{"floor":43.0,"key":"Juzu Bracelet"},{"floor":44.0,"key":"Bottled Lightning"},{"floor":47.0,"key":"Orichalcum"},{"floor":54.0,"key":"Oddly Smooth Stone"}],"event_choices":[{"cards_removed":["Strike_G"],"damage_healed":0.0,"max_hp_gain":0.0,"max_hp_loss":0.0,"gold_gain":0.0,"event_name":"Bonfire Elementals","player_choice":"Offered Basic","floor":2.0,"gold_loss":0.0,"damage_taken":0.0},{"cards_removed":["Strike_G"],"damage_healed":0.0,"max_hp_gain":0.0,"max_hp_loss":0.0,"gold_gain":0.0,"event_name":"The Cleric","player_choice":"Card Removal","floor":4.0,"gold_loss":50.0,"damage_taken":0.0},{"cards_removed":["Strike_G"],"damage_healed":0.0,"max_hp_gain":0.0,"max_hp_loss":0.0,"gold_gain":0.0,"event_name":"Back to Basics","player_choice":"Elegance","floor":19.0,"gold_loss":0.0,"damage_taken":0.0},{"damage_healed":0.0,"max_hp_gain":0.0,"max_hp_loss":0.0,"gold_gain":99.0,"event_name":"Nest","player_choice":"Stole From Cult","floor":20.0,"gold_loss":0.0,"damage_taken":0.0},{"damage_healed":0.0,"max_hp_gain":0.0,"max_hp_loss":0.0,"gold_gain":0.0,"event_name":"Masked Bandits","player_choice":"Fought Bandits","floor":21.0,"gold_loss":0.0,"damage_taken":0.0},{"damage_healed":0.0,"max_hp_gain":0.0,"max_hp_loss":0.0,"gold_gain":0.0,"event_name":"Colosseum","player_choice":"Fight","floor":28.0,"gold_loss":0.0,"damage_taken":0.0},{"damage_healed":0.0,"max_hp_gain":0.0,"max_hp_loss":0.0,"gold_gain":0.0,"event_name":"Colosseum","player_choice":"Fought Nobs","floor":28.0,"gold_loss":0.0,"damage_taken":0.0},{"cards_removed":["Defend_G"],"damage_healed":0.0,"max_hp_gain":0.0,"max_hp_loss":0.0,"gold_gain":0.0,"event_name":"Wheel of Change","player_choice":"Card Removal","floor":38.0,"gold_loss":0.0,"damage_taken":0.0}],"is_beta":false,"boss_relics":[{"not_picked":["SlaversCollar","Ectoplasm"],"picked":"Runic Pyramid"},{"not_picked":["Runic Dome","Busted Crown"],"picked":"Ring of the Serpent"}],"items_purged_floors":[5,36,36,45],"is_endless":false,"potions_floor_spawned":[1,3,11,14,18,21,28,28,33,37,42,48],"ascension_level":11}}