{"host":"7j2n82b2zha9fuyn","time":1613543955,"event":{"mods":["BaseMod","Block Reminder","Minty Spire (QoL Compilation)","StSLib"],"gold_per_floor":[110,110,138,150,174,186,198,210,222,244,256,300,322,367,379,465,477,501,530,136,152,152,152],"floor_reached":22,"language":"ENG","playtime":1879,"items_purged":["Strike_B"],"score":382,"play_id":"5b109784-16d1-4b36-b495-56aac369f36b","local_time":"20210216233915","is_ascension_mode":true,"campfire_choices":[{"data":"Ball Lightning","floor":6.0,"key":"SMITH"},{"floor":11.0,"key":"REST"},{"data":"Barrage","floor":15.0,"key":"SMITH"}],"circlet_count":0,"master_deck":["AscendersBane","Strike_B","Strike_B","Strike_B","Defend_B","Defend_B","Defend_B","Defend_B","Zap","Dualcast","Glacier","Ball Lightning+1","Barrage+1","Rainbow","White Noise","Hologram","Seek","Cold Snap","Capacitor","Conserve Battery"],"relics":["Cracked Core","Lizard Tail","MawBank","Art of War","Prayer Wheel","Du-Vu Doll","Philosopher\u0027s Stone","FossilizedHelix"],"acts_visited":["Exordium","TheCity"],"potions_floor_usage":[22],"damage_taken":[{"damage":16.0,"enemies":"Jaw Worm","floor":1.0,"turns":6.0},{"damage":1.0,"enemies":"Cultist","floor":3.0,"turns":3.0},{"damage":0.0,"enemies":"Small Slimes","floor":5.0,"turns":4.0},{"damage":38.0,"enemies":"Gremlin Gang","floor":10.0,"turns":5.0},{"damage":30.0,"enemies":"Lagavulin","floor":12.0,"turns":6.0},{"damage":4.0,"enemies":"3 Louse","floor":13.0,"turns":3.0},{"damage":13.0,"enemies":"3 Sentries","floor":14.0,"turns":6.0},{"damage":8.0,"enemies":"Hexaghost","floor":16.0,"turns":9.0},{"damage":9,"enemies":"Chosen","floor":18,"turns":4},{"damage":26,"enemies":"Shell Parasite","floor":19,"turns":4},{"damage":20,"enemies":"Snake Plant","floor":21,"turns":6},{"damage":18,"enemies":"Cultist and Chosen","floor":22,"turns":5}],"seed_played":"2410384961285894021","potions_obtained":[{"floor":1.0,"key":"FearPotion"},{"floor":10.0,"key":"Regen Potion"},{"floor":16.0,"key":"AttackPotion"},{"floor":18,"key":"EssenceOfSteel"}],"is_trial":false,"path_per_floor":["M","?","M","$","M","R","?","?","T","M","R","E","M","E","R","B",null,"M","M","$","M","M"],"character_chosen":"DEFECT","items_purchased":["FossilizedHelix"],"campfire_rested":1,"item_purchase_floors":[20],"current_hp_per_floor":[48,48,47,47,47,47,47,47,47,9,30,15,11,33,33,25,60,51,25,25,5,0,0],"gold":152,"neow_bonus":"ONE_RARE_RELIC","is_daily":false,"chose_seed":false,"campfire_upgraded":2,"win_rate":0.0,"timestamp":1613543955,"path_taken":["M","?","?","$","M","R","?","?","T","M","R","E","M","E","R","BOSS","M","M","$","M","?"],"items_purchased_type":["Relic"],"build_version":"2020-12-22","purchased_purges":1,"victory":false,"max_hp_per_floor":[71,71,71,71,71,71,71,71,71,71,71,71,71,71,71,71,71,71,71,71,71,71,71],"card_choices":[{"not_picked":["Recycle","Steam"],"picked":"Loop","floor":1.0},{"not_picked":["Leap","Turbo"],"picked":"Glacier","floor":3.0},{"not_picked":["Undo","Rebound"],"picked":"Ball Lightning","floor":5.0},{"not_picked":["Redo","Turbo"],"picked":"Barrage","floor":10.0},{"not_picked":["Stack","Reprogram"],"picked":"Rainbow","floor":12.0},{"not_picked":["Streamline","Hello World"],"picked":"White Noise","floor":13.0},{"not_picked":["Sunder","Storm","Auto Shields"],"picked":"SKIP","floor":13.0},{"not_picked":["Reinforced Body","Leap"],"picked":"Hologram","floor":14.0},{"not_picked":["Machine Learning","Creative AI"],"picked":"Seek","floor":16.0},{"not_picked":["Steam Power","Streamline"],"picked":"Cold Snap","floor":18},{"not_picked":["Double Energy","Redo","Turbo"],"picked":"SKIP","floor":18},{"not_picked":["Go for the Eyes+1","Compile Driver"],"picked":"Capacitor","floor":19},{"not_picked":["Steam+1","Barrage","Leap"],"picked":"SKIP","floor":19},{"not_picked":["Beam Cell","Scrape"],"picked":"Conserve Battery","floor":21},{"not_picked":["Chaos","Barrage","Rip and Tear+1"],"picked":"SKIP","floor":21}],"player_experience":2055849,"relics_obtained":[{"floor":9.0,"key":"Art of War"},{"floor":12.0,"key":"Prayer Wheel"},{"floor":14.0,"key":"Du-Vu Doll"}],"event_choices":[{"cards_removed":["Loop"],"damage_healed":0.0,"max_hp_gain":0.0,"max_hp_loss":0.0,"gold_gain":0.0,"event_name":"WeMeetAgain","player_choice":"Gave Card","floor":2.0,"gold_loss":0.0,"damage_taken":0.0,"relics_obtained":["MawBank"]},{"damage_healed":0.0,"max_hp_gain":0.0,"max_hp_loss":0.0,"gold_gain":0.0,"event_name":"Dead Adventurer","player_choice":"Searched \u00270\u0027 times","floor":7.0,"gold_loss":0.0,"damage_taken":0.0},{"cards_removed":["Doubt"],"damage_healed":0.0,"max_hp_gain":0.0,"max_hp_loss":0.0,"gold_gain":0.0,"event_name":"Wheel of Change","player_choice":"Card Removal","floor":8.0,"gold_loss":0.0,"damage_taken":0.0}],"is_beta":false,"boss_relics":[{"not_picked":["Fusion Hammer","Nuclear Battery"],"picked":"Philosopher\u0027s Stone"}],"items_purged_floors":[20],"is_endless":false,"potions_floor_spawned":[1,10,16,18],"killed_by":"Cultist and Chosen","ascension_level":19}}