{"host":"3a5itcmwo6ddh3id","time":1613591122,"event":{"mods":["BaseMod","Colored Map","Colored Powertips","Minty Spire (QoL Compilation)","Relic Stats"],"gold_per_floor":[113,132,150,162,162,192,192,227,254,269,269,286,319,334,334,411,411,423,438,438,172,189,189,189,189],"floor_reached":24,"language":"ENG","playtime":1310,"items_purged":[],"score":490,"play_id":"001b8680-2ba8-486d-8b83-aef41539ed5a","local_time":"20210217134522","is_ascension_mode":true,"campfire_choices":[{"floor":7,"key":"REST"},{"floor":11,"key":"REST"},{"data":"Defragment","floor":15,"key":"SMITH"},{"floor":23,"key":"REST"}],"circlet_count":0,"master_deck":["AscendersBane","Zap","Dualcast","Doom and Gloom","Genetic Algorithm","Go for the Eyes","Steam","Conserve Battery","Ball Lightning","Self Repair","Leap","Defragment+1","Compile Driver","Echo Form","Scrape","Fission","Doom and Gloom","Glacier","Creative AI","Genetic Algorithm","Cold Snap","Gash","Force Field","Double Energy","RitualDagger","Defragment","Gash","Panacea","Self Repair"],"relics":["Cracked Core","Anchor","Happy Flower","Blood Vial","Pen Nib","Oddly Smooth Stone","Pandora\u0027s Box","Membership Card"],"acts_visited":["Exordium","TheCity"],"potions_floor_usage":[6,8,10,13,22,24],"damage_taken":[{"damage":0,"enemies":"Small Slimes","floor":1,"turns":2},{"damage":1,"enemies":"Cultist","floor":2,"turns":4},{"damage":1,"enemies":"Jaw Worm","floor":3,"turns":4},{"damage":6,"enemies":"Exordium Thugs","floor":4,"turns":4},{"damage":45,"enemies":"Gremlin Nob","floor":6,"turns":5},{"damage":21,"enemies":"3 Sentries","floor":8,"turns":8},{"damage":0,"enemies":"Lots of Slimes","floor":10,"turns":1},{"damage":2,"enemies":"Exordium Wildlife","floor":12,"turns":5},{"damage":0,"enemies":"Gremlin Nob","floor":13,"turns":3},{"damage":0,"enemies":"Looter","floor":14,"turns":4},{"damage":26,"enemies":"Hexaghost","floor":16,"turns":9},{"damage":9,"enemies":"Shell Parasite","floor":18,"turns":7},{"damage":38,"enemies":"3 Byrds","floor":19,"turns":5},{"damage":23,"enemies":"Centurion and Healer","floor":22,"turns":7},{"damage":35,"enemies":"Gremlin Leader","floor":24,"turns":5}],"seed_played":"-7174445197078152556","potions_obtained":[{"floor":1,"key":"Strength Potion"},{"floor":4,"key":"SteroidPotion"},{"floor":6,"key":"BlessingOfTheForge"},{"floor":8,"key":"Fire Potion"},{"floor":12,"key":"FocusPotion"},{"floor":18,"key":"EssenceOfDarkness"}],"is_trial":false,"path_per_floor":["M","M","M","M","?","E","R","E","T","M","R","M","E","M","R","B",null,"M","M","?","$","M","R","E"],"character_chosen":"DEFECT","items_purchased":["Membership Card","Defragment","Gash","Panacea"],"campfire_rested":3,"item_purchase_floors":[21,21,21,21],"current_hp_per_floor":[64,63,62,56,46,1,22,1,1,3,24,31,40,49,49,32,61,68,32,26,26,12,33,0,0],"gold":189,"neow_bonus":"RANDOM_COMMON_RELIC","is_daily":false,"chose_seed":false,"campfire_upgraded":1,"win_rate":0.0,"timestamp":1613591122,"path_taken":["M","M","M","M","?","E","R","E","T","?","R","M","E","M","R","BOSS","M","M","?","$","M","R","E"],"items_purchased_type":["Relic","Card","Card","Card"],"build_version":"2020-12-22","purchased_purges":0,"victory":false,"max_hp_per_floor":[71,71,71,71,71,71,71,71,71,71,71,71,71,71,71,71,71,71,71,71,71,71,71,71,71],"relic_stats":{"Blood Vial":18,"Happy Flower":[18],"counters":[15,73],"Pandora\u0027s Box":["Scrape","Fission","Doom and Gloom","Glacier","Creative AI","Genetic Algorithm","Cold Snap","Gash"],"Pen Nib":[6],"obtain_stats":[{"Blood Vial":8,"Anchor":0,"Happy Flower":6,"Oddly Smooth Stone":13,"Pandora\u0027s Box":17,"Pen Nib":9,"Membership Card":21,"Cracked Core":0},{"Blood Vial":6,"Anchor":0,"Happy Flower":5,"Oddly Smooth Stone":9,"Pandora\u0027s Box":11,"Pen Nib":6,"Membership Card":13,"Cracked Core":0},{"Blood Vial":27,"Anchor":0,"Happy Flower":19,"Oddly Smooth Stone":36,"Pandora\u0027s Box":49,"Pen Nib":27,"Membership Card":61,"Cracked Core":0}]},"card_choices":[{"not_picked":["Barrage","Hologram"],"picked":"Doom and Gloom","floor":1},{"not_picked":["Redo","Stack"],"picked":"Genetic Algorithm","floor":2},{"not_picked":["Turbo","Gash"],"picked":"Go for the Eyes","floor":3},{"not_picked":["Fusion","Beam Cell"],"picked":"Steam","floor":4},{"not_picked":["Rebound","Leap"],"picked":"Conserve Battery","floor":6},{"not_picked":["Gash","Chaos"],"picked":"Ball Lightning","floor":8},{"not_picked":["Genetic Algorithm","Force Field"],"picked":"Self Repair","floor":10},{"not_picked":["Blizzard","Storm"],"picked":"Leap","floor":12},{"not_picked":["Melter","Genetic Algorithm"],"picked":"Defragment","floor":13},{"not_picked":["Rip and Tear","Double Energy"],"picked":"Compile Driver","floor":14},{"not_picked":["Amplify","All For One"],"picked":"Echo Form","floor":16},{"not_picked":["Streamline","White Noise"],"picked":"Force Field","floor":18},{"not_picked":["Melter+1","Beam Cell"],"picked":"Double Energy","floor":19},{"not_picked":["Conserve Battery","Steam"],"picked":"Self Repair","floor":22}],"player_experience":1134583,"relics_obtained":[{"floor":6,"key":"Happy Flower"},{"floor":8,"key":"Blood Vial"},{"floor":9,"key":"Pen Nib"},{"floor":13,"key":"Oddly Smooth Stone"}],"event_choices":[{"damage_healed":0,"gold_gain":0,"player_choice":"Damaged","damage_taken":10,"max_hp_gain":0,"max_hp_loss":0,"event_name":"Wheel of Change","floor":5,"gold_loss":0},{"damage_healed":0,"gold_gain":0,"player_choice":"Joined the Cult","damage_taken":6,"max_hp_gain":0,"max_hp_loss":0,"event_name":"Nest","floor":20,"gold_loss":0,"cards_obtained":["RitualDagger"]}],"is_beta":false,"boss_relics":[{"not_picked":["Coffee Dripper","Tiny House"],"picked":"Pandora\u0027s Box"}],"items_purged_floors":[],"is_endless":false,"potions_floor_spawned":[1,4,6,8,12,18],"killed_by":"Gremlin Leader","ascension_level":20}}