{"host":"ffqn1azj9urswy62","time":1613576233,"event":{"mods":["BaseMod","Better Third Choice","Conspire","Googly Eyes","Hubris","Minty Spire (QoL Compilation)","Replay The Spire","StSLib","Wandering Minibosses","slay the spire mod where everything is the same but ironclad has a cowboy hat"],"gold_per_floor":[109,109,134,134,152,177,177,177,177,177,177,27,44,44,44],"floor_reached":14,"language":"ENG","playtime":706,"items_purged":[],"score":149,"play_id":"ad98262d-ab86-41b9-9004-fd323786e0a3","local_time":"20210217103713","is_ascension_mode":true,"campfire_choices":[{"data":"hubris:DoWhile","floor":7,"key":"SMITH"},{"data":"Zap","floor":11,"key":"SMITH"}],"circlet_count":0,"master_deck":["conspire:GhostlyStrike","conspire:GhostlyStrike","conspire:GhostlyStrike","conspire:GhostlyStrike","conspire:GhostlyDefend","conspire:GhostlyDefend","conspire:GhostlyDefend","conspire:GhostlyDefend","Zap+1","Dualcast","ReplayTheSpireMod:Repulse","Coolheaded","Leap","hubris:DoWhile+1"],"relics":["Cracked Core","NeowsBlessing","Darkstone Periapt","hubris:ToyBattleship","ReplayTheSpireMod:Ninjato","WingedGreaves","Replay:Frozen Program"],"acts_visited":["Exordium"],"potions_floor_usage":[6],"damage_taken":[{"damage":0,"enemies":"2 Louse","floor":1,"turns":1},{"damage":0,"enemies":"conspire:MimicChest","floor":3,"turns":1},{"damage":0,"enemies":"Jaw Worm","floor":5,"turns":1},{"damage":27,"enemies":"Gremlin Nob","floor":6,"turns":4},{"damage":24,"enemies":"Small Slimes","floor":13,"turns":6},{"damage":28,"enemies":"3 Sentries","floor":14,"turns":6}],"seed_played":"8236165190855131440","potions_obtained":[{"floor":1,"key":"PowerPotion"},{"floor":6,"key":"Languid Potion"}],"is_trial":false,"path_per_floor":["M","?","?","?","M","E","R","?","T","T","R","$","M","E"],"character_chosen":"DEFECT","items_purchased":["Replay:Frozen Program"],"campfire_rested":0,"item_purchase_floors":[12],"current_hp_per_floor":[75,75,75,75,75,48,48,48,48,48,48,48,24,0,0],"gold":44,"neow_bonus":"THREE_ENEMY_KILL","is_daily":false,"chose_seed":false,"campfire_upgraded":2,"win_rate":0.0,"timestamp":1613576233,"path_taken":["M","?","?","?","M","E","R","?","T","?","R","$","M","E"],"items_purchased_type":["Relic"],"build_version":"2020-12-22","purchased_purges":0,"victory":false,"max_hp_per_floor":[75,75,75,75,75,75,75,75,75,75,75,75,75,75,75],"card_choices":[{"not_picked":["Stack","Compile Driver"],"picked":"ReplayTheSpireMod:Repulse","floor":1},{"not_picked":["Gash","ReplayTheSpireMod:GoodbyeWorld"],"picked":"Leap","floor":5},{"not_picked":["Genetic Algorithm","Double Energy"],"picked":"hubris:DoWhile","floor":6},{"not_picked":["Fusion","Streamline","Coolheaded"],"picked":"SKIP","floor":13}],"player_experience":685141,"relics_obtained":[{"floor":3,"key":"Darkstone Periapt"},{"floor":6,"key":"hubris:ToyBattleship"},{"floor":9,"key":"ReplayTheSpireMod:Ninjato"},{"floor":10,"key":"WingedGreaves"}],"event_choices":[{"damage_healed":0,"gold_gain":0,"player_choice":"Leave","damage_taken":0,"max_hp_gain":0,"max_hp_loss":0,"event_name":"conspire:Investor","floor":4,"gold_loss":0},{"damage_healed":0,"gold_gain":0,"player_choice":"Agree","damage_taken":0,"max_hp_gain":0,"max_hp_loss":0,"event_name":"conspire:LoneGhost","floor":8,"gold_loss":0}],"is_beta":false,"boss_relics":[],"items_purged_floors":[],"is_endless":false,"potions_floor_spawned":[1,6],"killed_by":"3 Sentries","ascension_level":3}}