{"host":"k7udt7atmcuzf6l0","time":1613565421,"event":{"mods":["AchievementEnabler","Act Like it!","BaseMod","BetterRewards","Colored Map","Colored Powertips","Highlight Path","Minty Spire (QoL Compilation)","Quick Restart","Rare Cards Sparkle","StSLib","UnlockEverythingMod"],"gold_per_floor":[118,118,134,153,165,165,192,192,246,263,263,279,296,10,10,105,105,116,116,132,132,149,176,188,188],"floor_reached":24,"language":"ZHS","playtime":890,"items_purged":[],"score":270,"play_id":"b43dfbae-8f51-40fa-99ec-a38df7431fa0","local_time":"20210217203701","is_ascension_mode":false,"campfire_choices":[{"data":"Body Slam","floor":6,"key":"SMITH"},{"data":"Clash","floor":8,"key":"SMITH"},{"data":"Flex","floor":15,"key":"SMITH"}],"circlet_count":0,"master_deck":["Strike_R+1","Strike_R+1","Strike_R+1","Strike_R+1","Strike_R+1","Defend_R+1","Defend_R+1","Defend_R+1","Defend_R+1","Bash+1","Carnage+1","Clash+1","Body Slam+1","Offering","Infernal Blade","Whirlwind","Flex+1","Jack Of All Trades","Double Tap","Sword Boomerang+1","Armaments","Seeing Red+1"],"relics":["Burning Blood","NeowsBlessing","Question Card","Strawberry","Whetstone","Black Star","MawBank","Bottled Flame"],"acts_visited":["Exordium","TheCity"],"potions_floor_usage":[16,18,20,22,23],"damage_taken":[{"damage":0,"enemies":"Cultist","floor":1,"turns":1},{"damage":0,"enemies":"2 Louse","floor":3,"turns":1},{"damage":0,"enemies":"Small Slimes","floor":4,"turns":1},{"damage":5,"enemies":"2 Fungi Beasts","floor":5,"turns":3},{"damage":11,"enemies":"Gremlin Nob","floor":7,"turns":3},{"damage":6,"enemies":"Exordium Wildlife","floor":10,"turns":2},{"damage":5,"enemies":"Looter","floor":12,"turns":2},{"damage":8,"enemies":"2 Fungi Beasts","floor":13,"turns":3},{"damage":8,"enemies":"Slime Boss","floor":16,"turns":4},{"damage":12,"enemies":"Shell Parasite","floor":18,"turns":1},{"damage":6,"enemies":"Spheric Guardian","floor":20,"turns":2},{"damage":16,"enemies":"Centurion and Healer","floor":22,"turns":4},{"damage":42,"enemies":"Slavers","floor":23,"turns":5},{"damage":56,"enemies":"Cultist and Chosen","floor":24,"turns":4}],"seed_played":"-3249804726296431294","potions_obtained":[{"floor":3,"key":"SkillPotion"},{"floor":5,"key":"Explosive Potion"},{"floor":10,"key":"Ancient Potion"},{"floor":12,"key":"Fire Potion"},{"floor":20,"key":"HeartOfIron"},{"floor":22,"key":"LiquidBronze"},{"floor":23,"key":"CultistPotion"}],"is_trial":false,"path_per_floor":["M","?","M","M","M","R","E","R","T","M","?","M","M","$","R","B",null,"M","?","M","?","M","E","M"],"character_chosen":"IRONCLAD","items_purchased":["Whetstone","Flex","Jack Of All Trades"],"campfire_rested":0,"item_purchase_floors":[14,14,14],"current_hp_per_floor":[80,80,80,80,80,80,75,75,82,82,82,83,81,81,81,79,87,81,81,81,81,71,35,0,0],"gold":188,"neow_bonus":"THREE_ENEMY_KILL","is_daily":false,"chose_seed":false,"campfire_upgraded":3,"win_rate":0.0,"timestamp":1613565421,"path_taken":["M","?","M","M","M","R","E","R","T","M","?","?","M","$","R","BOSS","M","?","M","?","M","E","M"],"items_purchased_type":["Relic","Card","Card"],"build_version":"2020-12-22","purchased_purges":0,"victory":false,"max_hp_per_floor":[80,80,80,80,80,80,80,80,87,87,87,87,87,87,87,87,87,87,87,87,87,87,87,87,87],"card_choices":[{"not_picked":["Headbutt","Entrench"],"picked":"Carnage","floor":1},{"not_picked":["Body Slam","Battle Trance"],"picked":"Clash","floor":3},{"not_picked":["Power Through","Reckless Charge","Evolve"],"picked":"SKIP","floor":4},{"not_picked":["Sever Soul","Perfected Strike"],"picked":"Body Slam","floor":5},{"not_picked":["Seeing Red","Twin Strike"],"picked":"Offering","floor":7},{"not_picked":["Havoc","Cleave","Warcry"],"picked":"Infernal Blade","floor":10},{"not_picked":["Seeing Red","Shrug It Off","Warcry"],"picked":"Whirlwind","floor":12},{"not_picked":["Body Slam","Infernal Blade","Heavy Blade","Battle Trance"],"picked":"SKIP","floor":13},{"not_picked":["Immolate","Juggernaut","Brutality"],"picked":"Double Tap","floor":16},{"not_picked":["Dual Wield+1","Thunderclap","Armaments"],"picked":"Sword Boomerang+1","floor":18},{"not_picked":["Rampage","True Grit","Perfected Strike","Cleave"],"picked":"SKIP","floor":20},{"not_picked":["Warcry","True Grit","Clash"],"picked":"Armaments","floor":22},{"not_picked":["Metallicize","Warcry","Twin Strike"],"picked":"Seeing Red+1","floor":23}],"player_experience":135808,"relics_obtained":[{"floor":7,"key":"Question Card"},{"floor":9,"key":"Strawberry"},{"floor":23,"key":"MawBank"},{"floor":23,"key":"Bottled Flame"}],"event_choices":[{"damage_healed":0,"gold_gain":0,"player_choice":"Grow","damage_taken":0,"max_hp_gain":0,"max_hp_loss":0,"event_name":"Living Wall","floor":2,"gold_loss":0,"cards_upgraded":["Carnage"]},{"damage_healed":0,"gold_gain":0,"player_choice":"Bought 0 Potions","damage_taken":0,"max_hp_gain":0,"max_hp_loss":0,"event_name":"The Woman in Blue","floor":11,"gold_loss":0},{"damage_healed":0,"gold_gain":0,"player_choice":"Ignored","damage_taken":0,"max_hp_gain":0,"max_hp_loss":0,"event_name":"Vampires","floor":19,"gold_loss":0},{"damage_healed":0,"gold_gain":0,"player_choice":"Simplicity","damage_taken":0,"max_hp_gain":0,"max_hp_loss":0,"event_name":"Back to Basics","floor":21,"gold_loss":0,"cards_upgraded":["Strike_R","Strike_R","Strike_R","Strike_R","Defend_R","Defend_R","Defend_R","Defend_R"]}],"is_beta":false,"boss_relics":[{"not_picked":["Busted Crown","Fusion Hammer"],"picked":"Black Star"}],"items_purged_floors":[],"is_endless":false,"potions_floor_spawned":[3,5,10,12,20,22,23],"killed_by":"Cultist and Chosen","ascension_level":0}}