{"host":"d52brwsy6af8zvaq","time":1613597364,"event":{"mods":["AchievementEnabler","BaseMod","Bestiary","Highlight Path","Minty Spire (QoL Compilation)","Quick Restart","Relic Stats","ojb\u0027s Better Paths Mod"],"gold_per_floor":[109,157,176,50,60,93,93,118,145,171,186,186,186],"floor_reached":12,"language":"ENG","playtime":422,"items_purged":["Strike_B"],"score":196,"play_id":"442dc3df-61ba-40f4-b5ab-fcfd6e676be6","local_time":"20210217142924","is_ascension_mode":true,"campfire_choices":[{"floor":7.0,"key":"REST"}],"circlet_count":0,"master_deck":["AscendersBane","Strike_B+1","Strike_B+1","Strike_B","Defend_B","Defend_B","Defend_B","Defend_B","Zap","Dualcast","Finesse","Coolheaded","Rebound","Streamline","Ball Lightning","Self Repair","Glacier","Coolheaded","Stack"],"relics":["Cracked Core","Whetstone","Orichalcum","Omamori","Regal Pillow","Mango"],"acts_visited":[],"potions_floor_usage":[12],"damage_taken":[{"damage":0.0,"enemies":"Cultist","floor":1.0,"turns":3.0},{"damage":9.0,"enemies":"2 Louse","floor":3.0,"turns":2.0},{"damage":2.0,"enemies":"Jaw Worm","floor":5.0,"turns":3.0},{"damage":33.0,"enemies":"Lagavulin","floor":6.0,"turns":8.0},{"damage":28.0,"enemies":"Gremlin Nob","floor":8.0,"turns":4.0},{"damage":9.0,"enemies":"3 Sentries","floor":10.0,"turns":11.0},{"damage":6.0,"enemies":"Lots of Slimes","floor":11.0,"turns":4.0},{"damage":36,"enemies":"Gremlin Nob","floor":12,"turns":4}],"seed_played":"-3367186486178994880","potions_obtained":[{"floor":5.0,"key":"EssenceOfSteel"},{"floor":11.0,"key":"Swift Potion"}],"is_trial":false,"path_per_floor":["M","T","M","$","M","E","R","E","T","E","M","E"],"character_chosen":"DEFECT","items_purchased":["Streamline"],"campfire_rested":1,"item_purchase_floors":[4],"current_hp_per_floor":[64,64,55,55,53,20,41,20,20,32,33,0,0],"gold":186,"neow_bonus":"RANDOM_COLORLESS","is_daily":false,"chose_seed":false,"campfire_upgraded":0,"win_rate":0.0,"timestamp":1613597364,"path_taken":["M","?","M","$","M","E","R","E","T","E","M","E"],"items_purchased_type":["Card"],"build_version":"2020-12-22","purchased_purges":1,"victory":false,"max_hp_per_floor":[71,71,71,71,71,71,71,71,71,85,85,85,85],"relic_stats":{"Regal Pillow":0,"counters":[8,39],"Whetstone":["Strike_B","Strike_B"],"Orichalcum":[84],"obtain_stats":[{"Regal Pillow":9,"Mango":10,"Omamori":8,"Whetstone":2,"Orichalcum":6,"Cracked Core":0},{"Regal Pillow":5,"Mango":6,"Omamori":5,"Whetstone":1,"Orichalcum":4,"Cracked Core":0},{"Regal Pillow":20,"Mango":31,"Omamori":20,"Whetstone":3,"Orichalcum":16,"Cracked Core":0}]},"card_choices":[{"not_picked":["Discovery","Jack Of All Trades"],"picked":"Finesse","floor":0.0},{"not_picked":["FTL","Aggregate"],"picked":"Coolheaded","floor":1.0},{"not_picked":["Turbo","Hologram"],"picked":"Rebound","floor":3.0},{"not_picked":["Coolheaded","Reboot"],"picked":"Ball Lightning","floor":5.0},{"not_picked":["Genetic Algorithm","Cold Snap"],"picked":"Self Repair","floor":6.0},{"not_picked":["Leap","Fusion"],"picked":"Glacier","floor":8.0},{"not_picked":["Darkness","Aggregate"],"picked":"Coolheaded","floor":10.0},{"not_picked":["Skim","Reprogram"],"picked":"Stack","floor":11.0}],"player_experience":2294396,"relics_obtained":[{"floor":2.0,"key":"Whetstone"},{"floor":6.0,"key":"Orichalcum"},{"floor":8.0,"key":"Omamori"},{"floor":9.0,"key":"Regal Pillow"},{"floor":10.0,"key":"Mango"}],"event_choices":[],"is_beta":false,"boss_relics":[],"items_purged_floors":[4],"is_endless":false,"potions_floor_spawned":[5,11],"killed_by":"Gremlin Nob","ascension_level":20}}