{"host":"y24pqu7jih1n8m3t","time":1613543942,"event":{"mods":["AchievementEnabler","BaseMod","Bestiary","Block Reminder","Colored Map","Colored Powertips","DeckTracker","Highlight Path","Minty Spire (QoL Compilation)","Permanent Neow","Quick Restart","Rare Cards Sparkle","Relic Stats"],"gold_per_floor":[112,127,38,56,73,105,105,105,105],"floor_reached":8,"language":"ENG","playtime":487,"items_purged":[],"score":67,"play_id":"b515c14e-fcea-4289-a8d5-6d227c44e785","local_time":"20210217013902","is_ascension_mode":true,"campfire_choices":[{"data":"Armaments","floor":7,"key":"SMITH"}],"circlet_count":0,"master_deck":["Bash","Body Slam","Dropkick","Iron Wave","Perfected Strike","Headbutt","Thunderclap","Sever Soul","Reaper","Shockwave","Iron Wave","Cleave","Uppercut","Armaments+1","Dual Wield","Pummel","Shockwave"],"relics":["Pandora\u0027s Box","InkBottle"],"acts_visited":["Exordium"],"potions_floor_usage":[],"damage_taken":[{"damage":0,"enemies":"Small Slimes","floor":1,"turns":3},{"damage":2,"enemies":"2 Louse","floor":2,"turns":2},{"damage":4,"enemies":"Jaw Worm","floor":4,"turns":3},{"damage":16,"enemies":"Exordium Wildlife","floor":5,"turns":5},{"damage":26,"enemies":"3 Sentries","floor":6,"turns":5},{"damage":18,"enemies":"Lagavulin","floor":8,"turns":5}],"seed_played":"1461515381444803116","potions_obtained":[{"floor":2,"key":"DuplicationPotion"},{"floor":4,"key":"CultistPotion"},{"floor":6,"key":"GamblersBrew"}],"is_trial":false,"path_per_floor":["M","M","$","M","M","E","R","E"],"character_chosen":"IRONCLAD","items_purchased":["Uppercut","Armaments"],"campfire_rested":0,"item_purchase_floors":[3,3],"current_hp_per_floor":[80,78,78,74,59,51,51,33,33],"gold":105,"neow_bonus":"BOSS_RELIC","is_daily":false,"chose_seed":false,"campfire_upgraded":1,"win_rate":0.0,"timestamp":1613543942,"path_taken":["M","M","$","M","M","E","R","E"],"items_purchased_type":["Card","Card"],"build_version":"2020-12-22","purchased_purges":0,"victory":false,"max_hp_per_floor":[80,80,80,80,80,80,80,80,80],"relic_stats":{"counters":[6,23],"Pandora\u0027s Box":["Body Slam","Dropkick","Iron Wave","Perfected Strike","Headbutt","Thunderclap","Sever Soul","Reaper","Shockwave"],"obtain_stats":[{"Pandora\u0027s Box":0,"Burning Blood":0,"InkBottle":6},{"Pandora\u0027s Box":0,"Burning Blood":0,"InkBottle":5},{"Pandora\u0027s Box":0,"Burning Blood":0,"InkBottle":18}],"InkBottle":[1]},"card_choices":[{"not_picked":["True Grit","Inflame"],"picked":"Iron Wave","floor":1},{"not_picked":["Headbutt","Sword Boomerang"],"picked":"Cleave","floor":2},{"not_picked":["True Grit","Thunderclap"],"picked":"Dual Wield","floor":4},{"not_picked":["Iron Wave","Body Slam"],"picked":"Pummel","floor":5},{"not_picked":["Anger","Thunderclap"],"picked":"Shockwave","floor":6}],"player_experience":215191,"relics_obtained":[{"floor":6,"key":"InkBottle"}],"event_choices":[],"is_beta":false,"boss_relics":[],"items_purged_floors":[],"is_endless":false,"potions_floor_spawned":[2,4,6],"killed_by":"Lagavulin","ascension_level":3}}