{"host":"n43wxkei7kulhi8o","time":1613533911,"event":{"mods":["BaseMod","Bestiary","Block Reminder","Colored Map","Colored Powertips","Curses Come First","Custom Start","Dark Map","Highlight Path","Minty Spire (QoL Compilation)","Relic Stats","StSLib"],"gold_per_floor":[368,543,176,251,251,251,280,300,300,317,334,348,6,36,36,140,140,150,4,4,15,15,15,28,43,67,67,67,28,51,64,64,159,159,174,193,6,25,25,44,78,26,101,25,25,25,25,25,25,25],"floor_reached":51,"language":"ENG","playtime":2587,"items_purged":["Doubt"],"score":833,"play_id":"bfbf7013-6d78-4a7d-88e6-7da2aa749bfd","local_time":"20210216225151","is_ascension_mode":false,"campfire_choices":[{"data":"Shrug It Off","floor":6,"key":"SMITH"},{"data":"Uppercut","floor":15,"key":"SMITH"},{"floor":23,"key":"REST"},{"floor":28,"key":"RECALL"},{"floor":32,"key":"REST"},{"floor":45,"key":"REST"},{"floor":47,"key":"REST"},{"floor":49,"key":"REST"}],"circlet_count":0,"master_deck":["Strike_R","Strike_R","Strike_R","Strike_R","Defend_R","Defend_R","Defend_R","Defend_R","Bash+1","Shrug It Off+1","Heavy Blade","Uppercut+1","Disarm","Cleave","Fiend Fire","Exhume","Headbutt","RitualDagger","Armaments","Carnage","Seeing Red+1","Impervious","Feel No Pain+1","Rage+1","Master of Strategy","Intimidate+1","Spot Weakness","Havoc","Parasite","Dark Embrace"],"relics":["Burning Blood","Sundial","Orichalcum","Eternal Feather","Oddly Smooth Stone","ClockworkSouvenir","Charon\u0027s Ashes","Fusion Hammer","Nunchaku","Nilry\u0027s Codex","Anchor","Art of War","Cursed Key","Pear","Blue Candle"],"acts_visited":["Exordium","TheCity","TheBeyond"],"potions_floor_usage":[16,18,50,50,50],"damage_taken":[{"damage":10,"enemies":"Jaw Worm","floor":1,"turns":5},{"damage":27,"enemies":"Gremlin Nob","floor":7,"turns":4},{"damage":2,"enemies":"2 Louse","floor":8,"turns":3},{"damage":0,"enemies":"Small Slimes","floor":10,"turns":3},{"damage":4,"enemies":"Blue Slaver","floor":11,"turns":5},{"damage":0,"enemies":"Exordium Thugs","floor":12,"turns":5},{"damage":20,"enemies":"Lagavulin","floor":14,"turns":7},{"damage":19,"enemies":"Slime Boss","floor":16,"turns":9},{"damage":28,"enemies":"2 Thieves","floor":18,"turns":4},{"damage":4,"enemies":"Spheric Guardian","floor":21,"turns":3},{"damage":3,"enemies":"3 Cultists","floor":24,"turns":5},{"damage":9,"enemies":"Snake Plant","floor":25,"turns":3},{"damage":14,"enemies":"Sentry and Sphere","floor":31,"turns":4},{"damage":26,"enemies":"Champ","floor":33,"turns":11},{"damage":12,"enemies":"Orb Walker","floor":35,"turns":4},{"damage":6,"enemies":"3 Shapes","floor":36,"turns":5},{"damage":10,"enemies":"Maw","floor":38,"turns":8},{"damage":15,"enemies":"Spire Growth","floor":40,"turns":6},{"damage":9,"enemies":"Reptomancer","floor":41,"turns":6},{"damage":68,"enemies":"Awakened One","floor":50,"turns":12}],"seed_played":"-258521065305356706","potions_obtained":[{"floor":1,"key":"Weak Potion"},{"floor":10,"key":"Swift Potion"},{"floor":24,"key":"Dexterity Potion"},{"floor":25,"key":"SteroidPotion"}],"is_trial":false,"path_per_floor":["M","?","$","?","?","R","E","M","T","M","M","M","$","E","R","B",null,"M","$","?","M","?","R","M","M","T","$","R","$","T","M","R","B",null,"M","M","$","M","?","M","E","$","T","$","R","$","R","$","R","B",null],"character_chosen":"IRONCLAD","items_purchased":["Sundial","Strength Potion","Cleave","Oddly Smooth Stone","ClockworkSouvenir","Nunchaku","Carnage","Master of Strategy","Havoc","Dark Embrace"],"campfire_rested":5,"item_purchase_floors":[3,3,13,13,13,19,29,37,42,44],"current_hp_per_floor":[68,68,68,57,57,57,36,40,40,46,48,54,54,40,49,36,72,50,50,44,46,30,60,63,60,60,60,72,72,72,64,72,52,72,66,66,66,62,62,53,60,60,60,60,82,82,82,82,82,20],"gold":25,"neow_bonus":"TWO_FIFTY_GOLD","is_daily":false,"chose_seed":false,"campfire_upgraded":2,"win_rate":0.0,"timestamp":1613533911,"path_taken":["M","?","$","?","?","R","E","M","T","M","M","M","$","E","R","BOSS","M","$","?","M","?","R","M","M","T","$","R","?","?","?","R","BOSS","M","M","$","M","?","M","E","?","T","?","R","$","R","?","R","BOSS"],"items_purchased_type":["Relic","Potion","Card","Relic","Relic","Relic","Card","Card","Card","Card"],"build_version":"2020-12-22","purchased_purges":1,"victory":true,"max_hp_per_floor":[72,72,72,72,72,72,72,72,72,72,72,72,72,72,72,72,72,72,72,72,72,72,72,72,72,72,72,72,72,72,72,72,72,72,72,72,72,72,72,72,82,82,82,82,82,82,82,82,82,82],"relic_stats":{"Nunchaku":[11],"counters":[20,112],"Sundial":[20],"Blue Candle":[1],"Eternal Feather":56,"Charon\u0027s Ashes":[472],"Art of War":[5],"Orichalcum":[156],"Cursed Key":1,"obtain_stats":[{"Pear":41,"Nilry\u0027s Codex":22,"Blue Candle":43,"Oddly Smooth Stone":13,"Eternal Feather":9,"Charon\u0027s Ashes":14,"Orichalcum":7,"Cursed Key":34,"Burning Blood":0,"ClockworkSouvenir":13,"Nunchaku":19,"Anchor":26,"Sundial":3,"Fusion Hammer":17,"Art of War":30},{"Pear":19,"Nilry\u0027s Codex":10,"Blue Candle":19,"Oddly Smooth Stone":6,"Eternal Feather":3,"Charon\u0027s Ashes":7,"Orichalcum":2,"Cursed Key":14,"Burning Blood":0,"ClockworkSouvenir":6,"Nunchaku":9,"Anchor":12,"Sundial":1,"Fusion Hammer":8,"Art of War":12},{"Pear":100,"Nilry\u0027s Codex":48,"Blue Candle":100,"Oddly Smooth Stone":25,"Eternal Feather":12,"Charon\u0027s Ashes":32,"Orichalcum":9,"Cursed Key":71,"Burning Blood":0,"ClockworkSouvenir":25,"Nunchaku":45,"Anchor":56,"Sundial":5,"Fusion Hammer":41,"Art of War":56}],"Burning Blood":120},"card_choices":[{"not_picked":["Anger","Wild Strike"],"picked":"Shrug It Off","floor":1},{"not_picked":["Entrench","Evolve"],"picked":"Heavy Blade","floor":7},{"not_picked":["Shrug It Off","Evolve","Sentinel"],"picked":"SKIP","floor":8},{"not_picked":["True Grit","Sword Boomerang"],"picked":"Uppercut","floor":10},{"not_picked":["Flame Barrier","Anger"],"picked":"Disarm","floor":11},{"not_picked":["Intimidate","Second Wind","Dark Embrace"],"picked":"SKIP","floor":12},{"not_picked":["Dark Embrace","Whirlwind"],"picked":"Fiend Fire","floor":14},{"not_picked":["Brutality","Offering"],"picked":"Exhume","floor":16},{"not_picked":["Heavy Blade","Rage"],"picked":"Headbutt","floor":18},{"not_picked":["Cleave+1","Body Slam","Rage"],"picked":"SKIP","floor":21},{"not_picked":["Pummel","Dropkick+1"],"picked":"Armaments","floor":24},{"not_picked":["Power Through","Anger","True Grit"],"picked":"SKIP","floor":25},{"not_picked":["Body Slam","Power Through"],"picked":"Seeing Red+1","floor":31},{"not_picked":["Fiend Fire","Double Tap"],"picked":"Impervious","floor":33},{"not_picked":["Clash","Power Through+1"],"picked":"Feel No Pain+1","floor":35},{"not_picked":["Armaments","Uppercut+1"],"picked":"Rage+1","floor":36},{"not_picked":["Second Wind","Wild Strike+1"],"picked":"Intimidate+1","floor":38},{"not_picked":["Clothesline","Wild Strike","Clash"],"picked":"SKIP","floor":40},{"not_picked":["Exhume","Whirlwind"],"picked":"Spot Weakness","floor":41}],"player_experience":698217,"relics_obtained":[{"floor":7,"key":"Orichalcum"},{"floor":9,"key":"Eternal Feather"},{"floor":14,"key":"Charon\u0027s Ashes"},{"floor":22,"key":"Nilry\u0027s Codex"},{"floor":26,"key":"Anchor"},{"floor":30,"key":"Art of War"},{"floor":41,"key":"Pear"},{"floor":43,"key":"Blue Candle"}],"event_choices":[{"damage_healed":0,"gold_gain":175,"player_choice":"AGREE","damage_taken":0,"max_hp_gain":0,"max_hp_loss":0,"event_name":"Liars Game","floor":2,"gold_loss":0,"cards_obtained":["Doubt"]},{"damage_healed":0,"gold_gain":75,"player_choice":"Gather Gold","damage_taken":11,"max_hp_gain":0,"max_hp_loss":0,"event_name":"World of Goop","floor":4,"gold_loss":0},{"damage_healed":0,"gold_gain":0,"player_choice":"Grow","damage_taken":0,"max_hp_gain":0,"max_hp_loss":0,"event_name":"Living Wall","floor":5,"gold_loss":0,"cards_upgraded":["Bash"]},{"damage_healed":0,"gold_gain":0,"player_choice":"Joined the Cult","damage_taken":6,"max_hp_gain":0,"max_hp_loss":0,"event_name":"Nest","floor":20,"gold_loss":0,"cards_obtained":["RitualDagger"]},{"damage_healed":0,"gold_gain":0,"player_choice":"Obtained Book","damage_taken":16,"max_hp_gain":0,"max_hp_loss":0,"event_name":"Cursed Tome","floor":22,"gold_loss":0},{"cards_removed":["Strike_R"],"damage_healed":0,"gold_gain":0,"player_choice":"Purged","damage_taken":0,"max_hp_gain":0,"max_hp_loss":0,"event_name":"Purifier","floor":39,"gold_loss":0}],"is_beta":false,"boss_relics":[{"not_picked":["Astrolabe","Tiny House"],"picked":"Fusion Hammer"},{"not_picked":["Coffee Dripper","Runic Dome"],"picked":"Cursed Key"}],"items_purged_floors":[3],"is_endless":false,"potions_floor_spawned":[1,10,11,12,24,25,33,36,38,40],"ascension_level":0}}