{"host":"c44ey07ufggfw2m8","time":1613564247,"event":{"mods":["2.2 Compatiblity","BaseMod","Colored Map","DeckTracker","Hermit","Highlight Path","Keyboard Shortcuts","Minty Spire (QoL Compilation)","Permanent Neow","Quick Restart","StSLib","SuperFastMode","The Cursed","UnlockEverythingMod"],"gold_per_floor":[114,131,131,146,159,192,64,64,142,40,40,76,151,175,175,175,175],"floor_reached":16,"language":"KOR","playtime":541,"items_purged":["TheCursedMod:Strike_TheCursed"],"score":110,"play_id":"425176c0-b87e-45cf-9de6-de5369b03493","local_time":"20210217211727","is_ascension_mode":false,"campfire_choices":[{"data":"TheCursedMod:CleanUpWorkshop","floor":8,"key":"SMITH"},{"data":"TheCursedMod:SpitefulPlan","floor":11,"key":"SMITH"},{"floor":15,"key":"REST"}],"circlet_count":0,"master_deck":["TheCursedMod:Strike_TheCursed","TheCursedMod:Strike_TheCursed","TheCursedMod:Strike_TheCursed","TheCursedMod:Defend_TheCursed","TheCursedMod:Defend_TheCursed","TheCursedMod:Defend_TheCursed","TheCursedMod:Defend_TheCursed","TheCursedMod:CursedWand","TheCursedMod:CleanUpWorkshop+1","TheCursedMod:Dregs","TheCursedMod:ShockAndAwe","TheCursedMod:SoulCrush","TheCursedMod:FleshFromBone","TheCursedMod:SurpriseAttack","TheCursedMod:ParallelWorld","TheCursedMod:SpitefulStrike","TheCursedMod:Obscuration","TheCursedMod:SpitefulPlan+1","TheCursedMod:CollectTribute","TheCursedMod:Obscuration"],"relics":["TheCursedMod:BlackMagic101","Golden Idol","Calipers","The Courier","Bag of Marbles","Tiny Chest"],"acts_visited":["Exordium"],"potions_floor_usage":[12,16],"damage_taken":[{"damage":0,"enemies":"Small Slimes","floor":1,"turns":2},{"damage":0,"enemies":"2 Louse","floor":2,"turns":2},{"damage":6,"enemies":"Jaw Worm","floor":4,"turns":3},{"damage":7,"enemies":"Exordium Wildlife","floor":5,"turns":5},{"damage":25,"enemies":"3 Sentries","floor":6,"turns":7},{"damage":6,"enemies":"Gremlin Nob","floor":12,"turns":3},{"damage":1,"enemies":"Gremlin Nob","floor":13,"turns":3},{"damage":6,"enemies":"Exordium Thugs","floor":14,"turns":3},{"damage":24,"enemies":"The Guardian","floor":16,"turns":13}],"seed_played":"787139866782059619","potions_obtained":[{"floor":6,"key":"DuplicationPotion"},{"floor":12,"key":"FearPotion"},{"floor":14,"key":"Explosive Potion"}],"is_trial":false,"path_per_floor":["M","M","?","M","M","E","$","R","T","$","R","E","?","M","R","B"],"character_chosen":"THE_CURSED","items_purchased":["TheCursedMod:SpitefulStrike","TheCursedMod:Obscuration","TheCursedMod:SpitefulPlan"],"campfire_rested":1,"item_purchase_floors":[7,10,10],"current_hp_per_floor":[75,75,57,51,44,19,19,19,19,19,19,13,12,6,28,4,4],"gold":175,"neow_bonus":"ONE_RANDOM_RARE_CARD","is_daily":false,"chose_seed":false,"campfire_upgraded":2,"win_rate":0.0,"timestamp":1613564247,"path_taken":["M","M","?","M","M","E","$","R","T","$","R","E","?","M","R","BOSS"],"items_purchased_type":["Card","Card","Card"],"build_version":"2020-12-22","purchased_purges":1,"victory":false,"max_hp_per_floor":[75,75,75,75,75,75,75,75,75,75,75,75,75,75,75,75,75],"card_choices":[{"not_picked":["TheCursedMod:TacticalStrike","TheCursedMod:EmpowerCircles"],"picked":"TheCursedMod:SoulCrush","floor":1},{"not_picked":["TheCursedMod:Stigma","TheCursedMod:SoulCrush"],"picked":"TheCursedMod:FleshFromBone","floor":2},{"not_picked":["TheCursedMod:Stigma","TheCursedMod:CircleOfFocus","TheCursedMod:CircleOfFlame"],"picked":"SKIP","floor":4},{"not_picked":["TheCursedMod:Stigma","TheCursedMod:Stretching"],"picked":"TheCursedMod:SurpriseAttack","floor":5},{"not_picked":["TheCursedMod:CursedMace","TheCursedMod:CircleOfFlame"],"picked":"TheCursedMod:ParallelWorld","floor":6},{"not_picked":["TheCursedMod:SpitefulPlan","TheCursedMod:ManaBullet"],"picked":"TheCursedMod:CollectTribute","floor":12},{"not_picked":["TheCursedMod:CircleOfFlame","TheCursedMod:SoulCrush"],"picked":"TheCursedMod:Obscuration","floor":14}],"player_experience":137788,"relics_obtained":[{"floor":6,"key":"Calipers"},{"floor":9,"key":"The Courier"},{"floor":12,"key":"Bag of Marbles"}],"event_choices":[{"damage_healed":0,"gold_gain":0,"player_choice":"Take Damage","damage_taken":18,"relics_obtained":["Golden Idol"],"max_hp_gain":0,"max_hp_loss":0,"event_name":"Golden Idol","floor":3,"gold_loss":0},{"damage_healed":0,"gold_gain":0,"player_choice":"Searched \u00272\u0027 times","damage_taken":0,"relics_obtained":["Tiny Chest"],"max_hp_gain":0,"max_hp_loss":0,"event_name":"Dead Adventurer","floor":13,"gold_loss":0}],"is_beta":false,"boss_relics":[],"items_purged_floors":[7],"is_endless":false,"potions_floor_spawned":[6,12,14],"killed_by":"The Guardian","ascension_level":0}}