{"host":"d52brwsy6af8zvaq","time":1613537201,"event":{"mods":["AchievementEnabler","BaseMod","Bestiary","Highlight Path","Minty Spire (QoL Compilation)","Quick Restart","Relic Stats","ojb\u0027s Better Paths Mod"],"gold_per_floor":[115,115,265,340,150,150,182,182,182,93,124,124,140,81,81,81,81],"floor_reached":16,"language":"ENG","playtime":372,"items_purged":["Doubt"],"score":258,"play_id":"ecc215ef-b906-4c5b-a686-6e23ff73e252","local_time":"20210216214641","is_ascension_mode":true,"campfire_choices":[{"data":"Zap","floor":6.0,"key":"SMITH"},{"data":"Buffer","floor":8.0,"key":"SMITH"},{"data":"Stack","floor":12,"key":"SMITH"},{"data":"Consume","floor":15,"key":"SMITH"}],"circlet_count":0,"master_deck":["AscendersBane","Strike_B","Strike_B","Strike_B","Strike_B","Defend_B","Defend_B","Defend_B","Defend_B","Zap+1","Dualcast","Ball Lightning","Coolheaded","Lockon","Buffer+1","Static Discharge","Stack+1","Consume+1","Cold Snap"],"relics":["Cracked Core","CaptainsWheel","White Beast Statue","Pear","Gremlin Horn"],"acts_visited":["Exordium"],"potions_floor_usage":[16,16],"damage_taken":[{"damage":4.0,"enemies":"Small Slimes","floor":1.0,"turns":3.0},{"damage":21.0,"enemies":"Gremlin Nob","floor":7.0,"turns":4.0},{"damage":0,"enemies":"Lagavulin","floor":11,"turns":7},{"damage":3,"enemies":"2 Louse","floor":13,"turns":2},{"damage":38,"enemies":"Hexaghost","floor":16,"turns":11}],"seed_played":"7613956513795240394","potions_obtained":[{"floor":11,"key":"ColorlessPotion"},{"floor":13,"key":"Swift Potion"}],"is_trial":false,"path_per_floor":["M","?","?","?","$","R","E","R","T","$","E","R","M","$","R","B"],"character_chosen":"DEFECT","items_purchased":["Coolheaded","Lockon","Static Discharge","Cold Snap"],"campfire_rested":0,"item_purchase_floors":[5,5,10,14],"current_hp_per_floor":[67,62,62,51,51,51,30,30,40,40,40,40,37,37,37,0,0],"gold":81,"neow_bonus":"TEN_PERCENT_HP_BONUS","is_daily":false,"chose_seed":false,"campfire_upgraded":4,"win_rate":0.0,"timestamp":1613537201,"path_taken":["M","?","?","?","$","R","E","R","T","$","E","R","M","?","R","BOSS"],"items_purchased_type":["Card","Card","Card","Card"],"build_version":"2020-12-22","purchased_purges":1,"victory":false,"max_hp_per_floor":[78,78,78,78,78,78,78,78,88,88,88,88,88,88,88,88,88],"relic_stats":{"Gremlin Horn":[1,1],"counters":[5,27],"obtain_stats":[{"CaptainsWheel":2,"Pear":9,"Gremlin Horn":11,"Cracked Core":0,"White Beast Statue":7},{"CaptainsWheel":1,"Pear":2,"Gremlin Horn":3,"Cracked Core":0,"White Beast Statue":2},{"CaptainsWheel":3,"Pear":7,"Gremlin Horn":14,"Cracked Core":0,"White Beast Statue":7}]},"card_choices":[{"not_picked":["Leap","Coolheaded"],"picked":"Ball Lightning","floor":1.0},{"not_picked":["Cold Snap","Blizzard"],"picked":"Buffer","floor":7.0},{"not_picked":["Hello World","Heatsinks"],"picked":"Stack","floor":11},{"not_picked":["Static Discharge","Gash"],"picked":"Consume","floor":13}],"player_experience":2293000,"relics_obtained":[{"floor":7.0,"key":"White Beast Statue"},{"floor":9.0,"key":"Pear"},{"floor":11,"key":"Gremlin Horn"}],"event_choices":[{"damage_healed":0.0,"max_hp_gain":0.0,"max_hp_loss":0.0,"gold_gain":0.0,"event_name":"Scrap Ooze","player_choice":"Success","floor":2.0,"gold_loss":0.0,"damage_taken":5.0,"relics_obtained":["CaptainsWheel"]},{"damage_healed":0.0,"max_hp_gain":0.0,"max_hp_loss":0.0,"gold_gain":150.0,"event_name":"Liars Game","player_choice":"AGREE","floor":3.0,"gold_loss":0.0,"damage_taken":0.0,"cards_obtained":["Doubt"]},{"damage_healed":0.0,"max_hp_gain":0.0,"max_hp_loss":0.0,"gold_gain":75.0,"event_name":"World of Goop","player_choice":"Gather Gold","floor":4.0,"gold_loss":0.0,"damage_taken":11.0}],"is_beta":false,"boss_relics":[],"items_purged_floors":[5],"is_endless":false,"potions_floor_spawned":[11,13],"killed_by":"Hexaghost","ascension_level":20}}