{"host":"a9gsz7kv8aebwp1f","time":1613575139,"event":{"mods":["AchievementEnabler","BaseMod","Minty Spire (QoL Compilation)"],"gold_per_floor":[119,139,158,169,169,198,198,198,198,216,216,233,233,249,249,349,349,361,373,373,373,392,392,43,55,101,101,113,126,7,18,18,113,113,131,143,155,202,202,202],"floor_reached":39,"language":"KOR","playtime":2176,"items_purged":[],"score":647,"play_id":"8dc2e8be-a1da-41fd-a11b-55e54cadb021","local_time":"20210218001859","is_ascension_mode":true,"campfire_choices":[{"floor":7,"key":"REST"},{"floor":11,"key":"REST"},{"floor":13,"key":"REST"},{"data":"Echo Form","floor":15,"key":"SMITH"},{"floor":23,"key":"REST"},{"data":"Dualcast","floor":27,"key":"SMITH"},{"floor":32,"key":"REST"}],"circlet_count":0,"master_deck":["AscendersBane","Strike_B","Strike_B+1","Defend_B","Defend_B","Defend_B","Zap","Dualcast+1","Melter+1","Tempest+1","Sweeping Beam+1","Reinforced Body","BootSequence","BootSequence+1","Turbo+1","Echo Form+1","Seek+1","Scrape+1","Stack+1","Redo+1","Beam Cell+1","Stack+1","Steam Power+1","Conserve Battery+1","Genetic Algorithm+1","White Noise+1","Hologram+1","Blind+1","Steam+1","Turbo+1","Seek+1","Capacitor+1","Hologram+1","Reinforced Body+1","Leap+1"],"relics":["Cracked Core","NeowsBlessing","Art of War","Toxic Egg 2","Bag of Preparation","Astrolabe","Orichalcum","Lantern","Whetstone","Fusion Hammer","StoneCalendar"],"acts_visited":["Exordium","TheCity","TheBeyond"],"potions_floor_usage":[16,29,33],"damage_taken":[{"damage":0,"enemies":"Cultist","floor":1,"turns":1},{"damage":0,"enemies":"Small Slimes","floor":2,"turns":1},{"damage":0,"enemies":"Jaw Worm","floor":3,"turns":1},{"damage":10,"enemies":"Lots of Slimes","floor":4,"turns":4},{"damage":40,"enemies":"Gremlin Nob","floor":6,"turns":4},{"damage":0,"enemies":"3 Louse","floor":10,"turns":2},{"damage":3,"enemies":"Blue Slaver","floor":12,"turns":2},{"damage":3,"enemies":"Exordium Thugs","floor":14,"turns":3},{"damage":28,"enemies":"The Guardian","floor":16,"turns":12},{"damage":0,"enemies":"Chosen","floor":18,"turns":3},{"damage":0,"enemies":"Spheric Guardian","floor":19,"turns":2},{"damage":18,"enemies":"Shelled Parasite and Fungi","floor":22,"turns":4},{"damage":4,"enemies":"Cultist and Chosen","floor":25,"turns":5},{"damage":11,"enemies":"Snake Plant","floor":28,"turns":3},{"damage":0,"enemies":"Centurion and Healer","floor":29,"turns":7},{"damage":10,"enemies":"3 Cultists","floor":31,"turns":4},{"damage":85,"enemies":"Automaton","floor":33,"turns":15},{"damage":0,"enemies":"Orb Walker","floor":35,"turns":3},{"damage":18,"enemies":"3 Darklings","floor":36,"turns":4},{"damage":14,"enemies":"Jaw Worm Horde","floor":37,"turns":3},{"damage":23,"enemies":"2 Orb Walkers","floor":38,"turns":5},{"damage":8,"enemies":"4 Shapes","floor":39,"turns":2}],"seed_played":"-2258632248734812751","potions_obtained":[{"floor":1,"key":"Dexterity Potion"},{"floor":2,"key":"Strength Potion"},{"floor":14,"key":"EssenceOfSteel"},{"floor":18,"key":"Swift Potion"},{"floor":29,"key":"Ancient Potion"},{"floor":31,"key":"Regen Potion"},{"floor":33,"key":"EssenceOfDarkness"},{"floor":38,"key":"DuplicationPotion"}],"is_trial":false,"path_per_floor":["M","M","M","M","?","E","R","?","T","M","R","M","R","M","R","B",null,"M","M","?","?","M","R","$","M","T","R","M","M","$","M","R","B",null,"M","M","M","?","M"],"character_chosen":"DEFECT","items_purchased":["Orichalcum","Conserve Battery+1","Lantern","Blind+1","Steam+1"],"campfire_rested":5,"item_purchase_floors":[24,24,24,30,30],"current_hp_per_floor":[68,68,68,58,43,3,25,25,25,25,47,44,66,63,63,35,65,65,65,51,77,59,80,80,76,76,76,65,65,65,55,79,6,62,62,44,30,7,0,0],"gold":202,"neow_bonus":"THREE_ENEMY_KILL","is_daily":false,"chose_seed":false,"campfire_upgraded":2,"win_rate":0.0,"timestamp":1613575139,"path_taken":["M","?","M","M","?","E","R","?","T","M","R","M","R","?","R","BOSS","M","M","?","?","M","R","$","M","T","R","M","M","$","?","R","BOSS","M","?","M","?","M"],"items_purchased_type":["Relic","Card","Relic","Card","Card"],"build_version":"2020-12-22","purchased_purges":0,"victory":false,"max_hp_per_floor":[75,75,75,75,75,75,75,75,75,75,75,75,75,75,75,75,75,75,75,80,80,80,80,80,80,80,80,80,80,80,80,80,80,80,80,80,80,80,80,80],"card_choices":[{"not_picked":["Consume","Steam"],"picked":"Melter","floor":1},{"not_picked":["Chill","Go for the Eyes"],"picked":"Tempest","floor":2},{"not_picked":["Steam","Lockon"],"picked":"Sweeping Beam","floor":3},{"not_picked":["Streamline","Barrage"],"picked":"Reinforced Body","floor":4},{"not_picked":["Darkness","Doom and Gloom"],"picked":"BootSequence","floor":6},{"not_picked":["Fusion+1","Barrage"],"picked":"BootSequence+1","floor":10},{"not_picked":["Steam+1","Beam Cell"],"picked":"Turbo+1","floor":12},{"not_picked":["Defragment","Hologram+1"],"picked":"Echo Form","floor":14},{"not_picked":["Meteor Strike","Echo Form"],"picked":"Seek+1","floor":16},{"not_picked":["Double Energy+1","Cold Snap"],"picked":"Beam Cell+1","floor":18},{"not_picked":["Gash","Recycle+1"],"picked":"Stack+1","floor":19},{"not_picked":["Recycle+1","Rebound"],"picked":"Steam Power+1","floor":22},{"not_picked":["Stack+1","Coolheaded+1"],"picked":"Genetic Algorithm+1","floor":25},{"not_picked":["Barrage","Undo+1"],"picked":"White Noise+1","floor":28},{"not_picked":["Ball Lightning","Go for the Eyes"],"picked":"Hologram+1","floor":29},{"not_picked":["Streamline","Coolheaded+1"],"picked":"Turbo+1","floor":31},{"not_picked":["Hyperbeam","Core Surge"],"picked":"Seek+1","floor":33},{"not_picked":["Steam+1","Consume+1"],"picked":"Capacitor+1","floor":35},{"not_picked":["Rebound","Loop"],"picked":"Hologram+1","floor":36},{"not_picked":["Gash","Barrage+1"],"picked":"Reinforced Body+1","floor":37},{"not_picked":["Redo+1","Turbo+1"],"picked":"Leap+1","floor":38}],"player_experience":462809,"relics_obtained":[{"floor":6,"key":"Art of War"},{"floor":9,"key":"Bag of Preparation"},{"floor":26,"key":"Whetstone"},{"floor":38,"key":"StoneCalendar"}],"event_choices":[{"damage_healed":0,"gold_gain":0,"player_choice":"Entered Light","damage_taken":15,"max_hp_gain":0,"max_hp_loss":0,"event_name":"Shining Light","floor":5,"gold_loss":0,"cards_upgraded":["Tempest","Sweeping Beam"]},{"damage_healed":0,"gold_gain":0,"player_choice":"Gave Potion","damage_taken":0,"relics_obtained":["Toxic Egg 2"],"max_hp_gain":0,"max_hp_loss":0,"event_name":"WeMeetAgain","floor":8,"gold_loss":0},{"damage_healed":0,"gold_gain":0,"player_choice":"Shed Blood","damage_taken":19,"max_hp_gain":5,"max_hp_loss":0,"event_name":"Forgotten Altar","floor":20,"gold_loss":0},{"damage_healed":26,"gold_gain":0,"player_choice":"Heal","damage_taken":0,"max_hp_gain":0,"max_hp_loss":0,"event_name":"The Library","floor":21,"gold_loss":0},{"damage_healed":0,"gold_gain":0,"player_choice":"Fight","damage_taken":0,"max_hp_gain":0,"max_hp_loss":0,"event_name":"Mysterious Sphere","floor":38,"gold_loss":0}],"is_beta":false,"boss_relics":[{"not_picked":["Philosopher\u0027s Stone","FrozenCore"],"picked":"Astrolabe"},{"not_picked":["Pandora\u0027s Box","Busted Crown"],"picked":"Fusion Hammer"}],"items_purged_floors":[],"is_endless":false,"potions_floor_spawned":[1,2,3,14,18,29,31,33,35,38],"killed_by":"4 Shapes","ascension_level":12}}