{"host":"tr0r177cvmpvg89h","time":1613535590,"event":{"mods":["BaseMod","Colored Map","DeckTracker","Minty Spire (QoL Compilation)","StSLib","SuperFastMode"],"gold_per_floor":[118,43,43,60,60,60,60,75,101,115,115,128,128,146,146,242,242,258,278,290,300,320,320,330,330,330,345,360,373,373,17,17,117,117,134,184,184,202,77,77,107,0,26,58,76,76,37,50,50,50,50],"floor_reached":50,"language":"KOR","playtime":2112,"items_purged":["Defend_R","Strike_R","Strike_R"],"score":498,"play_id":"cf864239-f43a-4187-a727-37bec1a65159","local_time":"20210217131950","is_ascension_mode":false,"campfire_choices":[{"data":"Trip","floor":6,"key":"SMITH"},{"data":"Clash","floor":11,"key":"SMITH"},{"data":"Inflame","floor":13,"key":"SMITH"},{"data":"Offering","floor":15,"key":"SMITH"},{"data":"Clash","floor":23,"key":"SMITH"},{"data":"Dual Wield","floor":25,"key":"SMITH"},{"data":"Flex","floor":30,"key":"SMITH"},{"data":"Headbutt","floor":32,"key":"SMITH"},{"data":"Sever Soul","floor":40,"key":"SMITH"},{"data":"Brutality","floor":46,"key":"SMITH"},{"data":"Inflame","floor":49,"key":"SMITH"}],"circlet_count":0,"master_deck":["Strike_R","Defend_R","Defend_R","Bash","Trip+1","Inflame+1","Offering+1","Clash+1","Clash+1","Flex+1","Dual Wield+1","Headbutt+1","Sever Soul+1","Inflame+1","Clash+1","Brutality+1","Inflame+1"],"relics":["Burning Blood","Oddly Smooth Stone","Sozu","Eternal Feather","Shuriken","Coffee Dripper","Dead Branch","Boot","Red Mask","Toy Ornithopter","Juzu Bracelet"],"acts_visited":["Exordium","TheCity","TheBeyond"],"potions_floor_usage":[16,16,29,50],"damage_taken":[{"damage":0,"enemies":"Small Slimes","floor":1,"turns":3},{"damage":7,"enemies":"Cultist","floor":4,"turns":3},{"damage":6,"enemies":"Jaw Worm","floor":8,"turns":1},{"damage":11,"enemies":"3 Louse","floor":10,"turns":3},{"damage":6,"enemies":"Large Slime","floor":12,"turns":2},{"damage":6,"enemies":"Looter","floor":14,"turns":1},{"damage":30,"enemies":"Hexaghost","floor":16,"turns":5},{"damage":6,"enemies":"Chosen","floor":18,"turns":2},{"damage":6,"enemies":"2 Thieves","floor":19,"turns":2},{"damage":24,"enemies":"Centurion and Healer","floor":20,"turns":3},{"damage":6,"enemies":"3 Cultists","floor":21,"turns":4},{"damage":6,"enemies":"Cultist and Chosen","floor":22,"turns":4},{"damage":6,"enemies":"Snake Plant","floor":24,"turns":2},{"damage":8,"enemies":"Centurion and Healer","floor":27,"turns":2},{"damage":6,"enemies":"Sentry and Sphere","floor":28,"turns":2},{"damage":15,"enemies":"Snake Plant","floor":29,"turns":3},{"damage":26,"enemies":"Automaton","floor":33,"turns":5},{"damage":9,"enemies":"Orb Walker","floor":35,"turns":2},{"damage":24,"enemies":"Mind Bloom Boss Battle","floor":36,"turns":3},{"damage":6,"enemies":"3 Darklings","floor":38,"turns":2},{"damage":14,"enemies":"Reptomancer","floor":41,"turns":2},{"damage":19,"enemies":"Giant Head","floor":44,"turns":3},{"damage":11,"enemies":"Transient","floor":45,"turns":5},{"damage":1,"enemies":"Jaw Worm Horde","floor":48,"turns":2},{"damage":97,"enemies":"Awakened One","floor":50,"turns":4}],"seed_played":"7058064290442236227","potions_obtained":[{"floor":1,"key":"Energy Potion"},{"floor":8,"key":"Block Potion"},{"floor":10,"key":"LiquidBronze"},{"floor":16,"key":"SpeedPotion"}],"is_trial":false,"path_per_floor":["M","$","?","M","?","R","?","M","T","M","R","M","R","M","R","B",null,"M","M","M","M","M","R","M","R","T","M","M","M","R","$","R","B",null,"M","?","?","M","$","R","E","?","T","E","M","R","$","M","R","B"],"character_chosen":"IRONCLAD","items_purchased":["Shuriken","Inflame"],"campfire_rested":0,"item_purchase_floors":[31,47],"current_hp_per_floor":[80,80,80,79,72,72,72,72,72,67,67,67,67,67,67,43,80,80,80,62,62,62,62,62,62,62,60,60,51,60,60,66,46,80,77,59,59,59,59,65,57,57,57,44,39,48,48,53,62,0,0],"gold":50,"neow_bonus":"RANDOM_COLORLESS","is_daily":false,"chose_seed":false,"campfire_upgraded":11,"win_rate":0.0,"timestamp":1613535590,"path_taken":["M","$","?","?","?","R","?","M","T","M","R","M","R","M","R","BOSS","M","M","M","M","M","R","M","R","T","M","M","M","R","$","R","BOSS","M","?","?","M","$","R","E","?","T","E","M","R","?","M","R","BOSS"],"items_purchased_type":["Relic","Card"],"build_version":"2020-12-22","purchased_purges":3,"victory":false,"max_hp_per_floor":[80,80,80,80,80,80,80,80,80,80,80,80,80,80,80,80,80,80,80,80,80,80,80,80,80,80,80,80,80,80,80,80,80,80,80,80,80,80,80,80,80,80,80,80,80,80,80,80,80,80,80],"card_choices":[{"not_picked":["Impatience","Enlightenment"],"picked":"Trip","floor":0},{"not_picked":["Dual Wield","True Grit"],"picked":"Inflame","floor":1},{"not_picked":["Sword Boomerang","Thunderclap"],"picked":"Clash","floor":4},{"not_picked":["True Grit","Wild Strike"],"picked":"Clash","floor":8},{"not_picked":["Heavy Blade","Armaments"],"picked":"Flex","floor":10},{"not_picked":["Pommel Strike","Combust","Entrench"],"picked":"SKIP","floor":12},{"not_picked":["Bludgeon","Heavy Blade","Sword Boomerang"],"picked":"SKIP","floor":14},{"not_picked":["Cleave","Battle Trance+1","True Grit+1"],"picked":"SKIP","floor":18},{"not_picked":["Rampage+1","Body Slam","Bloodletting+1"],"picked":"SKIP","floor":19},{"not_picked":["Battle Trance","Armaments+1","Pommel Strike"],"picked":"SKIP","floor":20},{"not_picked":["Heavy Blade","Wild Strike","Carnage+1"],"picked":"SKIP","floor":21},{"not_picked":["Power Through","Warcry","Shrug It Off"],"picked":"SKIP","floor":22},{"not_picked":["True Grit","Flex"],"picked":"Dual Wield","floor":24},{"not_picked":["Limit Break","Metallicize+1"],"picked":"Headbutt","floor":27},{"not_picked":["Wild Strike+1","Cleave","Body Slam"],"picked":"SKIP","floor":28},{"not_picked":["Heavy Blade","Body Slam","Havoc"],"picked":"SKIP","floor":29},{"not_picked":["Combust","Flex+1"],"picked":"Sever Soul","floor":35},{"not_picked":["Heavy Blade","Twin Strike+1"],"picked":"Inflame+1","floor":36},{"not_picked":["Body Slam","Warcry+1","Ghostly Armor"],"picked":"SKIP","floor":38},{"not_picked":["Flex","Cleave+1"],"picked":"Clash+1","floor":41},{"not_picked":["Rampage","Thunderclap+1"],"picked":"Brutality","floor":44},{"not_picked":["Wild Strike+1","Thunderclap+1","Entrench"],"picked":"SKIP","floor":45},{"not_picked":["Havoc","Infernal Blade+1","Cleave"],"picked":"SKIP","floor":48}],"player_experience":85303,"relics_obtained":[{"floor":9,"key":"Oddly Smooth Stone"},{"floor":26,"key":"Eternal Feather"},{"floor":36,"key":"Dead Branch"},{"floor":41,"key":"Boot"},{"floor":43,"key":"Toy Ornithopter"},{"floor":44,"key":"Juzu Bracelet"}],"event_choices":[{"damage_healed":0,"gold_gain":0,"cards_transformed":["Strike_R"],"player_choice":"Transformed","damage_taken":0,"max_hp_gain":0,"max_hp_loss":0,"event_name":"Transmorgrifier","floor":3,"gold_loss":0,"cards_obtained":["Offering"]},{"cards_removed":["Strike_R"],"damage_healed":0,"gold_gain":0,"player_choice":"Card Removal","damage_taken":7,"max_hp_gain":0,"max_hp_loss":0,"event_name":"Golden Wing","floor":5,"gold_loss":0},{"damage_healed":0,"gold_gain":0,"player_choice":"Ignored","damage_taken":0,"max_hp_gain":0,"max_hp_loss":0,"event_name":"Liars Game","floor":7,"gold_loss":0},{"damage_healed":0,"gold_gain":0,"player_choice":"Fight","damage_taken":0,"max_hp_gain":0,"max_hp_loss":0,"event_name":"MindBloom","floor":36,"gold_loss":0},{"cards_removed":["Defend_R"],"damage_healed":0,"gold_gain":0,"player_choice":"Removed Skill","damage_taken":0,"max_hp_gain":0,"max_hp_loss":0,"event_name":"Falling","floor":37,"gold_loss":0},{"damage_healed":0,"gold_gain":0,"player_choice":"Paid","damage_taken":0,"relics_obtained":["Red Mask"],"max_hp_gain":0,"max_hp_loss":0,"event_name":"Tomb of Lord Red Mask","floor":42,"gold_loss":107}],"is_beta":false,"boss_relics":[{"not_picked":["Velvet Choker","SacredBark"],"picked":"Sozu"},{"not_picked":["Tiny House","Runic Dome"],"picked":"Coffee Dripper"}],"items_purged_floors":[2,31,39],"is_endless":false,"potions_floor_spawned":[1,8,10,16,19,21,27,36,38,45,48],"killed_by":"Awakened One","ascension_level":0}}