{"host":"xw5nub7n7iasb503","time":1613530613,"event":{"mods":["BaseMod","Minty Spire (QoL Compilation)"],"gold_per_floor":[116,134,146,165,180,206,206,222,222,234,264,264,284,298,298,402,402,418,436,446,446,446],"floor_reached":21,"language":"ENG","playtime":1845,"items_purged":[],"score":201,"play_id":"0938b48d-baf4-4d63-8231-1a718d7e1286","local_time":"20210216195653","is_ascension_mode":false,"campfire_choices":[{"floor":7.0,"key":"REST"},{"floor":15,"key":"RECALL"}],"circlet_count":0,"master_deck":["Strike_G","Strike_G","Strike_G","Strike_G","Strike_G","Defend_G","Defend_G","Defend_G","Defend_G","Defend_G","Survivor","Neutralize","Poisoned Stab","Distraction","Deadly Poison","Burst","Deadly Poison","Catalyst","Corpse Explosion","Deadly Poison+1"],"relics":["Ring of the Snake","NeowsBlessing","Ice Cream","Bottled Flame","Lizard Tail","WristBlade"],"acts_visited":["Exordium","TheCity"],"potions_floor_usage":[19,21],"damage_taken":[{"damage":0.0,"enemies":"Cultist","floor":1.0,"turns":1.0},{"damage":0.0,"enemies":"Small Slimes","floor":2.0,"turns":1.0},{"damage":0.0,"enemies":"Jaw Worm","floor":3.0,"turns":1.0},{"damage":13.0,"enemies":"Lots of Slimes","floor":4.0,"turns":5.0},{"damage":15.0,"enemies":"Large Slime","floor":5.0,"turns":7.0},{"damage":32.0,"enemies":"Lagavulin","floor":6.0,"turns":9.0},{"damage":2.0,"enemies":"Red Slaver","floor":8.0,"turns":5.0},{"damage":5.0,"enemies":"Lots of Slimes","floor":10.0,"turns":2.0},{"damage":22.0,"enemies":"Gremlin Nob","floor":11.0,"turns":4.0},{"damage":0.0,"enemies":"Exordium Wildlife","floor":12.0,"turns":1.0},{"damage":6.0,"enemies":"Red Slaver","floor":13.0,"turns":3.0},{"damage":11,"enemies":"Blue Slaver","floor":14,"turns":3},{"damage":7,"enemies":"Hexaghost","floor":16,"turns":8},{"damage":0,"enemies":"3 Byrds","floor":18,"turns":2},{"damage":9,"enemies":"Shell Parasite","floor":19,"turns":3},{"damage":41,"enemies":"Snake Plant","floor":20,"turns":6},{"damage":21,"enemies":"Sentry and Sphere","floor":21,"turns":4}],"seed_played":"5608526499007781617","potions_obtained":[{"floor":2.0,"key":"SmokeBomb"},{"floor":6.0,"key":"Explosive Potion"},{"floor":11.0,"key":"DistilledChaos"},{"floor":18,"key":"Energy Potion"},{"floor":20,"key":"SteroidPotion"}],"is_trial":false,"path_per_floor":["M","M","M","M","M","E","R","M","T","M","E","M","M","M","R","B",null,"M","M","M","M"],"character_chosen":"THE_SILENT","items_purchased":[],"campfire_rested":1,"item_purchase_floors":[],"current_hp_per_floor":[70,70,70,57,42,10,31,29,29,24,2,2,32,21,21,14,70,70,61,20,0,0],"gold":446,"neow_bonus":"THREE_ENEMY_KILL","is_daily":false,"chose_seed":false,"campfire_upgraded":0,"win_rate":0.0,"timestamp":1613530613,"path_taken":["M","M","M","M","M","E","R","M","T","M","E","M","M","M","R","BOSS","M","M","?","M"],"items_purchased_type":[],"build_version":"2020-12-22","purchased_purges":0,"victory":false,"max_hp_per_floor":[70,70,70,70,70,70,70,70,70,70,70,70,70,70,70,70,70,70,70,70,70,70],"card_choices":[{"not_picked":["Prepared","PiercingWail"],"picked":"Poisoned Stab","floor":1.0},{"not_picked":["Quick Slash","Blade Dance"],"picked":"Distraction","floor":2.0},{"not_picked":["Concentrate","Footwork"],"picked":"Deadly Poison","floor":3.0},{"not_picked":["Choke","Outmaneuver"],"picked":"Burst","floor":4.0},{"not_picked":["Terror","Riddle With Holes","Underhanded Strike"],"picked":"SKIP","floor":5.0},{"not_picked":["Dagger Spray","Well Laid Plans","Die Die Die"],"picked":"SKIP","floor":6.0},{"not_picked":["Calculated Gamble","Flechettes","Leg Sweep"],"picked":"SKIP","floor":8.0},{"not_picked":["Deflect","Underhanded Strike"],"picked":"Deadly Poison","floor":10.0},{"not_picked":["Dash","Predator"],"picked":"Catalyst","floor":11.0},{"not_picked":["Flying Knee","Dodge and Roll","Slice"],"picked":"SKIP","floor":13.0},{"not_picked":["PiercingWail","Backflip","Blade Dance"],"picked":"SKIP","floor":14},{"not_picked":["Grand Finale","Envenom"],"picked":"Corpse Explosion","floor":16},{"not_picked":["Prepared","Underhanded Strike","Cloak And Dagger"],"picked":"SKIP","floor":18},{"not_picked":["Dodge and Roll+1","Flying Knee+1","Outmaneuver"],"picked":"SKIP","floor":19},{"not_picked":["Setup+1","Slice"],"picked":"Deadly Poison+1","floor":20}],"player_experience":131780,"relics_obtained":[{"floor":6.0,"key":"Ice Cream"},{"floor":9.0,"key":"Bottled Flame"},{"floor":11.0,"key":"Lizard Tail"}],"event_choices":[],"is_beta":false,"boss_relics":[{"not_picked":["SacredBark","Astrolabe"],"picked":"WristBlade"}],"items_purged_floors":[],"is_endless":false,"potions_floor_spawned":[2,6,11,12,18,20],"killed_by":"Sentry and Sphere","ascension_level":0}}