{"host":"hfxahm4y1ssattqc","time":1613540706,"event":{"mods":["2.2 Compatiblity","Act Like it!","Aspiration","BaseMod","Beaked The Cultist","Better Third Choice","Colored Map","Colored Powertips","Custom Start","Downfall","Googly Eyes","Halation","Hallownest","Hermit","Highlight Path","Infinite Spire","Mimic Mod","Minty Spire (QoL Compilation)","Reorder Act Four","Replay The Spire","Shop Mod","Spikes Relics","StSLib","The Bug Knight","The IronCluck","The Jungle","slay the spire mod where everything is the same but ironclad has a cowboy hat"],"gold_per_floor":[99,118,118,154,154,219,219,219,42,42,73,88,88,98,115,213,313,313,313,313,330,340,340,395,409,409,409,409,409,409,429,448,547,547,547,561,572,557,557,592,592,606,620,620,639,657,657,669,688,688],"floor_reached":51,"language":"ENG","playtime":3334,"items_purged":[],"score":679,"play_id":"7d55443a-fbe3-447c-9e56-a1ba7dabb269","local_time":"20210216214506","is_ascension_mode":false,"campfire_choices":[{"data":"beaked:CrazyRituals","floor":1.0,"key":"SMITH"},{"data":"beaked:CrazyRituals","floor":8.0,"key":"SMITH"},{"data":"beaked:MachineEssence","floor":10.0,"key":"SMITH"},{"data":"ReplayTheSpireMod:Wings of Steel","floor":13.0,"key":"SMITH"},{"data":"beaked:CheekyTricks","floor":18,"key":"SMITH"},{"floor":23,"key":"RECALL"},{"data":"beaked:AwakenedForm","floor":28,"key":"SMITH"},{"data":"beaked:Foresight","floor":30,"key":"SMITH"},{"data":"beaked:MaddeningMurmurs","floor":35,"key":"SMITH"},{"data":"beaked:CursingBlood","floor":44,"key":"SMITH"},{"data":"beaked:Ceremony","floor":47,"key":"SMITH"}],"circlet_count":0,"master_deck":["beaked:Strike_Y","beaked:Strike_Y","beaked:Strike_Y+1","beaked:Strike_Y","beaked:Strike_Y+1","beaked:Defend_Y","beaked:Defend_Y","beaked:Defend_Y","beaked:Defend_Y","beaked:Ceremony+1","beaked:CrazyRituals+1","beaked:CrazyRituals+1","ReplayTheSpireMod:Wings of Steel+1","beaked:MimicWarrior+1","beaked:Evade","beaked:CursingBlood+1","beaked:MachineEssence+1","beaked:Foresight+1","beaked:CheekyTricks+1","beaked:AwakenedForm+1","beaked:MaddeningMurmurs+1","beaked:Insight+1"],"relics":["beaked:MendingPlumage","aspiration:BabyByrd","Chameleon Ring","BrokenLever","beaked:ThroatLozenge","Replay:Wanted Poster","Nloth\u0027s Gift","aspiration:Headhunter","infinitespire:Cupcake","aspiration:WatcherSkillbook","Whetstone","Sundial"],"acts_visited":["Exordium","TheCity","TheBeyond"],"potions_floor_usage":[],"damage_taken":[{"damage":5.0,"enemies":"Small Slimes","floor":2.0,"turns":4.0},{"damage":13.0,"enemies":"3 Sentries","floor":6.0,"turns":7.0},{"damage":0.0,"enemies":"downfall:FleeingMerchant","floor":9.0,"turns":4.0},{"damage":16.0,"enemies":"Replay:BlueRogue","floor":11.0,"turns":7.0},{"damage":17.0,"enemies":"Jaw Worm","floor":12.0,"turns":5.0},{"damage":0.0,"enemies":"2 Louse","floor":14.0,"turns":3.0},{"damage":10,"enemies":"downfall:LooterAlt","floor":15,"turns":7},{"damage":25,"enemies":"IC_STATUS_ARCHETYPE","floor":16,"turns":9},{"damage":13,"enemies":"Shell Parasite","floor":21,"turns":7},{"damage":15,"enemies":"3 Byrds","floor":22,"turns":7},{"damage":3,"enemies":"Sentry and Sphere","floor":24,"turns":5},{"damage":44,"enemies":"Sentry and Sphere","floor":25,"turns":10},{"damage":5,"enemies":"Snecko","floor":31,"turns":7},{"damage":12,"enemies":"Centurion and Healer","floor":32,"turns":8},{"damage":16,"enemies":"SI_MIRROR_ARCHETYPE","floor":33,"turns":12},{"damage":37,"enemies":"3 Darklings","floor":36,"turns":5},{"damage":10,"enemies":"3 Shapes","floor":37,"turns":4},{"damage":0,"enemies":"downfall:FleeingMerchant","floor":38,"turns":4},{"damage":5,"enemies":"Giant Head","floor":40,"turns":7},{"damage":0,"enemies":"Writhing Mass","floor":42,"turns":6},{"damage":0,"enemies":"Spire Growth","floor":43,"turns":4},{"damage":18,"enemies":"Sphere and 2 Shapes","floor":45,"turns":6},{"damage":20,"enemies":"Maw","floor":46,"turns":7},{"damage":28,"enemies":"Jaw Worm Horde","floor":48,"turns":6},{"damage":0,"enemies":"3 Darklings","floor":49,"turns":6},{"damage":47,"enemies":"DF_ARCHETYPE_ORBS","floor":50,"turns":13}],"seed_played":"-1625548623468589182","potions_obtained":[{"floor":2.0,"key":"Fire Potion"},{"floor":4.0,"key":"Adrenaline Potion"},{"floor":4.0,"key":"Strength Potion"},{"floor":25,"key":"Elixir"},{"floor":33,"key":"bronze:BurnAndBuffPotion"},{"floor":46,"key":"bronze:BurnAndBuffPotion"},{"floor":49,"key":"FairyPotion"}],"is_trial":false,"path_per_floor":["R","M","?","?","?","?","T","R","$","R","E","M","R","M","M","B",null,"R","?","?","M","M","R","MIM","M","?","AVR","R","?","R","M","M","B",null,"R","M","M","$","?","E","T","M","M","R","M","M","R","M","M","B",null],"character_chosen":"BEAKED_THE_CULTIST","items_purchased":["beaked:MachineEssence"],"campfire_rested":0,"item_purchase_floors":[9],"current_hp_per_floor":[45,50,50,35,35,56,56,56,60,60,60,60,60,60,60,60,60,60,60,60,60,60,60,60,60,60,60,60,60,60,60,60,60,60,60,60,53,60,60,60,60,60,60,60,60,60,60,60,60,60],"gold":688,"neow_bonus":"TWENTY_PERCENT_HP_BONUS","is_daily":false,"chose_seed":false,"campfire_upgraded":10,"win_rate":0.0,"timestamp":1613540706,"path_taken":["R","M","?","?","?","?","T","R","?","R","E","M","R","?","M","BOSS","R","?","?","M","?","R","MIM","M","?","AVR","R","?","R","M","M","BOSS","R","M","M","$","?","E","T","M","M","R","M","M","R","M","M","BOSS"],"items_purchased_type":["Card"],"build_version":"2020-12-22","purchased_purges":0,"victory":true,"max_hp_per_floor":[60,60,60,60,60,60,60,60,60,60,60,60,60,60,60,60,60,60,60,60,60,60,60,60,60,60,60,60,60,60,60,60,60,60,60,60,60,60,60,60,60,60,60,60,60,60,60,60,60,60],"card_choices":[{"not_picked":["beaked:HuntressEssence","beaked:SurvivalInstinct"],"picked":"ReplayTheSpireMod:Wings of Steel","floor":2.0},{"not_picked":["beaked:Poke","beaked:BloodForTheGods"],"picked":"beaked:Evade","floor":6.0},{"not_picked":["beaked:BloodForTheGods","beaked:FakeOut"],"picked":"beaked:CursingBlood","floor":9.0},{"not_picked":["beaked:Negation","beaked:SurvivalInstinct","beaked:Evade"],"picked":"SKIP","floor":11.0},{"not_picked":["beaked:WarriorSpirit","beaked:SacrificialDive","beaked:BloodForTheGods"],"picked":"SKIP","floor":12.0},{"not_picked":["beaked:DigDeep","beaked:RuinSticks"],"picked":"beaked:Foresight","floor":14},{"not_picked":["beaked:Flinch","beaked:Tweet","beaked:TuckingFeathers"],"picked":"SKIP","floor":15},{"not_picked":["beaked:VolatileMisfortune","beaked:MachineEssence"],"picked":"beaked:CheekyTricks","floor":16},{"not_picked":["beaked:Foresight","beaked:Windmill","beaked:Tradeoff"],"picked":"SKIP","floor":21},{"not_picked":["beaked:Daydream","beaked:Devastation","beaked:WarriorSpirit"],"picked":"SKIP","floor":22},{"not_picked":["beaked:VigorBurst","beaked:Insight"],"picked":"beaked:AwakenedForm","floor":25},{"not_picked":["beaked:Redirect+1","beaked:BarbedWire","beaked:BloodRitual+1"],"picked":"SKIP","floor":31},{"not_picked":["beaked:Recite","beaked:Cower"],"picked":"beaked:MaddeningMurmurs","floor":32},{"not_picked":["WreathOfFlame","Collect+1","beaked:SurvivalInstinct","Protect+1"],"picked":"SKIP","floor":36},{"not_picked":["ThirdEye","Evaluate+1","beaked:WindBringer"],"picked":"beaked:Insight+1","floor":37},{"not_picked":["Replay:LoomingThreat","EmptyBody+1","beaked:Tweet","beaked:Overexert"],"picked":"SKIP","floor":38},{"not_picked":["beaked:Brace","beaked:FeelMyPain+1","CrushJoints","Wish"],"picked":"SKIP","floor":40},{"not_picked":["Pray+1","InnerPeace","Replay:AtTheReady","Prostrate"],"picked":"SKIP","floor":42},{"not_picked":["beaked:SurvivalInstinct+1","Judgement","FlyingSleeves","beaked:Caw"],"picked":"SKIP","floor":43},{"not_picked":["CrushJoints+1","Prostrate","SashWhip","beaked:Foresight"],"picked":"SKIP","floor":45},{"not_picked":["Replay:BluntJabs","beaked:DigDeep+1","JustLucky","Prostrate"],"picked":"SKIP","floor":46},{"not_picked":["beaked:Daydream","Wallop+1","Conclude","InnerPeace"],"picked":"SKIP","floor":48},{"not_picked":["beaked:DigDeep","beaked:Cower+1","EmptyBody","CrushJoints"],"picked":"SKIP","floor":49}],"player_experience":962686,"relics_obtained":[{"floor":6.0,"key":"Chameleon Ring"},{"floor":7.0,"key":"BrokenLever"},{"floor":11.0,"key":"beaked:ThroatLozenge"},{"floor":40,"key":"Whetstone"},{"floor":41,"key":"Sundial"}],"event_choices":[{"damage_healed":0,"gold_gain":0,"player_choice":"Inject Mutagens","damage_taken":0,"relics_obtained":["MutagenicStrength"],"max_hp_gain":0,"max_hp_loss":0,"event_name":"Drug Dealer","floor":19,"gold_loss":0}],"is_beta":false,"boss_relics":[{"not_picked":["Black Star","Replay:Drink Me"],"picked":"Replay:Wanted Poster"},{"not_picked":["halation:PinkAlligatorPlush","ReplayTheSpireMod:DimensionalGlitch"],"picked":"aspiration:WatcherSkillbook"}],"items_purged_floors":[],"is_endless":false,"potions_floor_spawned":[2,12,15,16,25,31,32,36,37,46,48,49],"ascension_level":0}}