{"host":"fxrgx7wt2cpkbhka","time":1613557891,"event":{"mods":["AchievementEnabler","BaseMod","Colored Powertips","Dark Map","Minty Spire (QoL Compilation)","Permanent Neow","Quick Restart","Slay-I","StSLib","Waifu the Spire"],"gold_per_floor":[113,188,188,208,226,255,255,163,186,186,461,461,476,33,33,108,108,126,140,153,2,15,15,27,43,43,43,43,43,63,98,98,98,98],"floor_reached":33,"language":"ENG","playtime":744,"items_purged":["Regret"],"score":467,"play_id":"e2381eaf-43fc-4394-ad2e-9820f104e683","local_time":"20210217023131","is_ascension_mode":true,"campfire_choices":[{"data":"Flex","floor":7,"key":"SMITH"},{"data":"Inflame","floor":10,"key":"SMITH"},{"data":"Clash","floor":12,"key":"SMITH"},{"floor":15,"key":"REST"},{"data":"Spot Weakness","floor":23,"key":"SMITH"},{"data":"Metallicize","floor":29,"key":"SMITH"},{"floor":32,"key":"REST"}],"circlet_count":0,"master_deck":["AscendersBane","Strike_R+1","Strike_R+1","Strike_R+1","Strike_R+1","Strike_R+1","Defend_R+1","Defend_R+1","Defend_R+1","Defend_R+1","Bash","Clash+1","Flex+1","Inflame+1","Perfected Strike+1","Metallicize+1","Cleave+1","Clothesline+1","Immolate+1","Whirlwind+1","Carnage+1","Spot Weakness+1","Cleave+1","Sword Boomerang+1"],"relics":["Black Blood","NeowsBlessing","Molten Egg 2","PreservedInsect","CaptainsWheel","Whetstone","Lantern","MutagenicStrength","Ancient Tea Set"],"acts_visited":["Exordium","TheCity"],"potions_floor_usage":[16,18,24,33],"damage_taken":[{"damage":0,"enemies":"Small Slimes","floor":1,"turns":2},{"damage":0,"enemies":"Jaw Worm","floor":4,"turns":1},{"damage":0,"enemies":"Cultist","floor":5,"turns":1},{"damage":40,"enemies":"Gremlin Nob","floor":6,"turns":5},{"damage":23,"enemies":"Large Slime","floor":13,"turns":5},{"damage":15,"enemies":"Slime Boss","floor":16,"turns":10},{"damage":11,"enemies":"Spheric Guardian","floor":18,"turns":3},{"damage":21,"enemies":"3 Byrds","floor":19,"turns":4},{"damage":12,"enemies":"3 Cultists","floor":20,"turns":3},{"damage":12,"enemies":"Cultist and Chosen","floor":22,"turns":3},{"damage":22,"enemies":"Centurion and Healer","floor":24,"turns":3},{"damage":9,"enemies":"3 Cultists","floor":25,"turns":4},{"damage":4,"enemies":"Chosen and Byrds","floor":30,"turns":3},{"damage":55,"enemies":"Book of Stabbing","floor":31,"turns":5},{"damage":61,"enemies":"Champ","floor":33,"turns":10}],"seed_played":"-2020117273041489477","potions_obtained":[{"floor":1,"key":"SteroidPotion"},{"floor":13,"key":"Block Potion"},{"floor":22,"key":"Block Potion"},{"floor":24,"key":"PowerPotion"},{"floor":25,"key":"SkillPotion"}],"is_trial":false,"path_per_floor":["M","?","T","M","M","E","R","$","T","R","?","R","M","$","R","B",null,"M","M","M","$","M","R","M","M","T","?","?","R","M","E","R","B"],"character_chosen":"IRONCLAD","items_purchased":["Inflame","Perfected Strike+1","CaptainsWheel","Cleave+1","Clothesline+1","Whetstone"],"campfire_rested":2,"item_purchase_floors":[8,8,14,14,14,21],"current_hp_per_floor":[74,63,63,69,75,41,41,41,41,41,41,41,24,24,46,37,66,67,58,58,58,58,58,48,51,51,51,51,51,59,16,38,0,0],"gold":98,"neow_bonus":"THREE_ENEMY_KILL","is_daily":false,"chose_seed":false,"campfire_upgraded":5,"win_rate":0.0,"timestamp":1613557891,"path_taken":["M","?","?","M","?","E","R","$","T","R","?","R","M","$","R","BOSS","M","M","M","?","M","R","M","M","T","?","?","R","M","E","R","BOSS"],"items_purchased_type":["Card","Card","Relic","Card","Card","Relic"],"build_version":"2020-12-22","purchased_purges":1,"victory":false,"max_hp_per_floor":[75,75,75,75,75,75,75,75,75,75,75,75,75,75,75,75,75,75,75,75,75,75,75,75,75,75,75,75,75,75,75,75,75,75],"card_choices":[{"not_picked":["Iron Wave","Armaments"],"picked":"Clash","floor":1},{"not_picked":["Armaments","Thunderclap","Ghostly Armor"],"picked":"SKIP","floor":4},{"not_picked":["Combust","Pommel Strike","Clothesline"],"picked":"SKIP","floor":5},{"not_picked":["Power Through","Clothesline+1"],"picked":"Flex","floor":6},{"not_picked":["Second Wind","Hemokinesis+1"],"picked":"Metallicize","floor":13},{"not_picked":["Barricade","Offering"],"picked":"Immolate+1","floor":16},{"not_picked":["Havoc","Battle Trance","Body Slam+1"],"picked":"SKIP","floor":18},{"not_picked":["Shockwave","Second Wind+1"],"picked":"Whirlwind+1","floor":19},{"not_picked":["Rage","Pommel Strike+1"],"picked":"Carnage+1","floor":20},{"not_picked":["Intimidate","Clothesline+1"],"picked":"Spot Weakness","floor":22},{"not_picked":["Body Slam+1","Havoc","Anger+1"],"picked":"SKIP","floor":24},{"not_picked":["Intimidate","Iron Wave+1","Fire Breathing"],"picked":"SKIP","floor":25},{"not_picked":["Juggernaut","Seeing Red+1"],"picked":"Cleave+1","floor":30},{"not_picked":["Searing Blow+1","Pommel Strike+1"],"picked":"Sword Boomerang+1","floor":31}],"player_experience":786659,"relics_obtained":[{"floor":6,"key":"Molten Egg 2"},{"floor":9,"key":"PreservedInsect"},{"floor":26,"key":"Lantern"},{"floor":31,"key":"Ancient Tea Set"}],"event_choices":[{"damage_healed":0,"gold_gain":75,"player_choice":"Gather Gold","damage_taken":11,"max_hp_gain":0,"max_hp_loss":0,"event_name":"World of Goop","floor":2,"gold_loss":0},{"damage_healed":0,"gold_gain":275,"player_choice":"Desecrate","damage_taken":0,"max_hp_gain":0,"max_hp_loss":0,"event_name":"Golden Shrine","floor":11,"gold_loss":0,"cards_obtained":["Regret"]},{"damage_healed":0,"gold_gain":0,"player_choice":"Simplicity","damage_taken":0,"max_hp_gain":0,"max_hp_loss":0,"event_name":"Back to Basics","floor":27,"gold_loss":0,"cards_upgraded":["Strike_R","Strike_R","Strike_R","Defend_R","Defend_R","Defend_R","Defend_R"]},{"damage_healed":0,"gold_gain":0,"player_choice":"Inject Mutagens","damage_taken":0,"relics_obtained":["MutagenicStrength"],"max_hp_gain":0,"max_hp_loss":0,"event_name":"Drug Dealer","floor":28,"gold_loss":0}],"is_beta":false,"boss_relics":[{"not_picked":["Runic Cube","Astrolabe"],"picked":"Black Blood"}],"items_purged_floors":[14],"is_endless":false,"potions_floor_spawned":[1,13,22,24,25,30],"killed_by":"Champ","ascension_level":15}}