{"host":"j0lq4v91luowxwha","time":1613566700,"event":{"mods":["BaseMod","Colored Powertips","Downfall","Hermit","Minty Spire (QoL Compilation)","Quick Restart","Replay The Spire","StSLib","SuperFastMode","The Cursed"],"gold_per_floor":[99,116,131,151,166,113,113,141,159,171,13,44,64,83,94,194,194,194,206,223,241,151,151,151,161,193,208,123,136,136,150,170,170,170,170],"floor_reached":33,"language":"ENG","playtime":2984,"items_purged":["Slimebound:Strike_Slimebound"],"score":314,"play_id":"97e5d9a4-c672-4cc0-93f6-c13dc8948476","local_time":"20210217075820","is_ascension_mode":false,"campfire_choices":[{"data":"Slimebound:Split","floor":1,"key":"SMITH"},{"data":"Slimebound:MassRepurpose","floor":18,"key":"SMITH"}],"circlet_count":0,"master_deck":["Slimebound:Strike_Slimebound","Slimebound:Strike_Slimebound","Slimebound:Tackle","Slimebound:Defend_Slimebound","Slimebound:Defend_Slimebound","Slimebound:Defend_Slimebound","Slimebound:Defend_Slimebound","Slimebound:Split+1","Slimebound:CorrosiveSpit","Slimebound:Prepare","Slimebound:LeechingTouch","Slimebound:Prepare","Slimebound:SplitMire","Slimebound:GoopSpray","Slimebound:LeadByExample","Slimebound:SlimeSpikes","Slimebound:LivingWall","Slimebound:Replication","Slimebound:RallyTheTroops","Slimebound:MassRepurpose+1","Slimebound:SlimeBarrage","Slimebound:Replication","Slimebound:LevelUp","Slimebound:SpikyOuterGoop","Slimebound:Repurpose"],"relics":["Slimebound:AbsorbEndCombat","Gambling Chip","Simple Rune","Slimebound:MaxSlimesRelic","ChewingGum","Mercury Hourglass","Gremlin Food","MutagenicStrength"],"acts_visited":["Exordium","TheCity"],"potions_floor_usage":[],"damage_taken":[{"damage":4,"enemies":"2 Louse","floor":2,"turns":3},{"damage":1,"enemies":"Cultist","floor":3,"turns":4},{"damage":0,"enemies":"Jaw Worm","floor":4,"turns":4},{"damage":2,"enemies":"Blue Slaver","floor":5,"turns":6},{"damage":0,"enemies":"downfall:FleeingMerchant","floor":6,"turns":4},{"damage":0,"enemies":"Lagavulin","floor":8,"turns":6},{"damage":0,"enemies":"Exordium Thugs","floor":9,"turns":5},{"damage":3,"enemies":"3 Louse","floor":10,"turns":3},{"damage":0,"enemies":"downfall:FleeingMerchant","floor":11,"turns":4},{"damage":13,"enemies":"Gremlin Nob","floor":12,"turns":5},{"damage":0,"enemies":"Large Slime","floor":13,"turns":5},{"damage":0,"enemies":"Red Slaver","floor":14,"turns":4},{"damage":0,"enemies":"Exordium Wildlife","floor":15,"turns":4},{"damage":26,"enemies":"IC_STATUS_ARCHETYPE","floor":16,"turns":9},{"damage":5,"enemies":"3 Byrds","floor":19,"turns":5},{"damage":0,"enemies":"Chosen","floor":20,"turns":6},{"damage":10,"enemies":"Snake Plant","floor":21,"turns":3},{"damage":0,"enemies":"downfall:FleeingMerchant","floor":22,"turns":4},{"damage":16,"enemies":"Snecko","floor":25,"turns":6},{"damage":33,"enemies":"Slavers","floor":26,"turns":6},{"damage":2,"enemies":"Chosen and Byrds","floor":27,"turns":3},{"damage":0,"enemies":"downfall:FleeingMerchant","floor":28,"turns":4},{"damage":18,"enemies":"Centurion and Healer","floor":29,"turns":4},{"damage":15,"enemies":"Snake Plant","floor":31,"turns":4},{"damage":5,"enemies":"Snecko","floor":32,"turns":4},{"damage":33,"enemies":"WA_ARCHETYPE_CALM","floor":33,"turns":5}],"seed_played":"6213453307745765870","potions_obtained":[{"floor":0,"key":"EntropicBrew"},{"floor":0,"key":"Slimebound:SpawnSlimePotion"},{"floor":0,"key":"GamblersBrew"},{"floor":5,"key":"Strength Potion"}],"is_trial":false,"path_per_floor":["R","M","M","M","M","$","T","E","M","M","$","E","M","M","M","B",null,"R","M","M","M","$","?","T","M","E","M","$","M","?","M","M","B"],"character_chosen":"SLIMEBOUND","items_purchased":["Slimebound:LeadByExample","Simple Rune","Slimebound:SpikyOuterGoop"],"campfire_rested":0,"item_purchase_floors":[6,11,28],"current_hp_per_floor":[65,65,65,65,65,65,65,65,65,65,65,54,62,64,65,46,65,65,65,65,57,65,65,65,49,22,24,28,16,16,3,6,0,0,0],"gold":170,"neow_bonus":"THREE_SMALL_POTIONS","is_daily":false,"chose_seed":false,"campfire_upgraded":2,"win_rate":0.0,"timestamp":1613566700,"path_taken":["R","M","M","M","M","$","T","E","M","M","$","E","M","M","M","BOSS","R","M","M","M","$","?","T","M","E","M","?","M","?","M","M","BOSS"],"items_purchased_type":["Card","Relic","Card"],"build_version":"2020-12-22","purchased_purges":1,"victory":false,"max_hp_per_floor":[65,65,65,65,65,65,65,65,65,65,65,65,65,65,65,65,65,65,65,65,65,65,65,65,65,65,65,65,65,65,65,65,65,65,65],"card_choices":[{"not_picked":["Slimebound:SplitLeeching","Slimebound:SplitMire"],"picked":"Slimebound:Prepare","floor":2},{"not_picked":["Slimebound:Equalize","Slimebound:LeechEnergy"],"picked":"Slimebound:LeechingTouch","floor":3},{"not_picked":["Slimebound:DouseInSlime","Slimebound:SamplingLick"],"picked":"Slimebound:Prepare","floor":4},{"not_picked":["Slimebound:SplitLeeching","Slimebound:DisruptingSlam"],"picked":"Slimebound:SplitMire","floor":5},{"not_picked":["Slimebound:ViciousTackle","Slimebound:Prepare"],"picked":"Slimebound:GoopSpray","floor":6},{"not_picked":["Slimebound:FinishingTackle","Slimebound:ProtectTheBoss"],"picked":"Slimebound:SlimeSpikes","floor":8},{"not_picked":["Slimebound:ItLooksTasty","Slimebound:SplitBruiser","Slimebound:LeechingTouch"],"picked":"SKIP","floor":9},{"not_picked":["Slimebound:SlimeBarrage","Slimebound:Equalize"],"picked":"Slimebound:LivingWall","floor":10},{"not_picked":["Slimebound:SamplingLick","Slimebound:ComboTackle"],"picked":"Slimebound:Replication","floor":11},{"not_picked":["Slimebound:RollThrough","Slimebound:Schlurp"],"picked":"Slimebound:RallyTheTroops","floor":12},{"not_picked":["Slimebound:Dissolve","Slimebound:SplitAcid","Slimebound:GoopSpray"],"picked":"SKIP","floor":13},{"not_picked":["Slimebound:Schlurp","Slimebound:GoopSpray","Slimebound:SplitLeeching"],"picked":"SKIP","floor":14},{"not_picked":["Slimebound:Prepare","Slimebound:RollThrough","Slimebound:SlimeSpikes"],"picked":"SKIP","floor":15},{"not_picked":["Slimebound:Teamwork","Slimebound:OneTwoCombo"],"picked":"Slimebound:MassRepurpose","floor":16},{"not_picked":["Slimebound:TongueLash","Slimebound:FlameTackle","Slimebound:HauntingLick"],"picked":"SKIP","floor":19},{"not_picked":["Slimebound:SplitMire","Slimebound:LivingWall"],"picked":"Slimebound:SlimeBarrage","floor":20},{"not_picked":["Slimebound:SlimeSpikes+1","Slimebound:GoopSpray"],"picked":"Slimebound:Replication","floor":21},{"not_picked":["Slimebound:Gluttony","Slimebound:Schlurp+1"],"picked":"Slimebound:LevelUp","floor":22},{"not_picked":["Slimebound:ItLooksTasty","Slimebound:GoopSpray+1","Slimebound:DisruptingSlam+1"],"picked":"SKIP","floor":25},{"not_picked":["Slimebound:HauntingLick","Slimebound:OozeBath","Slimebound:Overexert"],"picked":"SKIP","floor":26},{"not_picked":["Slimebound:GoopTackle+1","Slimebound:GoopSpray","Slimebound:SplitAcid+1"],"picked":"SKIP","floor":27},{"not_picked":["Slimebound:LeechEnergy","Slimebound:SplitBruiser","Slimebound:Grow"],"picked":"SKIP","floor":28},{"not_picked":["Slimebound:SamplingLick","Slimebound:Prepare","Slimebound:TongueLash"],"picked":"SKIP","floor":29},{"not_picked":["Slimebound:Chomp","Slimebound:GoopSpray"],"picked":"Slimebound:Repurpose","floor":31},{"not_picked":["Slimebound:GrowthPunch","Slimebound:SlimeSpikes","Slimebound:SplitMire+1"],"picked":"SKIP","floor":32}],"player_experience":222661,"relics_obtained":[{"floor":8,"key":"Gambling Chip"},{"floor":12,"key":"Slimebound:MaxSlimesRelic"},{"floor":24,"key":"Mercury Hourglass"},{"floor":26,"key":"Gremlin Food"}],"event_choices":[{"damage_healed":0,"gold_gain":0,"player_choice":"Full Heal","damage_taken":0,"max_hp_gain":0,"max_hp_loss":0,"event_name":"Wheel of Change","floor":23,"gold_loss":0},{"damage_healed":0,"gold_gain":0,"player_choice":"Inject Mutagens","damage_taken":0,"relics_obtained":["MutagenicStrength"],"max_hp_gain":0,"max_hp_loss":0,"event_name":"Drug Dealer","floor":30,"gold_loss":0}],"is_beta":false,"boss_relics":[{"not_picked":["Replay:Drink Me","bronze:MakeshiftBattery"],"picked":"ChewingGum"}],"items_purged_floors":[22],"is_endless":false,"potions_floor_spawned":[5,9,10,12,13,15,25,26,29,31],"killed_by":"WA_ARCHETYPE_CALM","ascension_level":0}}