{"host":"js2su9tbbk4rmjfl","time":1613576271,"event":{"mods":["AchievementEnabler","BaseMod","Block Reminder","Colored Map","Colored Powertips","Highlight Path","Minty Spire (QoL Compilation)","Relic Stats"],"gold_per_floor":[112,112,112,131,154,180,180,180,180,190,200,124,137,80,80,157,157,168,218,238,253,253,253],"floor_reached":22,"language":"ENG","playtime":898,"items_purged":[],"score":401,"play_id":"dd2bddec-9cd5-4730-b8d9-0c7ba786fce7","local_time":"20210217163751","is_ascension_mode":true,"campfire_choices":[{"data":"Perfected Strike","floor":8,"key":"SMITH"},{"data":"Searing Blow","floor":15,"key":"SMITH"}],"circlet_count":0,"master_deck":["AscendersBane","Strike_R","Strike_R","Strike_R","Strike_R","Strike_R","Defend_R","Defend_R","Defend_R","Bash","Whirlwind","Uppercut","Perfected Strike+1","Pummel","Searing Blow+1","Spot Weakness","Shrug It Off","Perfected Strike","Double Tap"],"relics":["Burning Blood","NeowsBlessing","Smiling Mask","Mercury Hourglass","Bottled Flame","SlaversCollar"],"acts_visited":["Exordium","TheCity"],"potions_floor_usage":[16,20,22],"damage_taken":[{"damage":0,"enemies":"Jaw Worm","floor":1,"turns":1},{"damage":0,"enemies":"Small Slimes","floor":4,"turns":1},{"damage":0,"enemies":"3 Sentries","floor":6,"turns":2},{"damage":0,"enemies":"Cultist","floor":10,"turns":2},{"damage":17,"enemies":"Gremlin Gang","floor":11,"turns":3},{"damage":23,"enemies":"Exordium Thugs","floor":13,"turns":5},{"damage":50,"enemies":"The Guardian","floor":16,"turns":12},{"damage":0,"enemies":"3 Byrds","floor":18,"turns":4},{"damage":24,"enemies":"Shell Parasite","floor":20,"turns":4},{"damage":38,"enemies":"Chosen and Byrds","floor":21,"turns":6},{"damage":30,"enemies":"Masked Bandits","floor":22,"turns":3}],"seed_played":"2522704134180872876","potions_obtained":[{"floor":1,"key":"Block Potion"},{"floor":10,"key":"AttackPotion"},{"floor":13,"key":"Block Potion"},{"floor":20,"key":"Fire Potion"}],"is_trial":false,"path_per_floor":["M","$","?","M","T","E","?","R","T","M","M","$","M","$","R","B",null,"M","?","M","M","?"],"character_chosen":"IRONCLAD","items_purchased":["Spot Weakness","Perfected Strike"],"campfire_rested":0,"item_purchase_floors":[12,14],"current_hp_per_floor":[74,74,79,80,80,80,80,80,80,80,69,69,52,52,52,8,62,68,68,50,18,0,0],"gold":253,"neow_bonus":"THREE_ENEMY_KILL","is_daily":false,"chose_seed":false,"campfire_upgraded":2,"win_rate":0.0,"timestamp":1613576271,"path_taken":["M","$","?","M","?","E","?","R","T","?","?","?","M","$","R","BOSS","M","?","?","M","?"],"items_purchased_type":["Card","Card"],"build_version":"2020-12-22","purchased_purges":0,"victory":false,"max_hp_per_floor":[75,75,80,80,80,80,80,80,80,80,80,80,80,80,80,80,80,80,80,80,80,80,80],"relic_stats":{"counters":[11,43],"Smiling Mask":0,"obtain_stats":[{"SlaversCollar":17,"Bottled Flame":9,"NeowsBlessing":0,"Smiling Mask":5,"Burning Blood":0,"Mercury Hourglass":6},{"SlaversCollar":7,"Bottled Flame":3,"NeowsBlessing":0,"Smiling Mask":2,"Burning Blood":0,"Mercury Hourglass":3},{"SlaversCollar":26,"Bottled Flame":4,"NeowsBlessing":0,"Smiling Mask":2,"Burning Blood":0,"Mercury Hourglass":4}],"Burning Blood":43,"Mercury Hourglass":[150]},"card_choices":[{"not_picked":["Fire Breathing","Combust"],"picked":"Whirlwind","floor":1},{"not_picked":["Flame Barrier","Twin Strike"],"picked":"Uppercut","floor":4},{"not_picked":["Blood for Blood","Body Slam"],"picked":"Perfected Strike","floor":6},{"not_picked":["Havoc","Body Slam"],"picked":"Pummel","floor":10},{"not_picked":["Feel No Pain","Havoc"],"picked":"Searing Blow","floor":11},{"not_picked":["Clash","Cleave"],"picked":"Shrug It Off","floor":13},{"not_picked":["Offering","Fiend Fire"],"picked":"Double Tap","floor":16},{"not_picked":["Sever Soul","Body Slam","Sentinel"],"picked":"SKIP","floor":18},{"not_picked":["Pommel Strike","Headbutt","Heavy Blade"],"picked":"SKIP","floor":20},{"not_picked":["Anger","Combust+1","Sever Soul+1"],"picked":"SKIP","floor":21}],"player_experience":815140,"relics_obtained":[{"floor":5,"key":"Smiling Mask"},{"floor":6,"key":"Mercury Hourglass"},{"floor":9,"key":"Bottled Flame"}],"event_choices":[{"damage_healed":0,"gold_gain":0,"player_choice":"Donut","damage_taken":0,"max_hp_gain":5,"max_hp_loss":0,"event_name":"Big Fish","floor":3,"gold_loss":0},{"cards_removed":["Defend_R"],"damage_healed":0,"gold_gain":0,"player_choice":"Purged","damage_taken":0,"max_hp_gain":0,"max_hp_loss":0,"event_name":"Purifier","floor":7,"gold_loss":0},{"damage_healed":0,"gold_gain":50,"player_choice":"Pray","damage_taken":0,"max_hp_gain":0,"max_hp_loss":0,"event_name":"Golden Shrine","floor":19,"gold_loss":0},{"damage_healed":0,"gold_gain":0,"player_choice":"Fought Bandits","damage_taken":0,"max_hp_gain":0,"max_hp_loss":0,"event_name":"Masked Bandits","floor":22,"gold_loss":0}],"is_beta":false,"boss_relics":[{"not_picked":["Empty Cage","Cursed Key"],"picked":"SlaversCollar"}],"items_purged_floors":[],"is_endless":false,"potions_floor_spawned":[1,10,13,20],"killed_by":"Masked Bandits","ascension_level":18}}