{"host":"pfea746agqdggr2u","time":1613551423,"event":{"mods":["BaseMod","Filter the Spire","Minty Spire (QoL Compilation)"],"gold_per_floor":[113,128,141,160,179,206,206,49,72,72,72,72,107,122,122,242,242,265,265,281,281,302,302,323,361,361,361,388,388,404,418,418,546,546,565,565,578,578,599,599,194,230,255,255,279,279,300,323,323,323,323,323,29,73,73],"floor_reached":56,"language":"ENG","playtime":3841,"items_purged":[],"score":1186,"play_id":"32226387-8627-482c-877a-d00a939a7e70","local_time":"20210217004343","is_ascension_mode":false,"campfire_choices":[{"data":"Double Energy","floor":7.0,"key":"SMITH"},{"data":"Self Repair","floor":10.0,"key":"SMITH"},{"floor":12.0,"key":"REST"},{"data":"Double Energy","floor":15.0,"key":"SMITH"},{"data":"White Noise","floor":23.0,"key":"SMITH"},{"floor":32.0,"key":"REST"},{"floor":40.0,"key":"RECALL"},{"data":"Echo Form","floor":44.0,"key":"SMITH"},{"data":"Electrodynamics","floor":46.0,"key":"SMITH"},{"data":"Storm","floor":49.0,"key":"SMITH"},{"data":"Seek","floor":52.0,"key":"SMITH"}],"circlet_count":0,"master_deck":["Zap","Dualcast","Double Energy+1","Buffer","Lockon","Genetic Algorithm","Chill","Storm+1","Melter","Sweeping Beam","Self Repair+1","Double Energy+1","Seek+1","White Noise+1","Electrodynamics+1","Doom and Gloom","Rip and Tear","Biased Cognition","Heatsinks","Coolheaded","Echo Form+1","Machine Learning","Machine Learning","CurseOfTheBell","Go for the Eyes+1"],"relics":["Pandora\u0027s Box","Anchor","Tiny Chest","Bag of Marbles","Golden Idol","Bag of Preparation","Boot","Bronze Scales","Calling Bell","Happy Flower","Pantograph","Dead Branch","Pear","HandDrill","Kunai","Juzu Bracelet","Regal Pillow","Strange Spoon","Centennial Puzzle","InkBottle"],"acts_visited":["Exordium","TheCity","TheBeyond","TheEnding"],"potions_floor_usage":[55],"damage_taken":[{"damage":0.0,"enemies":"Small Slimes","floor":1.0,"turns":3.0},{"damage":3.0,"enemies":"Jaw Worm","floor":2.0,"turns":3.0},{"damage":0.0,"enemies":"2 Louse","floor":3.0,"turns":2.0},{"damage":0.0,"enemies":"Exordium Wildlife","floor":4.0,"turns":4.0},{"damage":1.0,"enemies":"Looter","floor":5.0,"turns":3.0},{"damage":20.0,"enemies":"3 Sentries","floor":6.0,"turns":5.0},{"damage":0.0,"enemies":"Gremlin Nob","floor":13.0,"turns":4.0},{"damage":0.0,"enemies":"Red Slaver","floor":14.0,"turns":4.0},{"damage":36.0,"enemies":"The Guardian","floor":16.0,"turns":7.0},{"damage":6.0,"enemies":"Shell Parasite","floor":18.0,"turns":4.0},{"damage":0.0,"enemies":"3 Byrds","floor":20.0,"turns":1.0},{"damage":0.0,"enemies":"Shelled Parasite and Fungi","floor":22.0,"turns":1.0},{"damage":16.0,"enemies":"Snecko","floor":24.0,"turns":4.0},{"damage":30.0,"enemies":"Gremlin Leader","floor":25.0,"turns":5.0},{"damage":17.0,"enemies":"Snake Plant","floor":30.0,"turns":4.0},{"damage":8.0,"enemies":"Centurion and Healer","floor":31.0,"turns":3.0},{"damage":14.0,"enemies":"Automaton","floor":33.0,"turns":5.0},{"damage":21.0,"enemies":"3 Darklings","floor":35.0,"turns":4.0},{"damage":10.0,"enemies":"3 Shapes","floor":37.0,"turns":3.0},{"damage":13.0,"enemies":"Writhing Mass","floor":39.0,"turns":5.0},{"damage":0.0,"enemies":"Reptomancer","floor":42.0,"turns":4.0},{"damage":4.0,"enemies":"Spire Growth","floor":45.0,"turns":3.0},{"damage":11.0,"enemies":"Transient","floor":47.0,"turns":5.0},{"damage":10.0,"enemies":"Jaw Worm Horde","floor":48.0,"turns":3.0},{"damage":6.0,"enemies":"Awakened One","floor":50.0,"turns":7.0},{"damage":32.0,"enemies":"Shield and Spear","floor":54.0,"turns":3.0},{"damage":57,"enemies":"The Heart","floor":55,"turns":7}],"seed_played":"4876106059501378599","potions_obtained":[{"floor":3.0,"key":"Swift Potion"},{"floor":4.0,"key":"Explosive Potion"},{"floor":5.0,"key":"Regen Potion"},{"floor":6.0,"key":"SteroidPotion"},{"floor":16.0,"key":"LiquidBronze"},{"floor":22.0,"key":"FocusPotion"},{"floor":24.0,"key":"Dexterity Potion"},{"floor":25.0,"key":"DuplicationPotion"},{"floor":31.0,"key":"CultistPotion"},{"floor":39.0,"key":"PowerPotion"},{"floor":45.0,"key":"LiquidMemories"},{"floor":54.0,"key":"SkillPotion"}],"is_trial":false,"path_per_floor":["M","M","M","M","M","E","R","$","T","R","?","R","E","M","R","B",null,"M","?","M","$","M","R","M","E","T","?","T","?","M","M","R","B",null,"M","?","M","T","M","R","$","E","T","R","M","R","M","M","R","B",null,"R","$","E","B",null],"character_chosen":"DEFECT","items_purchased":["Tiny Chest","HandDrill","Kunai","Strange Spoon","Centennial Puzzle"],"campfire_rested":2,"item_purchase_floors":[8,41,41,53,53],"current_hp_per_floor":[75,72,72,75,75,62,62,62,62,62,44,66,75,75,75,49,75,75,75,75,75,75,75,69,49,49,74,74,74,67,69,75,61,75,74,74,74,84,85,85,85,85,85,85,85,85,84,85,85,85,85,85,85,63,38],"gold":73,"neow_bonus":"BOSS_RELIC","is_daily":false,"chose_seed":false,"campfire_upgraded":8,"win_rate":0.0,"timestamp":1613551423,"path_taken":["M","M","M","M","M","E","R","$","T","R","?","R","E","M","R","BOSS","M","?","M","$","M","R","M","E","T","?","?","?","?","M","R","BOSS","M","?","M","?","?","R","$","E","T","R","M","R","M","M","R","BOSS","R","$","E","BOSS"],"items_purchased_type":["Relic","Relic","Relic","Relic","Relic"],"build_version":"2020-12-22","purchased_purges":0,"victory":true,"max_hp_per_floor":[75,75,75,75,75,75,75,75,75,75,75,75,75,75,75,75,75,75,75,75,75,75,75,75,75,75,75,75,75,75,75,75,75,75,75,75,75,85,85,85,85,85,85,85,85,85,85,85,85,85,85,85,85,85,85],"card_choices":[{"not_picked":["Streamline","Turbo"],"picked":"Melter","floor":1.0},{"not_picked":["Beam Cell","Rebound"],"picked":"Sweeping Beam","floor":2.0},{"not_picked":["Hello World","Genetic Algorithm"],"picked":"Self Repair","floor":3.0},{"not_picked":["Rip and Tear","Steam"],"picked":"Double Energy","floor":4.0},{"not_picked":["Barrage","Self Repair"],"picked":"Darkness","floor":5.0},{"not_picked":["Reinforced Body","Heatsinks"],"picked":"Seek","floor":6.0},{"not_picked":["Heatsinks","Turbo"],"picked":"White Noise","floor":13.0},{"not_picked":["Melter","Sweeping Beam","Turbo"],"picked":"SKIP","floor":14.0},{"not_picked":["Seek","Biased Cognition"],"picked":"Electrodynamics","floor":16.0},{"not_picked":["Cold Snap+1","Hologram"],"picked":"Doom and Gloom","floor":18.0},{"not_picked":["Turbo","Capacitor"],"picked":"Heatsinks","floor":20.0},{"not_picked":["Consume+1","Stack+1","Cold Snap"],"picked":"SKIP","floor":22.0},{"not_picked":["Leap","Stack"],"picked":"Coolheaded","floor":24.0},{"not_picked":["Stack+1","Rebound+1"],"picked":"Echo Form","floor":25.0},{"not_picked":["Redo","Leap+1","Cold Snap"],"picked":"SKIP","floor":30.0},{"not_picked":["Fusion","Aggregate"],"picked":"Machine Learning","floor":31.0},{"not_picked":["All For One","Buffer"],"picked":"Machine Learning","floor":33.0},{"not_picked":["Redo","Scrape"],"picked":"Go for the Eyes+1","floor":35.0},{"not_picked":["Sweeping Beam","Barrage+1","Echo Form"],"picked":"SKIP","floor":37.0},{"not_picked":["Stack","Aggregate","Melter+1"],"picked":"SKIP","floor":39.0},{"not_picked":["Sweeping Beam+1","Barrage","Turbo+1"],"picked":"SKIP","floor":42.0},{"not_picked":["Melter","Beam Cell+1","Darkness+1"],"picked":"SKIP","floor":45.0},{"not_picked":["Streamline+1","Beam Cell+1","Stack+1"],"picked":"SKIP","floor":47.0},{"not_picked":["Stack+1","Lockon+1","Coolheaded+1"],"picked":"SKIP","floor":48.0},{"not_picked":["Beam Cell","Hello World","Self Repair+1"],"picked":"SKIP","floor":54.0}],"player_experience":87294,"relics_obtained":[{"floor":6.0,"key":"Anchor"},{"floor":9.0,"key":"Bag of Marbles"},{"floor":13.0,"key":"Bag of Preparation"},{"floor":25.0,"key":"Boot"},{"floor":28.0,"key":"Bronze Scales"},{"floor":34.0,"key":"Happy Flower"},{"floor":34.0,"key":"Pantograph"},{"floor":34.0,"key":"Dead Branch"},{"floor":38.0,"key":"Pear"},{"floor":42.0,"key":"Juzu Bracelet"},{"floor":43.0,"key":"Regal Pillow"},{"floor":54.0,"key":"InkBottle"}],"event_choices":[{"damage_healed":0.0,"max_hp_gain":0.0,"max_hp_loss":0.0,"gold_gain":0.0,"event_name":"Golden Idol","player_choice":"Take Damage","floor":11.0,"gold_loss":0.0,"damage_taken":18.0,"relics_obtained":["Golden Idol"]},{"damage_healed":0.0,"max_hp_gain":0.0,"max_hp_loss":0.0,"gold_gain":0.0,"cards_transformed":["Chill","Darkness"],"event_name":"Drug Dealer","player_choice":"Became Test Subject","floor":19.0,"gold_loss":0.0,"damage_taken":0.0,"cards_obtained":["Rip and Tear","Biased Cognition"]},{"damage_healed":25.0,"max_hp_gain":0.0,"max_hp_loss":0.0,"gold_gain":0.0,"event_name":"The Library","player_choice":"Heal","floor":27.0,"gold_loss":0.0,"damage_taken":0.0},{"damage_healed":0.0,"max_hp_gain":0.0,"max_hp_loss":0.0,"gold_gain":0.0,"event_name":"Ghosts","player_choice":"Ignored","floor":29.0,"gold_loss":0.0,"damage_taken":0.0},{"cards_removed":["FTL"],"damage_healed":0.0,"max_hp_gain":0.0,"max_hp_loss":0.0,"gold_gain":0.0,"event_name":"Falling","player_choice":"Removed Attack","floor":36.0,"gold_loss":0.0,"damage_taken":0.0}],"is_beta":false,"boss_relics":[{"not_picked":["Busted Crown","Coffee Dripper","Snecko Eye"]},{"not_picked":["Astrolabe","Fusion Hammer"],"picked":"Calling Bell"}],"items_purged_floors":[],"is_endless":false,"potions_floor_spawned":[3,4,5,6,16,22,24,25,31,39,45,54],"ascension_level":0}}