{"host":"blhqr6uo32maonpv","time":1613545792,"event":{"mods":["BaseMod","Conspire","Downfall","Minty Spire (QoL Compilation)","StSLib","The Bug Knight","The Marked"],"gold_per_floor":[13,188,199,199,217,256,256,269,269,269,297,110,110,129,129,249,249,270,295,118,138,163,163,199,199,269,293,316,316,316,336,336,465,528,547,547,147,147,165,196,209,209,234,82,82,98,98,98,98],"floor_reached":48,"language":"ENG","playtime":3117,"items_purged":["Doubt","downfall:Haunted"],"score":582,"play_id":"811368b4-7f65-41cb-920a-370dbdf8ebb8","local_time":"20210217030952","is_ascension_mode":false,"campfire_choices":[{"floor":7,"key":"REST"},{"data":"Infernal Blade","floor":13,"key":"SMITH"},{"data":"conspire:Charge","floor":15,"key":"SMITH"},{"data":"Sword Boomerang","floor":23,"key":"SMITH"},{"floor":25,"key":"REST"},{"floor":30,"key":"REST"},{"floor":32,"key":"REST"},{"floor":42,"key":"REST"},{"data":"Armaments","floor":45,"key":"SMITH"},{"floor":47,"key":"REST"}],"circlet_count":0,"master_deck":["Strike_R+1","Strike_R","Strike_R","Strike_R","Strike_R","Defend_R","Defend_R","Defend_R+1","Defend_R","Bash","Cleave","Sword Boomerang+1","Shrug It Off","Infernal Blade+1","Body Slam","conspire:Charge+1","Rampage","Iron Wave","Armaments+1","Thunderclap","Pommel Strike","Headbutt+1","Flex","Shrug It Off","Reaper","Flex+1","Perfected Strike+1","Madness","Madness","Perfected Strike","downfall:Haunted","downfall:Aged","Reaper","Twin Strike","Inflame+1","Shrug It Off","Armaments+1","Sword Boomerang"],"relics":["Burning Blood","conspire:InfiniteJournal","Golden Idol","Lantern","conspire:Dentures","White Beast Statue","Odd Mushroom","Vajra","Busted Crown","War Paint","Oddly Smooth Stone","Letter Opener","Tiny House","Mango","Darkstone Periapt","Gremlin Horn","conspire:TopHat"],"acts_visited":["Exordium","TheCity","TheBeyond"],"potions_floor_usage":[16,19,21,22,24,27,28,28,31,31,33,39,40,40,41,41,46,48],"damage_taken":[{"damage":4,"enemies":"conspire:RoseBush","floor":1,"turns":3},{"damage":4,"enemies":"2 Louse","floor":3,"turns":4},{"damage":2,"enemies":"Small Slimes","floor":5,"turns":5},{"damage":29,"enemies":"3 Sentries","floor":6,"turns":8},{"damage":3,"enemies":"3 Louse","floor":8,"turns":3},{"damage":6,"enemies":"The Mushroom Lair","floor":11,"turns":4},{"damage":2,"enemies":"Exordium Thugs","floor":14,"turns":4},{"damage":53,"enemies":"The Guardian","floor":16,"turns":10},{"damage":23,"enemies":"3 Byrds","floor":18,"turns":6},{"damage":0,"enemies":"Spheric Guardian","floor":19,"turns":3},{"damage":25,"enemies":"Snake Plant","floor":21,"turns":5},{"damage":0,"enemies":"Snecko","floor":22,"turns":4},{"damage":32,"enemies":"conspire:SneckoGhost","floor":24,"turns":5},{"damage":8,"enemies":"Sentry and Sphere","floor":27,"turns":6},{"damage":21,"enemies":"Snake Plant","floor":28,"turns":3},{"damage":19,"enemies":"conspire:HollyBat","floor":31,"turns":6},{"damage":53,"enemies":"conspire:MysteriousRune","floor":33,"turns":9},{"damage":28,"enemies":"3 Darklings","floor":35,"turns":5},{"damage":12,"enemies":"Orb Walker","floor":39,"turns":3},{"damage":96,"enemies":"Reptomancer","floor":40,"turns":8},{"damage":62,"enemies":"Maw","floor":41,"turns":7},{"damage":8,"enemies":"4 Shapes","floor":46,"turns":2},{"damage":138,"enemies":"Giant Head","floor":48,"turns":9}],"seed_played":"-2438075426431445069","potions_obtained":[{"floor":6,"key":"sneckomod:MuddlingPotion"},{"floor":8,"key":"LiquidMemories"},{"floor":11,"key":"sneckomod:MuddlingPotion"},{"floor":16,"key":"Strength Potion"},{"floor":18,"key":"SteroidPotion"},{"floor":19,"key":"LiquidMemories"},{"floor":21,"key":"FearPotion"},{"floor":22,"key":"SteroidPotion"},{"floor":24,"key":"Dexterity Potion"},{"floor":27,"key":"AttackPotion"},{"floor":28,"key":"Explosive Potion"},{"floor":31,"key":"FearPotion"},{"floor":33,"key":"Ancient Potion"},{"floor":34,"key":"Dexterity Potion"},{"floor":35,"key":"Ancient Potion"},{"floor":39,"key":"AttackPotion"},{"floor":40,"key":"Regen Potion"},{"floor":41,"key":"LiquidBronze"},{"floor":46,"key":"Block Potion"}],"is_trial":false,"path_per_floor":["M","?","M","?","M","E","R","M","T","?","?","$","R","M","R","B",null,"M","M","$","M","M","R","E","R","T","M","M","?","R","M","R","B",null,"M","?","$","?","M","E","M","R","T","$","R","M","R","E"],"character_chosen":"IRONCLAD","items_purchased":["Vajra","conspire:Charge","War Paint","Thunderclap","Mango","Perfected Strike","Armaments"],"campfire_rested":6,"item_purchase_floors":[12,12,20,20,37,37,44],"current_hp_per_floor":[80,80,80,60,64,41,65,68,68,56,56,56,56,60,60,13,80,63,69,69,50,56,56,30,54,54,52,37,37,61,48,72,25,85,78,67,81,99,96,37,19,54,54,54,54,52,87,0,0],"gold":98,"neow_bonus":"ONE_RARE_RELIC","is_daily":false,"chose_seed":false,"campfire_upgraded":4,"win_rate":0.0,"timestamp":1613545792,"path_taken":["M","?","M","?","M","E","R","M","T","?","?","$","R","?","R","BOSS","M","M","$","M","M","R","E","R","T","M","M","?","R","M","R","BOSS","M","?","$","?","?","E","M","R","T","$","R","M","R","E"],"items_purchased_type":["Relic","Card","Relic","Card","Relic","Card","Card"],"build_version":"2020-12-22","purchased_purges":2,"victory":false,"max_hp_per_floor":[80,80,80,80,80,80,80,80,80,80,80,80,80,80,80,80,80,80,80,80,80,80,80,80,80,80,80,80,80,80,80,80,80,85,85,85,99,117,117,117,117,117,117,117,117,117,117,117,117],"card_choices":[{"not_picked":["True Grit","Body Slam","Blood for Blood"],"picked":"SKIP","floor":1},{"not_picked":["Perfected Strike","Entrench"],"picked":"Cleave","floor":3},{"not_picked":["Blood for Blood","Disarm"],"picked":"Sword Boomerang","floor":5},{"not_picked":["Bloodletting","Seeing Red"],"picked":"Shrug It Off","floor":6},{"not_picked":["Sword Boomerang","Thunderclap"],"picked":"Infernal Blade","floor":8},{"not_picked":["Ghostly Armor","Bloodletting"],"picked":"Body Slam","floor":11},{"not_picked":["Sword Boomerang","Battle Trance"],"picked":"Rampage","floor":14},{"not_picked":[],"picked":"Iron Wave","floor":18},{"not_picked":[],"picked":"Armaments","floor":19},{"not_picked":["Clash"],"picked":"SKIP","floor":21},{"not_picked":[],"picked":"Pommel Strike","floor":22},{"not_picked":[],"picked":"Headbutt+1","floor":24},{"not_picked":[],"picked":"Flex","floor":27},{"not_picked":["Combust"],"picked":"SKIP","floor":28},{"not_picked":[],"picked":"Shrug It Off","floor":31},{"not_picked":[],"picked":"Reaper","floor":33},{"not_picked":[],"picked":"Flex+1","floor":34},{"not_picked":[],"picked":"Perfected Strike+1","floor":35},{"not_picked":[],"picked":"Twin Strike","floor":39},{"not_picked":[],"picked":"Inflame+1","floor":40},{"not_picked":[],"picked":"Shrug It Off","floor":41},{"not_picked":[],"picked":"Sword Boomerang","floor":46}],"player_experience":21078,"relics_obtained":[{"floor":6,"key":"Lantern"},{"floor":9,"key":"conspire:Dentures"},{"floor":11,"key":"Odd Mushroom"},{"floor":24,"key":"Oddly Smooth Stone"},{"floor":26,"key":"Letter Opener"},{"floor":40,"key":"Gremlin Horn"},{"floor":43,"key":"conspire:TopHat"}],"event_choices":[{"damage_healed":0,"gold_gain":175,"player_choice":"AGREE","damage_taken":0,"max_hp_gain":0,"max_hp_loss":0,"event_name":"Liars Game","floor":2,"gold_loss":0,"cards_obtained":["Doubt"]},{"damage_healed":0,"gold_gain":0,"player_choice":"Take Damage","damage_taken":20,"relics_obtained":["Golden Idol"],"max_hp_gain":0,"max_hp_loss":0,"event_name":"Golden Idol","floor":4,"gold_loss":0},{"damage_healed":0,"gold_gain":0,"player_choice":"Success","damage_taken":12,"relics_obtained":["White Beast Statue"],"max_hp_gain":0,"max_hp_loss":0,"event_name":"Scrap Ooze","floor":10,"gold_loss":0},{"damage_healed":0,"gold_gain":0,"player_choice":"Fought Mushrooms","damage_taken":0,"max_hp_gain":0,"max_hp_loss":0,"event_name":"Mushrooms","floor":11,"gold_loss":0},{"damage_healed":0,"gold_gain":0,"player_choice":"Embrace Madness","damage_taken":11,"max_hp_gain":0,"max_hp_loss":0,"event_name":"Winding Halls","floor":36,"gold_loss":0,"cards_obtained":["Madness","Madness"]}],"is_beta":false,"boss_relics":[{"not_picked":["Coffee Dripper","Fusion Hammer"],"picked":"Busted Crown"},{"not_picked":["Runic Dome","Snecko Eye"],"picked":"Tiny House"}],"items_purged_floors":[37,44],"is_endless":false,"potions_floor_spawned":[6,8,11,14,16,18,19,21,22,24,27,28,31,33,35,39,40,41,46],"killed_by":"Giant Head","ascension_level":0}}