{"host":"d44gy1wvr06n5dy0","time":1613601977,"event":{"mods":["BaseMod","Better Altar","Better Match","Better Note","Better Sensory Stone","Better Skull","Better Third Choice","Downfall","GifTheSpireLib","Minty Spire (QoL Compilation)","Relic Stats","StSLib","The Animator","The Construct","The Disciple","The Servant 0.9.4"],"gold_per_floor":[99,109,109,123,123,134,181,193,252,263,163,193,193,206,222,325,325,325,340,356,456,468,368,393,411,424,434,452,452,466,566,580,580,580,580],"floor_reached":33,"language":"ENG","playtime":2369,"items_purged":[],"score":307,"play_id":"8b3ff4b0-ed72-4140-a1c5-ed6ffe3cd9d1","local_time":"20210217154617","is_ascension_mode":false,"campfire_choices":[{"data":"sneckomod:TailWhip","floor":1,"key":"SMITH"},{"floor":11,"key":"REST"},{"floor":18,"key":"RECALL"},{"floor":23,"key":"REST"},{"floor":29,"key":"REST"}],"circlet_count":0,"master_deck":["sneckomod:Strike","sneckomod:Strike","sneckomod:Strike+1","sneckomod:Defend","sneckomod:Defend","sneckomod:Defend","sneckomod:TailWhip+1","sneckomod:SnekBite+1","sneckomod:Unknown","sneckomod:Unknown1Cost","sneckomod:WideSting+1","sneckomod:QuickBite+1","sneckomod:RainOfDice+1","sneckomod:ImprovisedAttack+1","sneckomod:DiceCrush+1","sneckomod:UnknownBlock","sneckomod:SlitherStrike+1","Madness","sneckomod:IronFang+1","sneckomod:QuickBite+1","sneckomod:MorePower","sneckomod:QuickBite+1","sneckomod:IronFang+1","sneckomod:UnknownWeak+1","sneckomod:Nope+1","sneckomod:DiceBlock+1","sneckomod:UnendingSupply+1","Parasite","sneckomod:UnknownRareAttack+1","sneckomod:SnekBeam+1","sneckomod:UnknownWeak+1","sneckomod:SoulExchange","sneckomod:Unknown3Cost+1","sneckomod:DiceBlock","sneckomod:UnknownRareSkill+1","sneckomod:UnknownBoss","sneckomod:SnakeSap+1","sneckomod:WideSting+1","sneckomod:SnakeSap+1"],"relics":["sneckomod:SneckoSoul","Molten Egg 2","Dream Catcher","Ice Cream","downfall:HeartBlessingBlue","Bag of Marbles","Cursed Key","Potion Belt","downfall:HeartBlessingRed","Whetstone"],"acts_visited":["TheCity"],"potions_floor_usage":[21,22,25,28,30,33],"damage_taken":[{"damage":0,"enemies":"Cultist","floor":2,"turns":4},{"damage":6,"enemies":"Jaw Worm","floor":4,"turns":3},{"damage":9,"enemies":"Small Slimes","floor":6,"turns":4},{"damage":1,"enemies":"2 Fungi Beasts","floor":8,"turns":3},{"damage":22,"enemies":"3 Sentries","floor":9,"turns":6},{"damage":0,"enemies":"Gremlin Gang","floor":10,"turns":3},{"damage":26,"enemies":"Lagavulin","floor":12,"turns":4},{"damage":2,"enemies":"Blue Slaver","floor":14,"turns":2},{"damage":9,"enemies":"3 Louse","floor":15,"turns":2},{"damage":32,"enemies":"WA_ARCHETYPE_RETAIN","floor":16,"turns":5},{"damage":0,"enemies":"Spheric Guardian","floor":19,"turns":3},{"damage":24,"enemies":"Shell Parasite","floor":20,"turns":3},{"damage":50,"enemies":"downfall:LadyInBlue","floor":21,"turns":9},{"damage":11,"enemies":"Snake Plant","floor":22,"turns":2},{"damage":11,"enemies":"3 Cultists","floor":25,"turns":4},{"damage":17,"enemies":"Centurion and Healer","floor":26,"turns":5},{"damage":37,"enemies":"Sentry and Sphere","floor":27,"turns":5},{"damage":6,"enemies":"Snecko","floor":28,"turns":3},{"damage":14,"enemies":"Cultist and Chosen","floor":30,"turns":4},{"damage":19,"enemies":"Centurion and Healer","floor":32,"turns":5},{"damage":28,"enemies":"SI_MIRROR_ARCHETYPE","floor":33,"turns":4}],"seed_played":"-1479484300180086473","potions_obtained":[{"floor":4,"key":"GamblersBrew"},{"floor":6,"key":"Ancient Potion"},{"floor":9,"key":"LiquidBronze"},{"floor":15,"key":"PowerPotion"},{"floor":21,"key":"FairyPotion"},{"floor":21,"key":"Energy Potion"},{"floor":21,"key":"DistilledChaos"},{"floor":26,"key":"Energy Potion"},{"floor":28,"key":"Swift Potion"},{"floor":32,"key":"Block Potion"}],"is_trial":false,"path_per_floor":["R","M","T","M","T","M","T","M","?","M","R","E","R","M","M","B",null,"R","M","M","?","M","R","T","M","M","M","M","R","M","?","M","B"],"character_chosen":"THE_SNECKO","items_purchased":[],"campfire_rested":3,"item_purchase_floors":[],"current_hp_per_floor":[99,99,99,93,93,84,84,83,61,61,103,77,77,75,66,34,109,109,109,85,35,24,56,56,45,28,32,26,58,44,44,25,0,0,0],"gold":580,"neow_bonus":"TEN_PERCENT_HP_BONUS","is_daily":false,"chose_seed":false,"campfire_upgraded":1,"win_rate":0.0,"timestamp":1613601977,"path_taken":["R","M","?","M","?","?","T","M","?","M","R","E","R","M","M","BOSS","R","M","M","?","?","R","T","M","M","M","M","R","M","?","M","BOSS"],"items_purchased_type":[],"build_version":"2020-12-22","purchased_purges":0,"victory":false,"max_hp_per_floor":[99,99,99,99,99,99,99,99,99,99,109,109,109,109,109,109,109,109,109,109,109,109,109,109,109,109,109,109,109,109,109,109,109,109,109],"relic_stats":{"Dream Catcher":3,"counters":[21,83],"Whetstone":["sneckomod:Strike","sneckomod:SnekBite"],"Cursed Key":1,"obtain_stats":[{"Ice Cream":9,"Potion Belt":21,"Dream Catcher":7,"downfall:HeartBlessingRed":23,"downfall:HeartBlessingBlue":11,"Molten Egg 2":3,"Bag of Marbles":12,"Whetstone":24,"sneckomod:SneckoSoul":0,"Cursed Key":17},{"Ice Cream":5,"Potion Belt":13,"Dream Catcher":3,"downfall:HeartBlessingRed":14,"downfall:HeartBlessingBlue":6,"Molten Egg 2":1,"Bag of Marbles":7,"Whetstone":14,"sneckomod:SneckoSoul":0,"Cursed Key":10},{"Ice Cream":20,"Potion Belt":51,"Dream Catcher":11,"downfall:HeartBlessingRed":53,"downfall:HeartBlessingBlue":23,"Molten Egg 2":4,"Bag of Marbles":27,"Whetstone":53,"sneckomod:SneckoSoul":0,"Cursed Key":36}]},"card_choices":[{"not_picked":["sneckomod:QuickBite","sneckomod:QuickMove"],"picked":"sneckomod:Unknown1Cost","floor":2},{"not_picked":["sneckomod:SoulRoll","sneckomod:SerpentIdol"],"picked":"sneckomod:WideSting+1","floor":4},{"not_picked":["sneckomod:DiceBlock","sneckomod:UnknownX"],"picked":"sneckomod:QuickBite+1","floor":6},{"not_picked":["sneckomod:Unknown1Cost","sneckomod:DiceBlock"],"picked":"sneckomod:RainOfDice+1","floor":8},{"not_picked":["sneckomod:RainOfDice+1","sneckomod:Nope"],"picked":"sneckomod:ImprovisedAttack+1","floor":9},{"not_picked":["sneckomod:UnknownVulnerable","sneckomod:SerpentIdol"],"picked":"sneckomod:DiceCrush+1","floor":10},{"not_picked":["sneckomod:RainOfDice+1","sneckomod:UnknownUncommonSkill"],"picked":"sneckomod:UnknownBlock","floor":11},{"not_picked":["sneckomod:MasterEye","sneckomod:SoulCleanse"],"picked":"sneckomod:SlitherStrike+1","floor":12},{"not_picked":["sneckomod:SoulExchange","sneckomod:UnknownStrike+1"],"picked":"sneckomod:IronFang+1","floor":14},{"not_picked":["sneckomod:UnknownVulnerable","sneckomod:RainOfDice+1"],"picked":"sneckomod:QuickBite+1","floor":15},{"not_picked":["sneckomod:Unknown3Cost","sneckomod:Cheat"],"picked":"sneckomod:MorePower","floor":16},{"not_picked":["sneckomod:UnknownUncommonSkill","sneckomod:UnknownBlock"],"picked":"sneckomod:QuickBite+1","floor":19},{"not_picked":["sneckomod:Unknown0Cost","sneckomod:CheapStock"],"picked":"sneckomod:IronFang+1","floor":20},{"not_picked":["sneckomod:UnknownExhaust+1","sneckomod:Unknown2Cost+1"],"picked":"sneckomod:UnknownWeak+1","floor":21},{"not_picked":["sneckomod:UnknownUncommonSkill","sneckomod:UnknownUncommonPower"],"picked":"sneckomod:Nope+1","floor":21},{"not_picked":["sneckomod:Unknown2Cost","sneckomod:Nope+1"],"picked":"sneckomod:DiceBlock+1","floor":22},{"not_picked":["sneckomod:UnknownUncommonPower","sneckomod:SerpentMind"],"picked":"sneckomod:UnendingSupply+1","floor":23},{"not_picked":["sneckomod:UnknownBlock+1","sneckomod:Unknown2Cost+1"],"picked":"sneckomod:UnknownRareAttack+1","floor":25},{"not_picked":["sneckomod:UnknownCommonAttack+1","sneckomod:UnendingSupply"],"picked":"sneckomod:SnekBeam+1","floor":25},{"not_picked":["sneckomod:UnknownVulnerable+1","sneckomod:Unknown1Cost+1"],"picked":"sneckomod:UnknownWeak+1","floor":26},{"not_picked":["sneckomod:SoulCleanse","sneckomod:QuickBite+1"],"picked":"sneckomod:SoulExchange","floor":26},{"not_picked":["sneckomod:Unknown2Cost+1","sneckomod:UnknownStrike+1"],"picked":"sneckomod:Unknown3Cost+1","floor":27},{"not_picked":["sneckomod:DiceCrush+1","sneckomod:UnknownWeak"],"picked":"sneckomod:DiceBlock","floor":27},{"not_picked":["sneckomod:UnknownExhaust+1","sneckomod:Unknown0Cost+1"],"picked":"sneckomod:UnknownRareSkill+1","floor":28},{"not_picked":["sneckomod:RainOfDice+1","sneckomod:Nope"],"picked":"sneckomod:UnknownBoss","floor":28},{"not_picked":["sneckomod:IronFang+1","sneckomod:CheapStock"],"picked":"sneckomod:SnakeSap+1","floor":29},{"not_picked":["sneckomod:DiceCrush+1","sneckomod:UnknownStrike+1"],"picked":"sneckomod:WideSting+1","floor":30},{"not_picked":["sneckomod:SnekBeam+1","sneckomod:Unknown0Cost"],"picked":"sneckomod:SnakeSap+1","floor":32}],"player_experience":385216,"relics_obtained":[{"floor":3,"key":"Molten Egg 2"},{"floor":7,"key":"Dream Catcher"},{"floor":9,"key":"Ice Cream"},{"floor":12,"key":"Bag of Marbles"},{"floor":21,"key":"Potion Belt"},{"floor":24,"key":"Whetstone"}],"event_choices":[],"is_beta":false,"boss_relics":[{"not_picked":["Philosopher\u0027s Stone","Pandora\u0027s Box"],"picked":"Cursed Key"}],"items_purged_floors":[],"is_endless":false,"potions_floor_spawned":[4,6,9,12,15,19,26,28,32],"killed_by":"SI_MIRROR_ARCHETYPE","ascension_level":0}}