{"host":"o1scrl1hgy598kuq","time":1613548693,"event":{"mods":["BaseMod","Colored Map","Colored Powertips","Minty Spire (QoL Compilation)","Remilia??????","Replay The Spire","Shop Mod","StSLib","The Jungle","The Marked","The Servant 0.9.4"],"gold_per_floor":[112,131,131,141,141,141,171,171,194,222,222,238,250,274,274,379,379,362,362,50,50,50,50],"floor_reached":22,"language":"ENG","playtime":1142,"items_purged":["Strike_B"],"score":221,"play_id":"19011243-52b3-4f23-a5f8-8cc9b67378f9","local_time":"20210217015813","is_ascension_mode":true,"campfire_choices":[{"data":"Darkness","floor":6,"key":"SMITH"},{"data":"Stack","floor":8,"key":"SMITH"},{"data":"Zap","floor":11,"key":"SMITH"},{"data":"Coolheaded","floor":15,"key":"SMITH"}],"circlet_count":0,"master_deck":["Strike_B","Strike_B","Defend_B","Defend_B","Defend_B","Zap+1","Darkness+1","Conserve Battery","Heatsinks+1","BasicCrystalCard+1","Stack+1","Hologram","Coolheaded+1","Turbo","Amplify+1","Coolheaded+1"],"relics":["Cracked Core","Oddly Smooth Stone","Omamori","Odd Mushroom","Ring of Chaos","MerchantsRug","Juzu Bracelet"],"acts_visited":["Exordium","TheCity"],"potions_floor_usage":[7,14,14,14,14,16,16],"damage_taken":[{"damage":1,"enemies":"Cultist","floor":1,"turns":3},{"damage":5,"enemies":"Small Slimes","floor":2,"turns":3},{"damage":2,"enemies":"Jaw Worm","floor":4,"turns":4},{"damage":3,"enemies":"3 Sentries","floor":7,"turns":6},{"damage":5,"enemies":"Replay:BlueRogue","floor":10,"turns":6},{"damage":2,"enemies":"Blue Slaver","floor":12,"turns":3},{"damage":4,"enemies":"Large Slime","floor":13,"turns":7},{"damage":0,"enemies":"The Mushroom Lair","floor":14,"turns":4},{"damage":19,"enemies":"Slime Boss","floor":16,"turns":10},{"damage":30,"enemies":"2 Thieves","floor":18,"turns":4},{"damage":41,"enemies":"Chosen","floor":22,"turns":6}],"seed_played":"-6288543386945109624","potions_obtained":[{"floor":4,"key":"DuplicationPotion"},{"floor":10,"key":"FocusPotion"},{"floor":12,"key":"EntropicBrew"},{"floor":13,"key":"Weak Potion"}],"is_trial":false,"path_per_floor":["M","M","?","M","?","R","E","R","T","E","R","M","M","?","R","B",null,"M","?","$","?","M"],"character_chosen":"DEFECT","items_purchased":["MerchantsRug","Juzu Bracelet"],"campfire_rested":0,"item_purchase_floors":[20,20],"current_hp_per_floor":[67,62,62,60,60,60,57,57,57,52,52,50,46,46,46,27,68,38,38,38,38,0,0],"gold":50,"neow_bonus":"REMOVE_TWO","is_daily":false,"chose_seed":false,"campfire_upgraded":4,"win_rate":0.0,"timestamp":1613548693,"path_taken":["M","?","?","M","?","R","E","R","T","E","R","M","?","?","R","BOSS","M","?","$","?","M"],"items_purchased_type":["Relic","Relic"],"build_version":"2020-12-22","purchased_purges":1,"victory":false,"max_hp_per_floor":[68,68,68,68,68,68,68,68,68,68,68,68,68,68,68,68,68,68,68,68,68,68,68],"card_choices":[{"not_picked":["Beam Cell","Fusion"],"picked":"Darkness","floor":1},{"not_picked":["Panic Button","Compile Driver"],"picked":"Conserve Battery","floor":2},{"not_picked":["Go for the Eyes","Steam"],"picked":"BasicCrystalCard","floor":4},{"not_picked":["Barrage","Reinforced Body"],"picked":"Stack","floor":7},{"not_picked":["Coolheaded","Ball Lightning"],"picked":"Hologram","floor":10},{"not_picked":["Leap","Barrage"],"picked":"Coolheaded","floor":12},{"not_picked":["Melter","Reprogram"],"picked":"Turbo","floor":13},{"not_picked":["Multi-Cast","Mirror Shield"],"picked":"Amplify","floor":16},{"not_picked":["Go for the Eyes","Cold Snap"],"picked":"Coolheaded+1","floor":18}],"player_experience":257100,"relics_obtained":[{"floor":7,"key":"Oddly Smooth Stone"},{"floor":9,"key":"Omamori"},{"floor":10,"key":"Replay:Bottled Steam"},{"floor":14,"key":"Odd Mushroom"}],"event_choices":[{"damage_healed":0,"gold_gain":0,"player_choice":"Fought Mushrooms","damage_taken":0,"max_hp_gain":0,"max_hp_loss":0,"event_name":"Mushrooms","floor":14,"gold_loss":0},{"damage_healed":0,"gold_gain":0,"player_choice":"Forge","damage_taken":0,"max_hp_gain":0,"max_hp_loss":0,"event_name":"Accursed Blacksmith","floor":19,"gold_loss":0,"cards_upgraded":["Amplify"]},{"damage_healed":0,"gold_gain":0,"player_choice":"Ignored","damage_taken":0,"max_hp_gain":0,"max_hp_loss":0,"event_name":"Vampires","floor":21,"gold_loss":0}],"is_beta":false,"boss_relics":[{"not_picked":["Sozu","Cursed Key"],"picked":"Ring of Chaos"}],"items_purged_floors":[20],"is_endless":false,"potions_floor_spawned":[4,10,12,13],"killed_by":"Chosen","ascension_level":3}}