{"host":"jwpp8hxpigr0nknu","time":1613530208,"event":{"mods":["BaseMod","BetterRewards","Colored Map","Colored Powertips","Minty Spire (QoL Compilation)","Rare Cards Sparkle","Shop Mod","StSLib"],"gold_per_floor":[119,119,119,132,178,204,204,233,312,338,365,396,14,49,49,153,153,153,153],"floor_reached":18,"language":"ENG","playtime":1556,"items_purged":["FollowUp"],"score":477,"play_id":"8b2fd992-32bc-49e6-ae77-3ad71f980abf","local_time":"20210216205008","daily_mods":["Draft","Green Cards","Purple Cards","Heirloom","Flight","DeadlyEvents","Elite Swarm"],"is_ascension_mode":true,"campfire_choices":[{"data":"Noxious Fumes","floor":7,"key":"SMITH"},{"data":"Tools of the Trade","floor":15,"key":"SMITH"}],"circlet_count":0,"master_deck":["InnerPeace","Protect","ClearTheMind","Crippling Poison","Backflip","Bane","Noxious Fumes+1","Wallop","Perseverance","Bane","JustLucky","JustLucky","Collect","Scrawl","SpiritShield","Judgement","DeusExMachina","DeusExMachina","Deadly Poison","Tools of the Trade+1","Envenom"],"relics":["PureWater","FossilizedHelix","Boot","Pen Nib","Eternal Feather","InkBottle","GoldenEye","Smiling Mask","Sundial","Gambling Chip","Bird Faced Urn","Empty Cage"],"acts_visited":["Exordium","TheCity"],"potions_floor_usage":[8,11,11],"damage_taken":[{"damage":0,"enemies":"Jaw Worm","floor":1,"turns":3},{"damage":0,"enemies":"Cultist","floor":4,"turns":3},{"damage":0,"enemies":"Lagavulin","floor":6,"turns":5},{"damage":0,"enemies":"3 Sentries","floor":8,"turns":5},{"damage":0,"enemies":"Lagavulin","floor":10,"turns":5},{"damage":0,"enemies":"3 Sentries","floor":11,"turns":4},{"damage":5,"enemies":"Lagavulin","floor":12,"turns":6},{"damage":0,"enemies":"3 Sentries","floor":14,"turns":4},{"damage":21,"enemies":"Hexaghost","floor":16,"turns":7},{"damage":0,"enemies":"Chosen","floor":18,"turns":2}],"seed_played":"-272512321482966834","potions_obtained":[{"floor":1,"key":"Block Potion"},{"floor":6,"key":"ColorlessPotion"},{"floor":10,"key":"AttackPotion"}],"is_trial":true,"path_per_floor":["M","?","?","M","T","E","R","E","T","E","E","E","$","E","R","B",null,"M"],"character_chosen":"WATCHER","items_purchased":["Gambling Chip","Deadly Poison"],"campfire_rested":0,"item_purchase_floors":[13,13],"current_hp_per_floor":[65,70,70,70,70,70,70,70,70,70,70,65,65,65,77,56,72,77,77],"gold":153,"neow_bonus":"","is_daily":false,"chose_seed":false,"campfire_upgraded":2,"win_rate":0.0,"timestamp":1613530208,"path_taken":["M","?","?","?","?","E","R","E","T","E","E","E","$","E","R","BOSS","M"],"items_purchased_type":["Relic","Card"],"build_version":"2020-12-22","purchased_purges":1,"victory":false,"max_hp_per_floor":[72,77,77,77,77,77,77,77,77,77,77,77,77,77,77,77,77,77,77],"card_choices":[{"not_picked":["Dash","Quick Slash"],"picked":"InnerPeace","floor":0},{"not_picked":["Backstab","ForeignInfluence"],"picked":"Perseverance","floor":0},{"not_picked":["CrushJoints","Adaptation"],"picked":"Protect","floor":0},{"not_picked":["Prostrate","Consecrate"],"picked":"ClearTheMind","floor":0},{"not_picked":["FlurryOfBlows","Masterful Stab"],"picked":"Crippling Poison","floor":0},{"not_picked":["Prepared","Protect"],"picked":"Backflip","floor":0},{"not_picked":["Protect","SashWhip"],"picked":"Bane","floor":0},{"not_picked":["All Out Attack","Crescendo"],"picked":"EmptyFist","floor":0},{"not_picked":["PathToVictory","Dagger Spray"],"picked":"Noxious Fumes","floor":0},{"not_picked":["FlurryOfBlows","FlyingSleeves"],"picked":"FollowUp","floor":0},{"not_picked":["TalkToTheHand","ReachHeaven"],"picked":"Wallop","floor":0},{"not_picked":["Prostrate","Vengeance"],"picked":"Perseverance","floor":0},{"not_picked":["Halt","FlurryOfBlows"],"picked":"Bane","floor":0},{"not_picked":["CarveReality","ClearTheMind"],"picked":"JustLucky","floor":0},{"not_picked":["Worship","FlyingSleeves"],"picked":"JustLucky","floor":0},{"not_picked":["Outmaneuver","Vengeance"],"picked":"Collect","floor":1},{"not_picked":["WindmillStrike","JustLucky","Crescendo"],"picked":"SKIP","floor":4},{"not_picked":["SpiritShield","Ragnarok"],"picked":"Scrawl","floor":6},{"not_picked":["Unload","Blasphemy"],"picked":"SpiritShield","floor":8},{"not_picked":["Wish","Phantasmal Killer"],"picked":"Judgement","floor":10},{"not_picked":["Vault","Judgement"],"picked":"DeusExMachina","floor":11},{"not_picked":["Malaise","SpiritShield"],"picked":"DeusExMachina","floor":12},{"not_picked":["ConjureBlade","Ragnarok"],"picked":"Tools of the Trade","floor":14},{"not_picked":["Unload","Brilliance"],"picked":"Envenom","floor":16}],"player_experience":392882,"relics_obtained":[{"floor":5,"key":"Boot"},{"floor":6,"key":"Pen Nib"},{"floor":8,"key":"Eternal Feather"},{"floor":9,"key":"InkBottle"},{"floor":10,"key":"GoldenEye"},{"floor":11,"key":"Smiling Mask"},{"floor":12,"key":"Sundial"},{"floor":14,"key":"Bird Faced Urn"}],"event_choices":[{"damage_healed":0,"gold_gain":0,"player_choice":"Donut","damage_taken":0,"max_hp_gain":5,"max_hp_loss":0,"event_name":"Big Fish","floor":2,"gold_loss":0},{"damage_healed":0,"gold_gain":0,"player_choice":"Bought 0 Potions","damage_taken":0,"max_hp_gain":0,"max_hp_loss":0,"event_name":"The Woman in Blue","floor":3,"gold_loss":0}],"is_beta":false,"boss_relics":[{"not_picked":["Velvet Choker","Runic Dome"],"picked":"Empty Cage"}],"items_purged_floors":[13],"is_endless":true,"potions_floor_spawned":[1,6,10],"killed_by":"Chosen","ascension_level":9}}