{"host":"5dk97cf2ubw2v967","time":1613577736,"event":{"mods":["AlwaysNeverKeys","BaseMod","Better Altar","Better Vampires","Block Reminder","Card Filter","Colored Powertips","Downfall","Googly Eyes","Highlight Path","Minty Spire (QoL Compilation)","Permanent Neow","Potion Indicator Mod","Quick Restart","Relic Filter","Relic Stats","Say the Spire","Spicy Shops","StSLib","Waifu the Spire","everything is the same but u backflip on backflip"],"gold_per_floor":[113,124,124,49,64,99,109,109,109,184,196,196,230,25,25,96,146,166,166,176,190,150,150,150],"floor_reached":23,"language":"ENG","playtime":1170,"items_purged":["Defend_R"],"score":402,"play_id":"6e9d8dcd-d42a-4195-8bbe-bd7ced28b7f9","local_time":"20210217160216","is_ascension_mode":true,"campfire_choices":[{"data":"Inflame","floor":8,"key":"SMITH"},{"data":"Hemokinesis","floor":12,"key":"SMITH"},{"floor":15,"key":"REST"}],"circlet_count":0,"master_deck":["AscendersBane","Strike_R","Strike_R","Strike_R","Defend_R","Bash","Hemokinesis+1","Evolve","Battle Trance+1","Inflame+1","Shrug It Off","Shrug It Off+1","Rupture+1","Offering+1","CurseOfTheBell","Shrug It Off"],"relics":["Burning Blood","Strawberry","Kunai","Orichalcum","Membership Card","Calling Bell","Tiny House","Shovel","War Paint"],"acts_visited":["Exordium","TheCity"],"potions_floor_usage":[6,11,13,13,21,23],"damage_taken":[{"damage":4,"enemies":"Small Slimes","floor":1,"turns":4},{"damage":8,"enemies":"2 Louse","floor":2,"turns":2},{"damage":8,"enemies":"Cultist","floor":5,"turns":3},{"damage":12,"enemies":"Gremlin Nob","floor":6,"turns":3},{"damage":13,"enemies":"3 Louse","floor":7,"turns":3},{"damage":11,"enemies":"Exordium Thugs","floor":11,"turns":4},{"damage":17,"enemies":"3 Sentries","floor":13,"turns":5},{"damage":30,"enemies":"Slime Boss","floor":16,"turns":7},{"damage":29,"enemies":"Shell Parasite","floor":18,"turns":3},{"damage":9,"enemies":"Chosen","floor":20,"turns":3},{"damage":10,"enemies":"Snake Plant","floor":21,"turns":2},{"damage":69,"enemies":"Slavers","floor":23,"turns":5}],"seed_played":"6403164797341242272","potions_obtained":[{"floor":1,"key":"DistilledChaos"},{"floor":5,"key":"Fruit Juice"},{"floor":7,"key":"DistilledChaos"},{"floor":11,"key":"sneckomod:MuddlingPotion"},{"floor":22,"key":"FairyPotion"},{"floor":22,"key":"bronze:BurnAndBuffPotion"}],"is_trial":false,"path_per_floor":["M","M","?","?","M","E","M","R","T","?","M","R","E","$","R","B",null,"M","?","M","M","?","E"],"character_chosen":"IRONCLAD","items_purchased":["Membership Card"],"campfire_rested":1,"item_purchase_floors":[14],"current_hp_per_floor":[68,66,59,59,57,58,51,51,51,40,40,40,29,29,53,29,72,49,49,46,42,42,4,4],"gold":150,"neow_bonus":"REMOVE_TWO","is_daily":false,"chose_seed":false,"campfire_upgraded":2,"win_rate":0.0,"timestamp":1613577736,"path_taken":["M","M","?","?","M","E","M","R","T","?","M","R","E","$","R","BOSS","M","?","?","M","?","E"],"items_purchased_type":["Relic"],"build_version":"2020-12-22","purchased_purges":1,"victory":false,"max_hp_per_floor":[68,68,68,68,68,75,75,75,75,75,80,80,80,80,80,80,85,85,85,85,85,85,85,85],"relic_stats":{"Shovel":0,"counters":[12,44],"Kunai":[5],"Orichalcum":[54],"War Paint":["Shrug It Off","Battle Trance"],"obtain_stats":[{"Calling Bell":17,"Tiny House":17,"Shovel":17,"Strawberry":6,"Kunai":9,"Membership Card":14,"Orichalcum":13,"War Paint":17,"Burning Blood":0},{"Calling Bell":8,"Tiny House":8,"Shovel":8,"Strawberry":4,"Kunai":5,"Membership Card":7,"Orichalcum":7,"War Paint":8,"Burning Blood":0},{"Calling Bell":31,"Tiny House":31,"Shovel":31,"Strawberry":12,"Kunai":15,"Membership Card":24,"Orichalcum":24,"War Paint":31,"Burning Blood":0}],"Burning Blood":64},"card_choices":[{"not_picked":["Havoc","Sword Boomerang"],"picked":"Hemokinesis","floor":1},{"not_picked":["Sentinel","Whirlwind"],"picked":"Evolve","floor":2},{"not_picked":["Shockwave","Twin Strike"],"picked":"Battle Trance","floor":5},{"not_picked":["Disarm","Pommel Strike"],"picked":"Inflame","floor":6},{"not_picked":["Carnage","True Grit"],"picked":"Shrug It Off","floor":7},{"not_picked":["Sword Boomerang","Armaments"],"picked":"Shrug It Off","floor":11},{"not_picked":["Intimidate","Shrug It Off"],"picked":"Rupture","floor":13},{"not_picked":["Reaper","Juggernaut"],"picked":"Offering","floor":16},{"not_picked":["Perfected Strike","Burning Pact","Dual Wield"],"picked":"SKIP","floor":18},{"not_picked":["Iron Wave","Clothesline"],"picked":"Shrug It Off","floor":20},{"not_picked":["Sever Soul","Warcry","Thunderclap"],"picked":"SKIP","floor":21}],"player_experience":1330653,"relics_obtained":[{"floor":6,"key":"Strawberry"},{"floor":9,"key":"Kunai"},{"floor":13,"key":"Orichalcum"},{"floor":17,"key":"Tiny House"},{"floor":17,"key":"Shovel"},{"floor":17,"key":"War Paint"}],"event_choices":[{"cards_removed":["Strike_R"],"damage_healed":0,"gold_gain":0,"player_choice":"Card Removal","damage_taken":7,"max_hp_gain":0,"max_hp_loss":0,"event_name":"Golden Wing","floor":3,"gold_loss":0},{"cards_removed":["Defend_R"],"damage_healed":0,"gold_gain":0,"player_choice":"Card Removal","damage_taken":0,"max_hp_gain":0,"max_hp_loss":0,"event_name":"The Cleric","floor":4,"gold_loss":75},{"damage_healed":0,"gold_gain":75,"player_choice":"Gather Gold","damage_taken":11,"max_hp_gain":0,"max_hp_loss":0,"event_name":"World of Goop","floor":10,"gold_loss":0},{"damage_healed":0,"gold_gain":0,"player_choice":"Upgraded","damage_taken":0,"max_hp_gain":0,"max_hp_loss":0,"event_name":"Upgrade Shrine","floor":19,"gold_loss":0,"cards_upgraded":["Rupture"]},{"damage_healed":0,"gold_gain":0,"player_choice":"Bought 3 Potions","damage_taken":0,"max_hp_gain":0,"max_hp_loss":0,"event_name":"The Woman in Blue","floor":22,"gold_loss":0}],"is_beta":false,"boss_relics":[{"not_picked":["Black Star","Empty Cage"],"picked":"Calling Bell"}],"items_purged_floors":[14],"is_endless":false,"potions_floor_spawned":[1,5,7,11],"killed_by":"Slavers","ascension_level":20}}