{"host":"2pmmafybkq7zb6na","time":1613575003,"event":{"mods":["AchievementEnabler","BaseMod","Colored Map","Highlight Path","Keyboard Shortcuts","Minty Spire (QoL Compilation)","Quick Restart","StSLib","SuperFastMode"],"gold_per_floor":[114,125,125,125,143,143,159,184,253,286,297,26,26,55,55,152,152,165,182,209,209,13,43,43,71,71,21,120,120,120,136,136,237,237,247,263,27,42,57,57,88,114,139,164,177,205,0,17,17,17],"floor_reached":51,"language":"KOR","playtime":2792,"items_purged":["Strike_R","Strike_R","Strike_R"],"score":983,"play_id":"f32bce01-2b6c-4234-b929-aeb514834099","local_time":"20210218001643","is_ascension_mode":true,"campfire_choices":[{"data":"Body Slam","floor":6.0,"key":"SMITH"},{"floor":13.0,"key":"REST"},{"data":"Apotheosis","floor":15.0,"key":"SMITH"},{"data":"Exhume","floor":24.0,"key":"SMITH"},{"floor":29.0,"key":"REST"},{"floor":32.0,"key":"REST"},{"floor":40.0,"key":"REST"},{"floor":49,"key":"REST"}],"circlet_count":0,"master_deck":["Defend_R","Defend_R","Defend_R","Bash","Deep Breath","Flex","Warcry","Second Wind","Body Slam+1","Metallicize+1","Rampage+1","Flame Barrier","Shockwave","Apotheosis+1","Sentinel","Wild Strike","Exhume+1","Wild Strike","Second Wind+1","Rage+1","Intimidate","Juggernaut+1","Thunderclap+1","Dark Embrace+1","Evolve+1","Power Through+1","Body Slam+1","Battle Trance"],"relics":["Burning Blood","Thread and Needle","Smiling Mask","Frozen Egg 2","Blood Vial","Singing Bowl","Runic Pyramid","Red Mask","Nilry\u0027s Codex","Omamori","Pen Nib","WingedGreaves","Paper Frog","Empty Cage","PreservedInsect","Ancient Tea Set","Pantograph","Whetstone","Bronze Scales","Bag of Marbles","Medical Kit"],"acts_visited":["Exordium","TheCity","TheBeyond"],"potions_floor_usage":[50,50],"damage_taken":[{"damage":12.0,"enemies":"Jaw Worm","floor":1.0,"turns":3.0},{"damage":6.0,"enemies":"Small Slimes","floor":2.0,"turns":4.0},{"damage":0.0,"enemies":"2 Louse","floor":5.0,"turns":2.0},{"damage":2.0,"enemies":"Looter","floor":7.0,"turns":4.0},{"damage":24.0,"enemies":"Gremlin Nob","floor":8.0,"turns":5.0},{"damage":44.0,"enemies":"Lagavulin","floor":10.0,"turns":9.0},{"damage":2.0,"enemies":"3 Louse","floor":11.0,"turns":4.0},{"damage":17.0,"enemies":"3 Sentries","floor":14.0,"turns":9.0},{"damage":25.0,"enemies":"The Guardian","floor":16.0,"turns":11.0},{"damage":8.0,"enemies":"3 Byrds","floor":18.0,"turns":4.0},{"damage":3.0,"enemies":"Chosen","floor":19.0,"turns":8.0},{"damage":29.0,"enemies":"Masked Bandits","floor":20.0,"turns":6.0},{"damage":8.0,"enemies":"Slavers","floor":23.0,"turns":8.0},{"damage":40.0,"enemies":"Gremlin Leader","floor":25.0,"turns":8.0},{"damage":0.0,"enemies":"Centurion and Healer","floor":31.0,"turns":6.0},{"damage":25.0,"enemies":"Champ","floor":33.0,"turns":11.0},{"damage":25.0,"enemies":"3 Shapes","floor":35.0,"turns":4.0},{"damage":7.0,"enemies":"Orb Walker","floor":36.0,"turns":4.0},{"damage":22.0,"enemies":"3 Darklings","floor":38.0,"turns":4.0},{"damage":26.0,"enemies":"4 Shapes","floor":39.0,"turns":8.0},{"damage":24.0,"enemies":"Nemesis","floor":41.0,"turns":7.0},{"damage":9.0,"enemies":"Giant Head","floor":42.0,"turns":6.0},{"damage":20.0,"enemies":"Nemesis","floor":44.0,"turns":7.0},{"damage":14.0,"enemies":"Spire Growth","floor":45.0,"turns":6.0},{"damage":34,"enemies":"Reptomancer","floor":46,"turns":7},{"damage":0,"enemies":"Jaw Worm Horde","floor":48,"turns":5},{"damage":34,"enemies":"Donu and Deca","floor":50,"turns":6}],"seed_played":"-1789442004205684805","potions_obtained":[{"floor":8.0,"key":"EssenceOfSteel"},{"floor":11.0,"key":"CultistPotion"},{"floor":14.0,"key":"Block Potion"},{"floor":16.0,"key":"DistilledChaos"},{"floor":23.0,"key":"Strength Potion"},{"floor":31.0,"key":"EssenceOfSteel"},{"floor":39.0,"key":"Regen Potion"},{"floor":46,"key":"Block Potion"}],"is_trial":false,"path_per_floor":["M","M","?","?","M","R","M","E","T","E","M","$","R","E","R","B",null,"M","M","?","?","$","E","R","E","T","$","?","R","?","M","R","B",null,"M","M","$","M","M","R","E","E","T","E","M","E","$","M","R","B",null],"character_chosen":"IRONCLAD","items_purchased":["Apotheosis","Sentinel","Omamori","Dark Embrace+1","PreservedInsect","Medical Kit"],"campfire_rested":5,"item_purchase_floors":[12,12,22,37,37,47],"current_hp_per_floor":[74,74,74,71,77,77,80,62,62,24,30,30,54,45,45,28,80,78,80,59,43,43,43,43,11,11,11,11,35,35,45,70,53,84,65,68,68,54,38,64,48,49,49,52,48,24,24,32,60,59],"gold":17,"neow_bonus":"RANDOM_COLORLESS","is_daily":false,"chose_seed":false,"campfire_upgraded":3,"win_rate":0.0,"timestamp":1613575003,"path_taken":["M","M","?","?","M","R","M","E","T","E","M","?","R","E","R","BOSS","M","M","?","?","$","E","R","E","T","$","?","R","?","M","R","BOSS","M","M","$","M","M","R","E","E","T","E","M","E","?","$","M","R","BOSS"],"items_purchased_type":["Card","Card","Relic","Card","Relic","Relic"],"build_version":"2020-12-22","purchased_purges":3,"victory":true,"max_hp_per_floor":[80,80,80,80,80,80,80,80,80,80,80,80,80,80,80,80,80,80,80,82,82,82,82,82,82,82,82,82,82,82,84,84,84,84,84,86,86,86,88,88,88,90,90,90,92,94,94,94,94,94],"card_choices":[{"not_picked":["PanicButton","Mind Blast"],"picked":"Deep Breath","floor":0.0},{"not_picked":["True Grit","Pommel Strike"],"picked":"Flex","floor":1.0},{"not_picked":["Disarm","Blood for Blood"],"picked":"Warcry","floor":2.0},{"not_picked":["Havoc","Metallicize"],"picked":"Body Slam","floor":5.0},{"not_picked":["Perfected Strike","Body Slam"],"picked":"Metallicize","floor":7.0},{"not_picked":["Sword Boomerang","Headbutt"],"picked":"Rampage","floor":8.0},{"not_picked":["Metallicize+1","Rupture+1"],"picked":"Flame Barrier","floor":10.0},{"not_picked":["Thunderclap","Clothesline"],"picked":"Shockwave","floor":11.0},{"not_picked":["Bludgeon","Iron Wave"],"picked":"Wild Strike","floor":14.0},{"not_picked":["Limit Break","Reaper"],"picked":"Exhume","floor":16.0},{"not_picked":["Rupture+1","Armaments+1"],"picked":"Wild Strike","floor":18.0},{"not_picked":["Shrug It Off","Havoc"],"picked":"Second Wind+1","floor":19.0},{"not_picked":["Dual Wield","Perfected Strike","Twin Strike"],"picked":"Singing Bowl","floor":20.0},{"not_picked":["Havoc","Second Wind"],"picked":"Rage+1","floor":23.0},{"not_picked":["Fire Breathing+1","Warcry+1"],"picked":"Intimidate","floor":25.0},{"not_picked":["Searing Blow","Anger","Second Wind+1"],"picked":"Singing Bowl","floor":31.0},{"not_picked":["Corruption+1","Berserk+1"],"picked":"Juggernaut+1","floor":33.0},{"not_picked":["True Grit","Heavy Blade"],"picked":"Thunderclap","floor":35.0},{"not_picked":["Clash+1","Sword Boomerang","Corruption+1"],"picked":"Singing Bowl","floor":36.0},{"not_picked":["Body Slam+1","Shrug It Off+1"],"picked":"Evolve+1","floor":38.0},{"not_picked":["True Grit+1","Whirlwind","Thunderclap"],"picked":"Singing Bowl","floor":39.0},{"not_picked":["Armaments+1","Reckless Charge+1"],"picked":"Power Through+1","floor":41.0},{"not_picked":["Perfected Strike","Whirlwind","Clash"],"picked":"Singing Bowl","floor":42.0},{"not_picked":["Heavy Blade","True Grit+1"],"picked":"Body Slam+1","floor":44.0},{"not_picked":["Limit Break","Rampage+1","Sword Boomerang"],"picked":"Singing Bowl","floor":45.0},{"not_picked":["Clash+1","Fire Breathing+1","Berserk+1"],"picked":"Singing Bowl","floor":46},{"not_picked":["Perfected Strike+1","Spot Weakness"],"picked":"Battle Trance","floor":48}],"player_experience":145523,"relics_obtained":[{"floor":8.0,"key":"Smiling Mask"},{"floor":9.0,"key":"Frozen Egg 2"},{"floor":10.0,"key":"Blood Vial"},{"floor":14.0,"key":"Singing Bowl"},{"floor":20.0,"key":"Red Mask"},{"floor":21.0,"key":"Nilry\u0027s Codex"},{"floor":23.0,"key":"Pen Nib"},{"floor":25.0,"key":"WingedGreaves"},{"floor":26.0,"key":"Paper Frog"},{"floor":41.0,"key":"Ancient Tea Set"},{"floor":42.0,"key":"Pantograph"},{"floor":43.0,"key":"Whetstone"},{"floor":44.0,"key":"Bronze Scales"},{"floor":46,"key":"Bag of Marbles"}],"event_choices":[{"damage_healed":0.0,"max_hp_gain":0.0,"max_hp_loss":0.0,"gold_gain":0.0,"cards_transformed":["Strike_R"],"event_name":"Living Wall","player_choice":"Change","floor":3.0,"gold_loss":0.0,"damage_taken":0.0,"cards_obtained":["Second Wind"]},{"damage_healed":0.0,"max_hp_gain":0.0,"max_hp_loss":0.0,"gold_gain":0.0,"event_name":"Scrap Ooze","player_choice":"Success","floor":4.0,"gold_loss":0.0,"damage_taken":3.0,"relics_obtained":["Thread and Needle"]},{"damage_healed":0.0,"max_hp_gain":0.0,"max_hp_loss":0.0,"gold_gain":0.0,"event_name":"Masked Bandits","player_choice":"Fought Bandits","floor":20.0,"gold_loss":0.0,"damage_taken":0.0},{"damage_healed":0.0,"max_hp_gain":0.0,"max_hp_loss":0.0,"gold_gain":0.0,"event_name":"Cursed Tome","player_choice":"Obtained Book","floor":21.0,"gold_loss":0.0,"damage_taken":16.0},{"damage_healed":0.0,"max_hp_gain":0.0,"max_hp_loss":0.0,"gold_gain":99.0,"event_name":"Nest","player_choice":"Stole From Cult","floor":28.0,"gold_loss":0.0,"damage_taken":0.0},{"damage_healed":0.0,"max_hp_gain":0.0,"max_hp_loss":0.0,"gold_gain":0.0,"event_name":"Upgrade Shrine","player_choice":"Upgraded","floor":30.0,"gold_loss":0.0,"damage_taken":0.0,"cards_upgraded":["Metallicize"]}],"is_beta":false,"boss_relics":[{"not_picked":["Philosopher\u0027s Stone","Fusion Hammer"],"picked":"Runic Pyramid"},{"not_picked":["Astrolabe","Cursed Key"],"picked":"Empty Cage"}],"items_purged_floors":[22,27,47],"is_endless":false,"potions_floor_spawned":[8,11,14,16,18,23,31,33,39,42,46],"ascension_level":4}}