{"host":"s24sb66hw4a4sfft","time":1613533760,"event":{"mods":["AchievementEnabler","BaseMod","Colored Map","Colored Powertips","Googly Eyes","Hermit","Hubris","Minty Spire (QoL Compilation)","Quick Restart","Shop Mod","StSLib"],"gold_per_floor":[109,121,131,131,8,34,34,34,34,49,79,16,91,103,103,103,103],"floor_reached":16,"language":"ENG","playtime":557,"items_purged":["Strike_G"],"score":187,"play_id":"a12e825a-f705-4766-9396-7f08d5bf6164","local_time":"20210216224920","is_ascension_mode":true,"campfire_choices":[{"floor":7,"key":"REST"},{"floor":15,"key":"REST"}],"circlet_count":0,"master_deck":["AscendersBane","Strike_G","Strike_G","Strike_G","Defend_G","Defend_G","Defend_G","Defend_G","Defend_G","Survivor","Neutralize","Flying Knee","Quick Slash","Bane","Dagger Throw","Dagger Throw","Glass Knife+1","Quick Slash","Heel Hook","Backstab","Crippling Poison"],"relics":["Ring of the Snake","Eternal Feather","hubris:CrystalStatue","The Courier"],"acts_visited":["Exordium"],"potions_floor_usage":[11,16],"damage_taken":[{"damage":2,"enemies":"Jaw Worm","floor":1,"turns":5},{"damage":7,"enemies":"Small Slimes","floor":2,"turns":4},{"damage":0,"enemies":"2 Louse","floor":3,"turns":2},{"damage":31,"enemies":"3 Sentries","floor":6,"turns":11},{"damage":0,"enemies":"Exordium Wildlife","floor":10,"turns":2},{"damage":7,"enemies":"Gremlin Nob","floor":11,"turns":3},{"damage":0,"enemies":"Red Slaver","floor":14,"turns":1},{"damage":41,"enemies":"The Guardian","floor":16,"turns":9}],"seed_played":"-840635584372224235","potions_obtained":[{"floor":2,"key":"EssenceOfSteel"},{"floor":3,"key":"LiquidMemories"}],"is_trial":false,"path_per_floor":["M","M","M","?","$","E","R","?","T","M","E","$","?","M","R","B"],"character_chosen":"THE_SILENT","items_purchased":["Dagger Throw","Backstab"],"campfire_rested":2,"item_purchase_floors":[5,12],"current_hp_per_floor":[57,50,50,43,43,12,40,40,40,40,33,33,22,22,53,12,12],"gold":103,"neow_bonus":"THREE_CARDS","is_daily":false,"chose_seed":false,"campfire_upgraded":0,"win_rate":0.0,"timestamp":1613533760,"path_taken":["M","M","M","?","$","E","R","?","T","M","E","$","?","M","R","BOSS"],"items_purchased_type":["Card","Card"],"build_version":"2020-12-22","purchased_purges":1,"victory":false,"max_hp_per_floor":[66,66,66,66,66,66,66,66,66,66,66,66,66,66,66,66,66],"card_choices":[{"not_picked":["Infinite Blades","Terror"],"picked":"Flying Knee","floor":0},{"not_picked":["Flying Knee","Dodge and Roll"],"picked":"Quick Slash","floor":1},{"not_picked":["Sucker Punch","Skewer"],"picked":"Bane","floor":2},{"not_picked":["Sucker Punch","Choke"],"picked":"Dagger Throw","floor":3},{"not_picked":["Cloak And Dagger","Backflip"],"picked":"Glass Knife","floor":6},{"not_picked":["Underhanded Strike","Predator"],"picked":"Quick Slash","floor":10},{"not_picked":["Bane","Slice"],"picked":"Heel Hook","floor":11},{"not_picked":["Deadly Poison","Eviscerate"],"picked":"Crippling Poison","floor":14}],"player_experience":645444,"relics_obtained":[{"floor":6,"key":"Eternal Feather"},{"floor":9,"key":"hubris:CrystalStatue"},{"floor":11,"key":"The Courier"}],"event_choices":[{"cards_removed":["Strike_G"],"damage_healed":0,"gold_gain":0,"player_choice":"Card Removal","damage_taken":7,"max_hp_gain":0,"max_hp_loss":0,"event_name":"Golden Wing","floor":4,"gold_loss":0},{"damage_healed":0,"gold_gain":0,"player_choice":"Grow","damage_taken":0,"max_hp_gain":0,"max_hp_loss":0,"event_name":"Living Wall","floor":8,"gold_loss":0,"cards_upgraded":["Glass Knife"]},{"damage_healed":0,"gold_gain":75,"player_choice":"Gather Gold","damage_taken":11,"max_hp_gain":0,"max_hp_loss":0,"event_name":"World of Goop","floor":13,"gold_loss":0}],"is_beta":false,"boss_relics":[],"items_purged_floors":[5],"is_endless":false,"potions_floor_spawned":[2,3,10],"killed_by":"The Guardian","ascension_level":14}}