{"host":"erogqkeozdzdhb46","time":1613526165,"event":{"mods":["AchievementEnabler","BaseMod","Bestiary","Colored Powertips","Minty Spire (QoL Compilation)","Relic Stats","StSLib","Together in Spire"],"gold_per_floor":[112,112,132,132,157,167,192,211,211,211,230,255,255,271,271,371,371,384,384,397,117,137,165,165,246,246,155,155,155,165,165,165,269,269,282,295,650,650],"floor_reached":37,"language":"ENG","playtime":1347,"items_purged":[],"score":299,"play_id":"82de5ab1-f6c5-4f58-89e4-9ffb5877a6dc","local_time":"20210216194245","is_ascension_mode":false,"campfire_choices":[{"data":"Second Wind","floor":13.0,"key":"SMITH"},{"data":"Bash","floor":15.0,"key":"SMITH"},{"data":"Apotheosis","floor":24.0,"key":"SMITH"},{"data":"Impatience","floor":28.0,"key":"SMITH"},{"data":"Shockwave","floor":32.0,"key":"SMITH"}],"circlet_count":0,"master_deck":["Strike_R","Strike_R","Strike_R","Strike_R+1","Strike_R","Defend_R","Defend_R","Defend_R","Defend_R","Bash+1","Second Wind+1","True Grit+1","Headbutt+1","Thunderclap+1","Rampage+1","Rampage+1","Wild Strike+1","Reaper+1","Apotheosis+1","Impatience+1","Thunderclap+1","Reaper+1","Injury","Shame","Dramatic Entrance+1","Inflame+1","Shockwave+1","Anger+1","Double Tap","Shrug It Off+1","Evolve+1"],"relics":["Burning Blood","Molten Egg 2","Happy Flower","Toy Ornithopter","Potion Belt","Gremlin Horn","Cursed Key","Blood Vial","Frozen Egg 2","Ornamental Fan","Philosopher\u0027s Stone","Old Coin"],"acts_visited":[],"potions_floor_usage":[],"damage_taken":[{"damage":0.0,"enemies":"Small Slimes","floor":1.0,"turns":2.0},{"damage":0.0,"enemies":"2 Louse","floor":3.0,"turns":2.0},{"damage":4.0,"enemies":"Jaw Worm","floor":6.0,"turns":2.0},{"damage":0.0,"enemies":"Gremlin Nob","floor":7.0,"turns":2.0},{"damage":0.0,"enemies":"Large Slime","floor":8.0,"turns":1.0},{"damage":0.0,"enemies":"Exordium Wildlife","floor":11.0,"turns":1.0},{"damage":9.0,"enemies":"3 Sentries","floor":12.0,"turns":2.0},{"damage":0.0,"enemies":"3 Louse","floor":14.0,"turns":1.0},{"damage":0.0,"enemies":"Hexaghost","floor":16.0,"turns":2.0},{"damage":3.0,"enemies":"Spheric Guardian","floor":18.0,"turns":3.0},{"damage":0.0,"enemies":"Chosen","floor":20.0,"turns":2.0},{"damage":0.0,"enemies":"Snecko","floor":22.0,"turns":1.0},{"damage":2.0,"enemies":"Book of Stabbing","floor":23.0,"turns":2.0},{"damage":0.0,"enemies":"Snake Plant","floor":30.0,"turns":1.0},{"damage":0.0,"enemies":"Automaton","floor":33.0,"turns":1.0},{"damage":0.0,"enemies":"3 Darklings","floor":35.0,"turns":1.0},{"damage":0.0,"enemies":"Orb Walker","floor":36.0,"turns":1.0},{"damage":0.0,"enemies":"2 Orb Walkers","floor":37.0,"turns":1.0}],"seed_played":"7229374605658155778","potions_obtained":[{"floor":1.0,"key":"Ancient Potion"},{"floor":8.0,"key":"BlessingOfTheForge"},{"floor":12.0,"key":"SpeedPotion"},{"floor":14.0,"key":"LiquidMemories"},{"floor":16.0,"key":"Strength Potion"},{"floor":23.0,"key":"Ancient Potion"}],"is_trial":false,"path_per_floor":["M","?","M","?","T","M","E","M","T","?","M","E","R","M","R","B",null,"M","?","M","$","M","E","R","T","T","$","R","?","M","?","R","B",null,"M","M","?"],"character_chosen":"IRONCLAD","items_purchased":["Apotheosis","Impatience","Dramatic Entrance+1"],"campfire_rested":0,"item_purchase_floors":[21,21,27],"current_hp_per_floor":[88,93,93,90,90,92,93,93,93,74,80,77,77,83,83,89,93,93,93,93,93,93,93,93,93,93,93,93,93,93,93,93,93,93,93,93,93,93],"gold":650,"neow_bonus":"TEN_PERCENT_HP_BONUS","is_daily":false,"chose_seed":false,"campfire_upgraded":5,"win_rate":0.0,"timestamp":1613526165,"path_taken":["M","?","M","?","?","M","E","M","T","?","?","E","R","M","R","BOSS","M","?","M","$","M","E","R","?","T","$","R","?","M","?","R","BOSS","M","M","?"],"items_purchased_type":["Card","Card","Card"],"build_version":"2020-12-22","purchased_purges":0,"victory":false,"max_hp_per_floor":[88,93,93,93,93,93,93,93,93,93,93,93,93,93,93,93,93,93,93,93,93,93,93,93,93,93,93,93,93,93,93,93,93,93,93,93,93,93],"relic_stats":{"Blood Vial":0,"Happy Flower":[0],"Gremlin Horn":[0,0],"counters":[0,0],"Ornamental Fan":[0],"Cursed Key":0,"obtain_stats":[{"Potion Belt":0,"Blood Vial":0,"Happy Flower":0,"Gremlin Horn":0,"Ornamental Fan":0,"Molten Egg 2":0,"Philosopher\u0027s Stone":0,"Frozen Egg 2":0,"Cursed Key":0,"Burning Blood":0,"Toy Ornithopter":0,"Old Coin":37},{"Potion Belt":0,"Blood Vial":0,"Happy Flower":0,"Gremlin Horn":0,"Ornamental Fan":0,"Molten Egg 2":0,"Philosopher\u0027s Stone":0,"Frozen Egg 2":0,"Cursed Key":0,"Burning Blood":0,"Toy Ornithopter":0,"Old Coin":0},{"Potion Belt":0,"Blood Vial":0,"Happy Flower":0,"Gremlin Horn":0,"Ornamental Fan":0,"Molten Egg 2":0,"Philosopher\u0027s Stone":0,"Frozen Egg 2":0,"Cursed Key":0,"Burning Blood":0,"Toy Ornithopter":0,"Old Coin":0}],"Burning Blood":0,"Toy Ornithopter":0},"card_choices":[{"not_picked":["Evolve","Warcry"],"picked":"Second Wind","floor":1.0},{"not_picked":["Iron Wave","Juggernaut"],"picked":"True Grit","floor":3.0},{"not_picked":["Ghostly Armor","Thunderclap+1"],"picked":"Headbutt+1","floor":6.0},{"not_picked":["Sword Boomerang+1","Body Slam+1"],"picked":"Thunderclap+1","floor":7.0},{"not_picked":["Shockwave","Power Through"],"picked":"Rampage+1","floor":8.0},{"not_picked":["Shrug It Off","Shockwave"],"picked":"Rampage+1","floor":11.0},{"not_picked":["Warcry","True Grit"],"picked":"Wild Strike+1","floor":12.0},{"not_picked":["Armaments","Rupture"],"picked":"Power Through","floor":14.0},{"not_picked":["Barricade","Berserk"],"picked":"Reaper+1","floor":16.0},{"not_picked":["Second Wind","Evolve"],"picked":"Warcry","floor":18.0},{"not_picked":["Second Wind","Evolve","Warcry"],"picked":"SKIP","floor":20.0},{"not_picked":["Entrench","Havoc"],"picked":"Thunderclap+1","floor":22.0},{"not_picked":["Second Wind","Warcry"],"picked":"Reaper+1","floor":23.0},{"not_picked":["Pummel+1","Thunderclap+1"],"picked":"Anger+1","floor":30.0},{"not_picked":["Reaper+1","Impervious"],"picked":"Double Tap","floor":33.0},{"not_picked":["Flex","Clothesline+1"],"picked":"Shrug It Off+1","floor":35.0},{"not_picked":["Second Wind","Warcry"],"picked":"Evolve+1","floor":36.0}],"player_experience":1042986,"relics_obtained":[{"floor":5.0,"key":"Happy Flower"},{"floor":7.0,"key":"Toy Ornithopter"},{"floor":9.0,"key":"Potion Belt"},{"floor":12.0,"key":"Gremlin Horn"},{"floor":23.0,"key":"Blood Vial"},{"floor":25.0,"key":"Frozen Egg 2"},{"floor":26.0,"key":"Ornamental Fan"},{"floor":37,"key":"Old Coin"}],"event_choices":[{"damage_healed":0.0,"max_hp_gain":5.0,"max_hp_loss":0.0,"gold_gain":0.0,"event_name":"Big Fish","player_choice":"Donut","floor":2.0,"gold_loss":0.0,"damage_taken":0.0},{"damage_healed":0.0,"max_hp_gain":0.0,"max_hp_loss":0.0,"gold_gain":0.0,"event_name":"Scrap Ooze","player_choice":"Success","floor":4.0,"gold_loss":0.0,"damage_taken":3.0,"relics_obtained":["Molten Egg 2"]},{"damage_healed":0.0,"max_hp_gain":0.0,"max_hp_loss":0.0,"gold_gain":0.0,"event_name":"Shining Light","player_choice":"Entered Light","floor":10.0,"gold_loss":0.0,"damage_taken":19.0,"cards_upgraded":["True Grit","Strike_R"]},{"damage_healed":0.0,"max_hp_gain":0.0,"max_hp_loss":0.0,"gold_gain":0.0,"event_name":"Ghosts","player_choice":"Ignored","floor":19.0,"gold_loss":0.0,"damage_taken":0.0},{"damage_healed":0.0,"max_hp_gain":0.0,"max_hp_loss":0.0,"gold_gain":0.0,"cards_transformed":["Power Through","Warcry"],"event_name":"Drug Dealer","player_choice":"Became Test Subject","floor":29.0,"gold_loss":0.0,"damage_taken":0.0,"cards_obtained":["Inflame","Shockwave"]},{"damage_healed":0.0,"max_hp_gain":0.0,"max_hp_loss":0.0,"gold_gain":0.0,"event_name":"The Mausoleum","player_choice":"Ignored","floor":31.0,"gold_loss":0.0,"damage_taken":0.0},{"damage_healed":0.0,"max_hp_gain":0.0,"max_hp_loss":0.0,"gold_gain":0.0,"event_name":"Mysterious Sphere","player_choice":"Fight","floor":37.0,"gold_loss":0.0,"damage_taken":0.0}],"is_beta":false,"boss_relics":[{"not_picked":["Empty Cage","Fusion Hammer"],"picked":"Cursed Key"},{"not_picked":["Mark of Pain","Busted Crown"],"picked":"Philosopher\u0027s Stone"}],"items_purged_floors":[],"is_endless":false,"potions_floor_spawned":[1,8,12,14,16,18,20,23,33,36],"killed_by":"Awakened One","ascension_level":0}}