{"host":"oehe2dxjvdgux73m","time":1613573299,"event":{"mods":["AchievementEnabler","BaseMod","Colored Map","Colored Powertips","DeckTracker","Keyboard Shortcuts","Minty Spire (QoL Compilation)","Permanent Neow","Quick Restart","StSLib","SuperFastMode"],"gold_per_floor":[112,112,23,40,59,86,86,86,86,99,123,137,158,179,179,269,269,283,283,283],"floor_reached":19,"language":"KOR","playtime":443,"items_purged":[],"score":320,"play_id":"67d5b2de-bbc0-49cc-a7d5-0c9c2a677c63","local_time":"20210217234819","is_ascension_mode":true,"campfire_choices":[{"data":"Fire Breathing","floor":7,"key":"SMITH"},{"data":"Hemokinesis","floor":15,"key":"SMITH"}],"circlet_count":0,"master_deck":["AscendersBane","Strike_R","Strike_R","Defend_R","Defend_R","Defend_R","Defend_R","Bash","Normality","Clothesline","Rage","Metallicize","Fire Breathing+1","Battle Trance","Twin Strike","Feed","Shrug It Off","Hemokinesis+1","Shrug It Off"],"relics":["Burning Blood","Gremlin Horn","Golden Idol","Dream Catcher","Snecko Eye"],"acts_visited":["Exordium","TheCity"],"potions_floor_usage":[16],"damage_taken":[{"damage":3,"enemies":"Cultist","floor":1,"turns":4},{"damage":4,"enemies":"Small Slimes","floor":4,"turns":3},{"damage":12,"enemies":"2 Louse","floor":5,"turns":5},{"damage":9,"enemies":"3 Sentries","floor":6,"turns":4},{"damage":11,"enemies":"2 Fungi Beasts","floor":10,"turns":3},{"damage":25,"enemies":"Exordium Thugs","floor":11,"turns":6},{"damage":0,"enemies":"Looter","floor":12,"turns":4},{"damage":1,"enemies":"Blue Slaver","floor":13,"turns":4},{"damage":4,"enemies":"3 Louse","floor":14,"turns":2},{"damage":34,"enemies":"Hexaghost","floor":16,"turns":11},{"damage":43,"enemies":"2 Thieves","floor":18,"turns":4},{"damage":40,"enemies":"Chosen","floor":19,"turns":4}],"seed_played":"1104581552318880060","potions_obtained":[{"floor":1,"key":"SkillPotion"},{"floor":11,"key":"LiquidMemories"}],"is_trial":false,"path_per_floor":["M","?","$","M","M","E","R","?","T","M","M","M","M","M","R","B",null,"M","M"],"character_chosen":"IRONCLAD","items_purchased":["Fire Breathing"],"campfire_rested":0,"item_purchase_floors":[3],"current_hp_per_floor":[71,71,71,73,67,64,64,64,64,62,46,52,60,62,62,34,66,29,0,0],"gold":283,"neow_bonus":"TRANSFORM_TWO_CARDS","is_daily":false,"chose_seed":false,"campfire_upgraded":2,"win_rate":0.0,"timestamp":1613573299,"path_taken":["M","?","$","?","M","E","R","?","T","M","M","M","M","M","R","BOSS","M","M"],"items_purchased_type":["Card"],"build_version":"2020-12-22","purchased_purges":0,"victory":false,"max_hp_per_floor":[75,75,75,75,75,75,75,68,68,71,74,74,77,77,77,77,77,77,77,77],"card_choices":[{"not_picked":["True Grit","Ghostly Armor","Cleave"],"picked":"SKIP","floor":1},{"not_picked":["Power Through","Iron Wave"],"picked":"Battle Trance","floor":4},{"not_picked":["Sword Boomerang","Warcry"],"picked":"Twin Strike","floor":5},{"not_picked":["Warcry","Thunderclap"],"picked":"Feed","floor":6},{"not_picked":["Flex","Sword Boomerang"],"picked":"Shrug It Off","floor":10},{"not_picked":["True Grit","Warcry","Heavy Blade"],"picked":"SKIP","floor":11},{"not_picked":["Flex","Iron Wave"],"picked":"Hemokinesis","floor":12},{"not_picked":["Dark Embrace","Rampage","Havoc"],"picked":"SKIP","floor":13},{"not_picked":["Fire Breathing","Clash"],"picked":"Shrug It Off","floor":14},{"not_picked":["Heavy Blade","Body Slam","Metallicize"],"picked":"SKIP","floor":18}],"player_experience":471667,"relics_obtained":[{"floor":6,"key":"Gremlin Horn"},{"floor":9,"key":"Dream Catcher"}],"event_choices":[{"damage_healed":0,"gold_gain":0,"cards_transformed":["Strike_R"],"player_choice":"Transformed","damage_taken":0,"max_hp_gain":0,"max_hp_loss":0,"event_name":"Transmorgrifier","floor":2,"gold_loss":0,"cards_obtained":["Metallicize"]},{"damage_healed":0,"gold_gain":0,"player_choice":"Lose Max HP","damage_taken":0,"relics_obtained":["Golden Idol"],"max_hp_gain":0,"max_hp_loss":7,"event_name":"Golden Idol","floor":8,"gold_loss":0}],"is_beta":false,"boss_relics":[{"not_picked":["Coffee Dripper","Black Star"],"picked":"Snecko Eye"}],"items_purged_floors":[],"is_endless":false,"potions_floor_spawned":[1,11,12,13,14],"killed_by":"Chosen","ascension_level":17}}