{"host":"gl5rgsfncjl28cj1","time":1613527632,"event":{"mods":["BaseMod","Colored Map","Highlight Path","Minty Spire (QoL Compilation)","Permanent Neow","StSLib"],"gold_per_floor":[111,111,124,49,66,95,109,119,187,187,197,216,80,94,94,171,171,185,45,58,58,58,58,75,85,85,56,56,76,76,37,37,108,108,108,108],"floor_reached":35,"language":"KOR","playtime":2261,"items_purged":["Strike_G","Strike_G"],"score":722,"play_id":"d0932811-3d59-41b8-912d-59485d082182","local_time":"20210217110712","is_ascension_mode":true,"campfire_choices":[{"floor":10,"key":"REST"},{"data":"Calculated Gamble","floor":15,"key":"SMITH"},{"floor":23,"key":"REST"},{"data":"Cloak And Dagger","floor":28,"key":"SMITH"},{"floor":30,"key":"REST"},{"data":"Acrobatics","floor":32,"key":"SMITH"}],"circlet_count":0,"master_deck":["AscendersBane","Strike_G","Defend_G","Defend_G","Defend_G","Defend_G","Survivor","Neutralize","Dash","Dagger Throw","Calculated Gamble+1","Reflex","Blade Dance","Dagger Spray","Well Laid Plans","Cloak And Dagger+1","Footwork","Acrobatics+1","Wraith Form v2","Footwork","Backflip","Dodge and Roll+1","Acrobatics","Accuracy","Phantasmal Killer"],"relics":["Ring of the Snake","Tough Bandages","Akabeko","Kunai","Empty Cage","Gremlin Horn","SlaversCollar"],"acts_visited":["Exordium","TheCity","TheBeyond"],"potions_floor_usage":[6,11,16,25],"damage_taken":[{"damage":4,"enemies":"Jaw Worm","floor":1,"turns":6},{"damage":0,"enemies":"Cultist","floor":3,"turns":3},{"damage":0,"enemies":"Small Slimes","floor":5,"turns":4},{"damage":25,"enemies":"Lagavulin","floor":6,"turns":11},{"damage":0,"enemies":"Exordium Wildlife","floor":7,"turns":6},{"damage":0,"enemies":"Lots of Slimes","floor":8,"turns":4},{"damage":0,"enemies":"Red Slaver","floor":11,"turns":4},{"damage":0,"enemies":"Blue Slaver","floor":12,"turns":3},{"damage":0,"enemies":"Gremlin Gang","floor":14,"turns":1},{"damage":1,"enemies":"The Guardian","floor":16,"turns":14},{"damage":3,"enemies":"3 Byrds","floor":18,"turns":6},{"damage":15,"enemies":"Chosen","floor":20,"turns":8},{"damage":4,"enemies":"Snake Plant","floor":24,"turns":10},{"damage":5,"enemies":"Cultist and Chosen","floor":25,"turns":9},{"damage":11,"enemies":"Centurion and Healer","floor":29,"turns":18},{"damage":9,"enemies":"Champ","floor":33,"turns":34},{"damage":32,"enemies":"3 Darklings","floor":35,"turns":9}],"seed_played":"-5537750670977798219","potions_obtained":[{"floor":1,"key":"BlessingOfTheForge"},{"floor":7,"key":"GamblersBrew"},{"floor":8,"key":"LiquidBronze"},{"floor":12,"key":"Fire Potion"},{"floor":18,"key":"Strength Potion"},{"floor":29,"key":"Ancient Potion"}],"is_trial":false,"path_per_floor":["M","?","M","$","M","E","M","M","T","R","M","M","$","M","R","B",null,"M","$","M","?","?","R","M","M","T","$","R","M","R","$","R","B",null,"M"],"character_chosen":"THE_SILENT","items_purchased":["Footwork","Acrobatics","Footwork","Acrobatics","Accuracy"],"campfire_rested":3,"item_purchase_floors":[13,13,19,27,31],"current_hp_per_floor":[40,40,40,40,40,15,15,15,15,34,34,34,34,34,34,33,58,55,55,40,22,22,43,39,34,34,34,34,23,44,44,44,35,62,30,30],"gold":108,"neow_bonus":"ONE_RARE_RELIC","is_daily":false,"chose_seed":false,"campfire_upgraded":3,"win_rate":0.0,"timestamp":1613527632,"path_taken":["M","?","M","$","M","E","M","M","T","R","M","?","$","M","R","BOSS","M","$","M","?","?","R","M","M","T","$","R","M","R","?","R","BOSS","M"],"items_purchased_type":["Card","Card","Card","Card","Card"],"build_version":"2020-12-22","purchased_purges":2,"victory":false,"max_hp_per_floor":[66,66,66,66,66,66,66,66,66,66,66,66,66,66,66,66,66,66,66,66,71,71,71,71,71,71,71,71,71,71,71,71,71,71,71,71],"card_choices":[{"not_picked":["Tactician","Acrobatics"],"picked":"Dash","floor":1},{"not_picked":["Slice","Quick Slash"],"picked":"Dagger Throw","floor":3},{"not_picked":["Noxious Fumes","Blur"],"picked":"Calculated Gamble","floor":5},{"not_picked":["Predator","Setup"],"picked":"Reflex","floor":6},{"not_picked":["Poisoned Stab","Dodge and Roll"],"picked":"Blade Dance","floor":7},{"not_picked":["Deadly Poison","Slice"],"picked":"Dagger Spray","floor":8},{"not_picked":["Dagger Throw","Dagger Spray"],"picked":"Well Laid Plans","floor":11},{"not_picked":["Envenom","Backstab"],"picked":"Cloak And Dagger","floor":12},{"not_picked":["Prepared","Outmaneuver","Bouncing Flask"],"picked":"SKIP","floor":14},{"not_picked":["Envenom","Malaise"],"picked":"Wraith Form v2","floor":16},{"not_picked":["Flechettes","Deadly Poison+1","Underhanded Strike"],"picked":"SKIP","floor":18},{"not_picked":["Leg Sweep","Outmaneuver","Heel Hook"],"picked":"SKIP","floor":20},{"not_picked":["Bane","Blade Dance"],"picked":"Backflip","floor":24},{"not_picked":["Backflip","Catalyst"],"picked":"Dodge and Roll+1","floor":25},{"not_picked":["Outmaneuver","Prepared","Backstab"],"picked":"SKIP","floor":29},{"not_picked":["Die Die Die","Adrenaline"],"picked":"Phantasmal Killer","floor":33}],"player_experience":1044425,"relics_obtained":[{"floor":6,"key":"Akabeko"},{"floor":9,"key":"Kunai"},{"floor":26,"key":"Gremlin Horn"}],"event_choices":[{"cards_removed":["Strike_G"],"damage_healed":0,"gold_gain":0,"player_choice":"Purged","damage_taken":0,"max_hp_gain":0,"max_hp_loss":0,"event_name":"Purifier","floor":2,"gold_loss":0},{"damage_healed":0,"gold_gain":0,"player_choice":"Shed Blood","damage_taken":23,"max_hp_gain":5,"max_hp_loss":0,"event_name":"Forgotten Altar","floor":21,"gold_loss":0},{"damage_healed":0,"gold_gain":0,"player_choice":"Ignored","damage_taken":0,"max_hp_gain":0,"max_hp_loss":0,"event_name":"Ghosts","floor":22,"gold_loss":0}],"is_beta":false,"boss_relics":[{"not_picked":["Fusion Hammer","Pandora\u0027s Box"],"picked":"Empty Cage"},{"not_picked":["Runic Pyramid","Black Star"],"picked":"SlaversCollar"}],"items_purged_floors":[4,19],"is_endless":false,"potions_floor_spawned":[1,7,8,12,14,18,29,33],"killed_by":"3 Darklings","ascension_level":20}}