{"host":"80x1ozqd5wpd4nvo","time":1613525098,"event":{"mods":["2.2 Compatiblity","Act Like it!","Aspiration","BaseMod","Better Altar","Better Match","Better Note","Better Sensory Stone","Better Skull","Better Third Choice","BetterRewards","Card Forge","Custom Start","DNKmod","Defuse TimeMaze Blight","Dota2Spire","Energized Spire","Friendly Minions","GifTheSpireLib","Hubris","Infinite Spire","Jedi Mod","Lobotomy","LobotomyExtend","Minty Spire (QoL Compilation)","MostiFishMod","Permanent Neow","Poor People Problems","Ruina","Shop Mod","Spicy Shops","StSLib","The Blue Laboratory","??????REMEMod"],"gold_per_floor":[1218,544,557,414,434,468,478,510,510,538,538,538,558,154,154,257,257,1211,1251,802,767,1067,1127,1127,1147,1147,1197,619,619,619,636,636,739,739],"floor_reached":18,"language":"ENG","playtime":2648,"items_purged":["SpecialBullet","SpecialBullet"],"score":515,"play_id":"05d0b2bc-b033-4830-ad59-8b3fe0533774","local_time":"20210217022458","is_ascension_mode":true,"campfire_choices":[],"circlet_count":0,"master_deck":["SpecialBullet","SpecialBullet","SpecialBullet","SpecialBullet","SpecialBullet","SecurityCode","InformationCode","RecordCode","Mimicry","WristCuter","OSAHOGD","GreenStem","MostiFishMod:Galeforce","Wellcheers","UniverseFragment","OldLady","WristCuter","BearPaw","InTheNameOfLoveAndHate","BodiesMountain","Soda+1","LaLuna","SwordSharpenedByTears","Twilight","RedEyes","Twilight","Wingbeat","infinitespire:Fortify","Pinks","Logging","CENSORED_ego","MostiFishMod:KingOfFree","Impatience","Regret_ego","CENSORED_ego"],"relics":["CogitoBucket","Hammer of Thor","Seething Fire","Anvil of the Gods","REME_ComplimentaryCards","DaveBox","SynthV:TestCard","DianDianMeat","infinitespire:Satchel","REME_CardOfGreed","PreservedInsect","Ornamental Fan","Mercury Hourglass","jedi:archwizardhat","aspiration:FrozenJewel","hubris:Icosahedron","ChangeAnything","Dota2Spire:MonkeyKingBar","Dota2Spire:PowerTreads","aspiration:RitualDagger","HonorFeather","LaetitiaHeart","SynthV:TestCard","LetterFromLob","RhineCircuit","Old Coin","EGODaCapo","infinitespire:Lucky Rock","Dota2Spire:EtherealBlade","SkinProphecy","hubris:MobiusCoin","Bag of Marbles"],"acts_visited":["Exordium","Exordium"],"potions_floor_usage":[8,13,18,18,16],"damage_taken":[{"damage":13,"enemies":"infinitespire:Voidling","floor":1,"turns":2},{"damage":6,"enemies":"2 Louse","floor":3,"turns":2},{"damage":11,"enemies":"Jaw Worm","floor":5,"turns":2},{"damage":0,"enemies":"Gremlin Nob","floor":6,"turns":3},{"damage":7,"enemies":"Blue Slaver","floor":7,"turns":2},{"damage":0,"enemies":"Lagavulin","floor":8,"turns":4},{"damage":0,"enemies":"Gremlin Nob","floor":10,"turns":2},{"damage":24,"enemies":"Looter","floor":13,"turns":6},{"damage":50,"enemies":"The Guardian","floor":16,"turns":6},{"damage":133,"enemies":"ruina:2_Scarecrows","floor":18,"turns":5},{"damage":3,"enemies":"ruina:2_Scarecrows","floor":18,"turns":1},{"damage":15,"enemies":"Jaw Worm","floor":1,"turns":2},{"damage":98,"enemies":"Jaw Worm","floor":2,"turns":5},{"damage":7,"enemies":"Nightmare","floor":6,"turns":4},{"damage":6,"enemies":"2 Louse","floor":8,"turns":2},{"damage":35,"enemies":"Cultist","floor":10,"turns":6},{"damage":3,"enemies":"Exordium Thugs","floor":14,"turns":1},{"damage":6,"enemies":"Slime Boss","floor":16,"turns":3}],"seed_played":"-312778988552577355","potions_obtained":[{"floor":1,"key":"SkillPotion"},{"floor":6,"key":"blueLaboratory:HummingbirdPotion"},{"floor":8,"key":"ColorlessPotion"},{"floor":13,"key":"blueLaboratory:LouseDecoction"},{"floor":6,"key":"Strength Potion"},{"floor":8,"key":"Dota2Spire:HealingSalve"},{"floor":16,"key":"blueLaboratory:PyrophylliteBrew"}],"is_trial":false,"path_per_floor":["M","$","M","$","M","E","M","E","T","E","R","?","M","$","R","B",null,"M","M","?","$","?","AVR","NM","?","M","T","M","$","E","?","M","R","B",null,null],"character_chosen":"Angela","items_purchased":["GreenStem","MostiFishMod:Galeforce","DianDianMeat","infinitespire:Satchel","REME_CardOfGreed","PreservedInsect","Dota2Spire:MonkeyKingBar","Dota2Spire:PowerTreads","Twilight","Wingbeat","hubris:MobiusCoin","Bag of Marbles","CENSORED_ego"],"campfire_rested":0,"item_purchase_floors":[2,2,2,2,2,4,14,14,3,3,11,11,11],"current_hp_per_floor":[95,95,98,98,97,110,115,121,121,136,136,136,150,150,150,133,166,111,37,64,98,113,146,146,176,176,187,205,1,40,63,63,87,87],"gold":739,"neow_bonus":"ONE_RANDOM_RARE_CARD","is_daily":false,"chose_seed":false,"campfire_upgraded":0,"win_rate":0.0,"timestamp":1613525098,"path_taken":["M","$","?","$","M","E","M","E","T","E","R","?","M","?","R","BOSS","M","M","?","$","?","AVR","NM","?","?","T","?","$","E","?","M","R","BOSS"],"items_purchased_type":["Card","Card","Relic","Relic","Relic","Relic","Relic","Relic","Card","Card","Relic","Relic","Card"],"build_version":"2020-12-22","purchased_purges":2,"victory":true,"max_hp_per_floor":[100,100,101,101,103,110,115,121,121,136,136,136,155,155,155,166,166,112,112,139,139,154,170,170,187,187,187,205,1,40,63,63,87,87],"card_choices":[{"not_picked":["Spore"],"picked":"WristCuter","floor":1},{"not_picked":["VoidDream","MHz"],"picked":"OSAHOGD","floor":1},{"not_picked":["QueenOfHatred","Murderer"],"picked":"Wellcheers","floor":3},{"not_picked":["Soda","Penitence","RapturousDream","Lantern"],"picked":"SKIP","floor":3},{"not_picked":["CrumblingArmor","ShyLook"],"picked":"UniverseFragment","floor":5},{"not_picked":["FrostShard","Hypocrisy","CherryBlossom","Noise"],"picked":"SKIP","floor":5},{"not_picked":["Bloodbath","PunishingBird"],"picked":"OldLady","floor":6},{"not_picked":["Penitence","BlueScar","Loneliness"],"picked":"WristCuter","floor":6},{"not_picked":["GreenStem","Regret_ego","Tough"],"picked":"BearPaw","floor":7},{"not_picked":["LifeForTheDareDevil","Wingbeat","Penitence"],"picked":"InTheNameOfLoveAndHate","floor":8},{"not_picked":["DreamingCurrent","CherryBlossoms"],"picked":"BodiesMountain","floor":10},{"not_picked":["Diffraction","BlueScar","Hypocrisy"],"picked":"Soda","floor":10},{"not_picked":["Bloodbath","BeautyBeast"],"picked":"LaLuna","floor":13},{"not_picked":["Hypocrisy","Tough","Diffraction"],"picked":"SwordSharpenedByTears","floor":13},{"not_picked":["CENSORED_ego","DaCapo","Mimicry"],"picked":"Twilight","floor":16},{"not_picked":["FeatherOfHonor","RapturousDream","BloodyDesire"],"picked":"RedEyes","floor":1},{"not_picked":["Penitence","Lantern","Pleasure","ParadiseLost","Twilight"],"picked":"Pinks","floor":6},{"not_picked":["SomewhereSpear","TodaysExpression","Penitence","Hornet","Laetitia_ego"],"picked":"Logging","floor":8},{"not_picked":["RedEyes","Soda","SomewhereSpear","Pleasure","GreenStem","Logging"],"picked":"SKIP","floor":10},{"not_picked":["Good Instincts","Deep Breath","MostiFishMod:Mottled","REME_HeartOfCthun","Discovery"],"picked":"MostiFishMod:KingOfFree","floor":13},{"not_picked":["Mayhem","Violence","hubris:Ssssneak","Chrysalis","PanicButton"],"picked":"Impatience","floor":13},{"not_picked":["Justitia","GreenStem","Noise","Harmony","SomewhereSpear"],"picked":"Regret_ego","floor":14},{"not_picked":["Twilight","Pinks","GoldRush","DaCapo","Justitia"],"picked":"CENSORED_ego","floor":16}],"player_experience":279668,"relics_obtained":[{"floor":1,"key":"SynthV:TestCard"},{"floor":1,"key":"LetterFromLob"},{"floor":6,"key":"Ornamental Fan"},{"floor":8,"key":"Mercury Hourglass"},{"floor":9,"key":"jedi:archwizardhat"},{"floor":10,"key":"aspiration:FrozenJewel"},{"floor":1,"key":"SynthV:TestCard"},{"floor":1,"key":"LetterFromLob"},{"floor":6,"key":"infinitespire:Lucky Rock"},{"floor":9,"key":"Dota2Spire:EtherealBlade"}],"event_choices":[{"damage_healed":34,"gold_gain":0,"player_choice":"Healed","damage_taken":0,"max_hp_gain":0,"max_hp_loss":0,"event_name":"The Cleric","floor":4,"gold_loss":35},{"damage_healed":0,"gold_gain":0,"player_choice":"Forge","damage_taken":0,"max_hp_gain":0,"max_hp_loss":0,"event_name":"Accursed Blacksmith","floor":7,"gold_loss":0,"cards_upgraded":["Soda"]},{"damage_healed":0,"gold_gain":3,"player_choice":"1","damage_taken":0,"max_hp_gain":0,"max_hp_loss":0,"event_name":"betterStone:BetterStone","floor":13,"gold_loss":0}],"is_beta":false,"boss_relics":[{"not_picked":["Transparent","aspiration:PoetsPen_weak"],"picked":"aspiration:RitualDagger"}],"items_purged_floors":[3,11],"is_endless":false,"potions_floor_spawned":[1,6,8,13,18,6,8,10,16],"ascension_level":1}}