{"host":"a57oumegxze0vmhs","time":1613575240,"event":{"mods":["AchievementEnabler","BaseMod","Colored Powertips","Minty Spire (QoL Compilation)","Relic Stats"],"gold_per_floor":[112,112,130,146,158,191,206,206,252,264,264,70,70,87,87,185,185,204,235,245,245,152,152,152],"floor_reached":23,"language":"ENG","playtime":1146,"items_purged":["Strike_R"],"score":193,"play_id":"b05d6e24-2976-4adf-ae0c-53a172a622e3","local_time":"20210217172040","is_ascension_mode":false,"campfire_choices":[{"data":"Bash","floor":11,"key":"SMITH"},{"data":"Clothesline","floor":13,"key":"SMITH"},{"data":"Perfected Strike","floor":15,"key":"SMITH"}],"circlet_count":0,"master_deck":["Strike_R","Strike_R","Strike_R","Strike_R","Defend_R","Defend_R","Defend_R","Defend_R","Bash+1","Pommel Strike","Clothesline+1","Shrug It Off","True Grit","Cleave","Cleave","Perfected Strike+1","Pommel Strike","Perfected Strike+1","Twin Strike"],"relics":["Burning Blood","Charon\u0027s Ashes","Toy Ornithopter","Membership Card","SlaversCollar","Red Mask","PrismaticShard"],"acts_visited":["Exordium","TheCity"],"potions_floor_usage":[10,14,16,16,19,19,23,23],"damage_taken":[{"damage":0.0,"enemies":"Small Slimes","floor":1.0,"turns":4.0},{"damage":1.0,"enemies":"Cultist","floor":3.0,"turns":3.0},{"damage":0.0,"enemies":"2 Louse","floor":4.0,"turns":2.0},{"damage":15.0,"enemies":"Lots of Slimes","floor":5.0,"turns":6.0},{"damage":24.0,"enemies":"Gremlin Nob","floor":6.0,"turns":5.0},{"damage":7,"enemies":"Exordium Thugs","floor":7,"turns":6},{"damage":6,"enemies":"Exordium Wildlife","floor":10,"turns":4},{"damage":0,"enemies":"3 Louse","floor":14,"turns":2},{"damage":51,"enemies":"Hexaghost","floor":16,"turns":11},{"damage":12,"enemies":"Chosen","floor":18,"turns":5},{"damage":27,"enemies":"Masked Bandits","floor":19,"turns":4},{"damage":47,"enemies":"3 Byrds","floor":20,"turns":6},{"damage":41,"enemies":"Gremlin Leader","floor":23,"turns":8}],"seed_played":"-4011609219842954885","potions_obtained":[{"floor":1.0,"key":"SpeedPotion"},{"floor":7,"key":"FearPotion"},{"floor":8,"key":"DuplicationPotion"},{"floor":8,"key":"Swift Potion"},{"floor":10,"key":"DistilledChaos"},{"floor":14,"key":"LiquidMemories"},{"floor":16,"key":"SneckoOil"},{"floor":18,"key":"SkillPotion"},{"floor":20,"key":"LiquidMemories"}],"is_trial":false,"path_per_floor":["M","?","M","M","M","E","M","?","T","M","R","$","R","M","R","B",null,"M","?","M","?","$","E"],"character_chosen":"IRONCLAD","items_purchased":["Membership Card","PrismaticShard","Twin Strike"],"campfire_rested":0,"item_purchase_floors":[12,22,22],"current_hp_per_floor":[88,88,88,88,79,61,60,60,60,65,65,65,65,76,76,41,88,82,69,28,22,22,0,0],"gold":152,"neow_bonus":"TEN_PERCENT_HP_BONUS","is_daily":false,"chose_seed":false,"campfire_upgraded":3,"win_rate":0.0,"timestamp":1613575240,"path_taken":["M","?","M","M","M","E","M","?","T","?","R","?","R","M","R","BOSS","M","?","M","?","$","E"],"items_purchased_type":["Relic","Relic","Card"],"build_version":"2020-12-22","purchased_purges":1,"victory":false,"max_hp_per_floor":[88,88,88,88,88,88,88,88,88,88,88,88,88,88,88,88,88,88,88,88,88,88,88,88],"relic_stats":{"counters":[13,66],"Charon\u0027s Ashes":[21],"obtain_stats":[{"SlaversCollar":17,"Charon\u0027s Ashes":6,"Red Mask":19,"Membership Card":12,"PrismaticShard":22,"Burning Blood":0,"Toy Ornithopter":9},{"SlaversCollar":9,"Charon\u0027s Ashes":5,"Red Mask":11,"Membership Card":7,"PrismaticShard":12,"Burning Blood":0,"Toy Ornithopter":6},{"SlaversCollar":43,"Charon\u0027s Ashes":20,"Red Mask":52,"Membership Card":30,"PrismaticShard":58,"Burning Blood":0,"Toy Ornithopter":26}],"Burning Blood":55,"Toy Ornithopter":38},"card_choices":[{"not_picked":["Heavy Blade","Headbutt"],"picked":"Pommel Strike","floor":1.0},{"not_picked":["Anger","Battle Trance"],"picked":"Clothesline","floor":3.0},{"not_picked":["Flex","Seeing Red"],"picked":"Shrug It Off","floor":4.0},{"not_picked":["Warcry","Havoc","Dark Embrace"],"picked":"SKIP","floor":5.0},{"not_picked":["Power Through","Flex"],"picked":"True Grit","floor":6.0},{"not_picked":["Seeing Red","Power Through"],"picked":"Cleave","floor":7},{"not_picked":["Reaper","True Grit"],"picked":"Cleave","floor":10},{"not_picked":["Feel No Pain","Headbutt"],"picked":"Perfected Strike","floor":14},{"not_picked":["Cleave","Dual Wield","Battle Trance"],"picked":"SKIP","floor":18},{"not_picked":["Evolve","Shrug It Off"],"picked":"Pommel Strike","floor":19},{"not_picked":["Anger","Sword Boomerang+1"],"picked":"Perfected Strike+1","floor":20}],"player_experience":448068,"relics_obtained":[{"floor":6.0,"key":"Charon\u0027s Ashes"},{"floor":9,"key":"Toy Ornithopter"},{"floor":19,"key":"Red Mask"}],"event_choices":[{"damage_healed":0.0,"max_hp_gain":0.0,"max_hp_loss":0.0,"gold_gain":0.0,"event_name":"Liars Game","player_choice":"Ignored","floor":2.0,"gold_loss":0.0,"damage_taken":0.0},{"damage_healed":0,"gold_gain":0,"player_choice":"Got Potions","damage_taken":0,"max_hp_gain":0,"max_hp_loss":0,"event_name":"Lab","floor":8,"gold_loss":0},{"damage_healed":0,"gold_gain":0,"player_choice":"Fought Bandits","damage_taken":0,"max_hp_gain":0,"max_hp_loss":0,"event_name":"Masked Bandits","floor":19,"gold_loss":0},{"damage_healed":0,"gold_gain":0,"player_choice":"","damage_taken":6,"max_hp_gain":0,"max_hp_loss":0,"event_name":"Knowing Skull","floor":21,"potions_obtained":[],"gold_loss":0,"cards_obtained":[]}],"is_beta":false,"boss_relics":[{"not_picked":["Snecko Eye","Empty Cage"],"picked":"SlaversCollar"}],"items_purged_floors":[12],"is_endless":false,"potions_floor_spawned":[1,7,10,14,16,18,20],"killed_by":"Gremlin Leader","ascension_level":0}}