{"host":"l7ku00cw7dmofayg","time":1613600579,"event":{"mods":["ATMod(°¢èªMod)","BaseMod","Marisa£¨ìFÓê¡¡Ä§ÀíÉ³£©","Minty Spire (QoL Compilation)","StSLib","The Invoker Mod"],"gold_per_floor":[110,110,125,67,81,81,92,141,164,164,201,201,216,251,251,353,353,364,414,434,97,140,167,167,80,131,166,195,195,233,268,268,370,370,383,383,198,198,571,605,617,617,642,701,258,323,358,358,358,358],"floor_reached":51,"language":"ZHS","playtime":1817,"items_purged":["Strike_MRS","Defend_MRS","Shame"],"score":2212,"play_id":"813e2aeb-fc85-4c12-b155-0f9c184ac044","local_time":"20210218062259","is_ascension_mode":true,"campfire_choices":[{"data":"AsteroidBelt","floor":6.0,"key":"SMITH"},{"floor":15.0,"key":"REST"},{"data":"AT_EmpoweredMortalDraw","floor":24,"key":"SMITH"},{"data":"MachineGunSpark","floor":29,"key":"SMITH"},{"data":"CollectingQuirk","floor":32,"key":"SMITH"},{"data":"MaximisePower","floor":42,"key":"SMITH"},{"floor":49,"key":"REST"}],"circlet_count":0,"master_deck":["AscendersBane","Strike_MRS","Strike_MRS+1","Defend_MRS+1","Defend_MRS","MasterSpark+1","UpSweep","OortCloud","AsteroidBelt+1","DeepEcoloBomb","OortCloud","WitchOfGreed+1","EarthLightRay+1","OortCloud","AsteroidBelt","CollectingQuirk+1","AT_EmpoweredMortalDraw+1","SprinkleStarSeal+1","6A","MachineGunSpark+1","6A","AsteroidBelt","AbsoluteMagnitude","MachineGunSpark","MaximisePower+1","PulseMagic","Finesse","Discovery","MaximisePower","6A","NonDirectionalLaser+1","ChargingUp+1","Acceleration","WitchOfGreed","SuperPerseids","MagicAbsorber+1","Madness","Madness"],"relics":["MiniHakkero","AT_ATBox","Bronze Scales","Potion Belt","War Paint","AT_MortalBlade","Matryoshka","AT_SunfireAegis","AT_BellowingDragoncrestRing","AT_RedTearstoneRing","Whetstone","AT_TimeSand","Cursed Key","Old Coin","Oddly Smooth Stone","AT_ArchangelStaff","Smiling Mask","Bag of Preparation","Orrery","Happy Flower","PreservedInsect"],"acts_visited":["Exordium","TheCity","TheBeyond"],"potions_floor_usage":[23,27,30,39,39,46,50],"damage_taken":[{"damage":0.0,"enemies":"Cultist","floor":1.0,"turns":4.0},{"damage":0.0,"enemies":"Jaw Worm","floor":3.0,"turns":4.0},{"damage":0.0,"enemies":"2 Louse","floor":5.0,"turns":3.0},{"damage":3.0,"enemies":"Large Slime","floor":7.0,"turns":7.0},{"damage":0.0,"enemies":"Gremlin Nob","floor":8.0,"turns":5.0},{"damage":53.0,"enemies":"Gremlin Gang","floor":11.0,"turns":4.0},{"damage":5.0,"enemies":"3 Louse","floor":13.0,"turns":1.0},{"damage":9.0,"enemies":"Red Slaver","floor":14.0,"turns":4.0},{"damage":31.0,"enemies":"The Guardian","floor":16.0,"turns":12.0},{"damage":0.0,"enemies":"Spheric Guardian","floor":18.0,"turns":1.0},{"damage":14.0,"enemies":"3 Byrds","floor":20.0,"turns":3.0},{"damage":0.0,"enemies":"Sentry and Sphere","floor":22.0,"turns":6.0},{"damage":18,"enemies":"Slavers","floor":23,"turns":4},{"damage":5,"enemies":"Chosen and Byrds","floor":27,"turns":4},{"damage":2,"enemies":"Book of Stabbing","floor":28,"turns":5},{"damage":0,"enemies":"Cultist and Chosen","floor":30,"turns":7},{"damage":0,"enemies":"Slavers","floor":31,"turns":1},{"damage":8,"enemies":"Champ","floor":33,"turns":8},{"damage":0,"enemies":"3 Shapes","floor":35,"turns":1},{"damage":4,"enemies":"2 Orb Walkers","floor":39,"turns":2},{"damage":1,"enemies":"Reptomancer","floor":40,"turns":2},{"damage":0,"enemies":"3 Darklings","floor":41,"turns":2},{"damage":4,"enemies":"Nemesis","floor":44,"turns":3},{"damage":37,"enemies":"Reptomancer","floor":46,"turns":3},{"damage":0,"enemies":"Spire Growth","floor":47,"turns":1},{"damage":0,"enemies":"Time Eater","floor":50,"turns":1}],"seed_played":"5745294451875115081","potions_obtained":[{"floor":7.0,"key":"DuplicationPotion"},{"floor":8.0,"key":"Dexterity Potion"},{"floor":11.0,"key":"FearPotion"},{"floor":11.0,"key":"DuplicationPotion"},{"floor":12.0,"key":"AttackPotion"},{"floor":12.0,"key":"Explosive Potion"},{"floor":14.0,"key":"ColorlessPotion"},{"floor":14.0,"key":"PowerPotion"},{"floor":16.0,"key":"FearPotion"},{"floor":20.0,"key":"BottledSpark"},{"floor":22.0,"key":"Energy Potion"},{"floor":22.0,"key":"SneckoOil"},{"floor":27,"key":"Fire Potion"},{"floor":30,"key":"EssenceOfSteel"},{"floor":33,"key":"Block Potion"},{"floor":33,"key":"SkillPotion"},{"floor":39,"key":"BlessingOfTheForge"},{"floor":39,"key":"Weak Potion"},{"floor":46,"key":"BottledSpark"},{"floor":46,"key":"BottledSpark"},{"floor":47,"key":"SkillPotion"}],"is_trial":false,"path_per_floor":["M","?","M","?","M","R","M","E","T","?","M","?","M","M","R","B",null,"M","?","M","$","M","E","R","$","T","M","E","R","M","E","R","B",null,"M","?","$","?","?","E","M","R","T","E","$","E","M","?","R","B",null],"character_chosen":"MARISA","items_purchased":["Matryoshka","MachineGunSpark","MaximisePower","Acceleration","Orrery","Happy Flower"],"campfire_rested":2,"item_purchase_floors":[21,25,37,45,45,45],"current_hp_per_floor":[63,63,63,63,63,63,60,60,60,60,13,13,14,11,32,7,54,54,54,40,40,46,34,34,34,34,35,39,39,45,45,45,49,65,65,60,60,60,56,55,55,55,55,51,51,20,26,13,34,34],"gold":358,"neow_bonus":"TRANSFORM_CARD","is_daily":false,"chose_seed":false,"campfire_upgraded":5,"win_rate":0.0,"timestamp":1613600579,"path_taken":["M","?","?","?","?","R","?","E","T","?","M","?","?","M","R","BOSS","M","?","?","?","M","E","R","?","T","M","E","R","?","E","R","BOSS","M","?","$","?","?","E","M","R","T","E","$","E","M","?","R","BOSS"],"items_purchased_type":["Relic","Card","Card","Card","Relic","Relic"],"build_version":"2020-12-22","purchased_purges":3,"victory":true,"max_hp_per_floor":[70,70,70,70,70,70,70,70,70,70,70,70,70,70,70,70,70,70,70,70,70,70,70,70,70,70,70,70,70,70,70,70,70,70,70,70,70,70,70,70,70,70,70,70,70,70,70,70,70,70],"card_choices":[{"not_picked":["WitchLeyline","DoubleSpark"],"picked":"AsteroidBelt","floor":1.0},{"not_picked":["GalacticHalo","Singularity","DarkSpark"],"picked":"SKIP","floor":3.0},{"not_picked":["MagicAbsorber","6A"],"picked":"OortCloud","floor":5.0},{"not_picked":["ChargeUpSpray","6A"],"picked":"WitchOfGreed","floor":7.0},{"not_picked":["MilkyWay","ShootingEcho"],"picked":"EarthLightRay","floor":8.0},{"not_picked":["UnstableBomb","PowerUp"],"picked":"GravityBeat","floor":11.0},{"not_picked":["BlazeAway","ShootTheMoon"],"picked":"OortCloud","floor":13.0},{"not_picked":["OpenUniverse","ManaConvection"],"picked":"AsteroidBelt","floor":14.0},{"not_picked":["EscapeVelocity","FinalSpark"],"picked":"CollectingQuirk","floor":16.0},{"not_picked":["FairyDestructionRay","GrandCross","GalacticHalo"],"picked":"SKIP","floor":18.0},{"not_picked":["UnstableBomb","EarthLightRay"],"picked":"SprinkleStarSeal+1","floor":20.0},{"not_picked":["FairyDestructionRay","GravityBeat","MeteoricShower"],"picked":"SKIP","floor":22.0},{"not_picked":["SatelliteIllusion","WitchOfGreed"],"picked":"6A","floor":23},{"not_picked":["OortCloud","DarkSpark"],"picked":"6A","floor":27},{"not_picked":["Occultation","RefractionSpark"],"picked":"AsteroidBelt","floor":28},{"not_picked":["AsteroidBelt","WitchLeyline+1"],"picked":"AbsoluteMagnitude","floor":30},{"not_picked":["MysteriousBeam","GravityBeat"],"picked":"MachineGunSpark","floor":31},{"not_picked":["FinalSpark","AbsoluteMagnitude"],"picked":"MaximisePower","floor":33},{"not_picked":["Occultation+1","OpenUniverse"],"picked":"PulseMagic","floor":35},{"not_picked":["Impatience","Dramatic Entrance"],"picked":"Finesse","floor":36},{"not_picked":["Blind","Madness"],"picked":"Discovery","floor":36},{"not_picked":["DC+1","Occultation"],"picked":"6A","floor":39},{"not_picked":["StarlightTyphoon+1","PowerUp","GrandCross+1"],"picked":"SKIP","floor":40},{"not_picked":["RefractionSpark","UnstableBomb"],"picked":"NonDirectionalLaser+1","floor":41},{"not_picked":["6A","AsteroidBelt"],"picked":"ChargingUp+1","floor":44},{"not_picked":["SporeBomb","DoubleSpark"],"picked":"WitchOfGreed","floor":45},{"not_picked":["MysteriousBeam","DC+1"],"picked":"SuperPerseids","floor":45},{"not_picked":["LuminesStrike","AbsoluteMagnitude"],"picked":"MagicAbsorber+1","floor":46},{"not_picked":["AsteroidBelt","GasGiant","NonDirectionalLaser+1"],"picked":"SKIP","floor":47}],"player_experience":73806,"relics_obtained":[{"floor":8.0,"key":"Potion Belt"},{"floor":9.0,"key":"War Paint"},{"floor":23,"key":"AT_SunfireAegis"},{"floor":26,"key":"AT_BellowingDragoncrestRing"},{"floor":26,"key":"AT_RedTearstoneRing"},{"floor":28,"key":"Whetstone"},{"floor":31,"key":"AT_TimeSand"},{"floor":39,"key":"Old Coin"},{"floor":40,"key":"Oddly Smooth Stone"},{"floor":43,"key":"AT_ArchangelStaff"},{"floor":43,"key":"Smiling Mask"},{"floor":44,"key":"Bag of Preparation"},{"floor":46,"key":"PreservedInsect"}],"event_choices":[{"damage_healed":0.0,"max_hp_gain":0.0,"max_hp_loss":0.0,"gold_gain":0.0,"cards_transformed":["Defend_MRS"],"event_name":"Transmorgrifier","player_choice":"Transformed","floor":2.0,"gold_loss":0.0,"damage_taken":0.0,"cards_obtained":["DeepEcoloBomb"]},{"damage_healed":0.0,"max_hp_gain":0.0,"max_hp_loss":0.0,"gold_gain":0.0,"event_name":"WeMeetAgain","player_choice":"Paid Gold","floor":4.0,"gold_loss":58.0,"damage_taken":0.0,"relics_obtained":["Bronze Scales"]},{"damage_healed":0.0,"max_hp_gain":0.0,"max_hp_loss":0.0,"gold_gain":0.0,"event_name":"Living Wall","player_choice":"Grow","floor":10.0,"gold_loss":0.0,"damage_taken":0.0,"cards_upgraded":["WitchOfGreed"]},{"damage_healed":0.0,"max_hp_gain":0.0,"max_hp_loss":0.0,"gold_gain":0.0,"event_name":"Lab","player_choice":"Got Potions","floor":12.0,"gold_loss":0.0,"damage_taken":0.0},{"damage_healed":0.0,"max_hp_gain":0.0,"max_hp_loss":0.0,"gold_gain":100.0,"event_name":"The Joust","player_choice":"Bet on Murderer","floor":19.0,"gold_loss":50.0,"damage_taken":0.0},{"damage_healed":0,"gold_gain":0,"player_choice":"Memory 2","damage_taken":5,"max_hp_gain":0,"max_hp_loss":0,"event_name":"SensoryStone","floor":36,"gold_loss":0},{"cards_removed":["GravityBeat"],"damage_healed":0,"gold_gain":0,"player_choice":"Removed Attack","damage_taken":0,"max_hp_gain":0,"max_hp_loss":0,"event_name":"Falling","floor":38,"gold_loss":0},{"damage_healed":0,"gold_gain":0,"player_choice":"Fight","damage_taken":0,"max_hp_gain":0,"max_hp_loss":0,"event_name":"Mysterious Sphere","floor":39,"gold_loss":0},{"damage_healed":0,"gold_gain":0,"player_choice":"Embrace Madness","damage_taken":13,"max_hp_gain":0,"max_hp_loss":0,"event_name":"Winding Halls","floor":48,"gold_loss":0,"cards_obtained":["Madness","Madness"]}],"is_beta":false,"boss_relics":[{"not_picked":["Velvet Choker","AT_TrinityForce"],"picked":"AT_MortalBlade"},{"not_picked":["Astrolabe","Runic Pyramid"],"picked":"Cursed Key"}],"items_purged_floors":[21,37,45],"is_endless":false,"potions_floor_spawned":[7,8,11,14,20,22,33,39,40,41,46],"ascension_level":19}}