{"host":"g1wmg2w41xhsnw8g","time":1613599672,"event":{"mods":["100% Spire Juice","2.2 Compatiblity","Act Like it!","Aspiration","BaseMod","Better Altar","Better Match","Better Note","Better Sensory Stone","Better Skull","Better Third Choice","BetterRewards","Booster Modes","CapriCore","Colored Map","Colored Powertips","Defuse TimeMaze Blight","Displayed Cursed Tome","Evolution","Extra Virgin Snecko Oil","Fox Events","Friendly Minions","GifTheSpireLib","Good Game Mod","Googly Eyes","Hubris","Infinite Spire","Jedi Mod","Minty Spire (QoL Compilation)","Red Circlet Mod","Relic Filter Mod","Relic Sorter","Reliquary","Ruina","SCP261 Mod","Shop Mod","Smile Girya","Spicy Shops","Spikes Relics","StSLib","Strawberry Spire","The Hayseed","The Runesmith","The Sage","Trackpad","Transform Curses","Wandering Minibosses","????"],"gold_per_floor":[109,109,109,109,128,164,11,54,77,77,77],"floor_reached":10,"language":"ENG","playtime":690,"items_purged":[],"score":103,"play_id":"4c993f85-439a-43f9-ad9d-b119a9e3c19e","local_time":"20210217170752","daily_mods":["Specialized","Heirloom","Elite Swarm"],"is_ascension_mode":true,"campfire_choices":[],"circlet_count":0,"master_deck":["Runesmith:HammerThrow","Runesmith:EnergizedChisel","Moonworks:Assault+1","Moonworks:CloudOfSeagulls","Moonworks:LulusLuckyEgg","Runesmith:StaticCage","Runesmith:MakeshiftArmor","Runesmith:EarthShield","Moonworks:Ambush","Moonworks:LongDistanceShot","Moonworks:LulusLuckyEgg","Moonworks:LulusLuckyEgg","Moonworks:LulusLuckyEgg","Moonworks:LulusLuckyEgg","Moonworks:LulusLuckyEgg","jedi:collectorstrike","Runesmith:CraftProtectio","Moonworks:WeAreWaruda","Runesmith:UnlimitedPower"],"relics":["Moonworks:BrokenBomb","Moonworks:Homemark","EVO:Axolotl","REME:ComplimentaryCards","WingedGreaves","Golden Idol","jedi:kaleidoscope","hubris:TenFootPole","trackpad:SneckoScepter","reliquary:SilkGlove"],"acts_visited":["Exordium"],"potions_floor_usage":[6,10],"damage_taken":[{"damage":4,"enemies":"Jaw Worm","floor":1,"turns":7},{"damage":6,"enemies":"2 Louse","floor":5,"turns":3},{"damage":9,"enemies":"3 Sentries","floor":6,"turns":11},{"damage":22,"enemies":"Gremlin Nob","floor":8,"turns":4},{"damage":13,"enemies":"strawberrySpire:EnergyPylons","floor":10,"turns":5}],"seed_played":"-7684833200012344130","potions_obtained":[{"floor":1,"key":"Weak Potion"},{"floor":8,"key":"AttackPotion"}],"is_trial":true,"path_per_floor":["M","?","?","?","M","E","$","E","T","E"],"character_chosen":"THE_STARBREAKER","items_purchased":["hubris:TenFootPole"],"campfire_rested":0,"item_purchase_floors":[7],"current_hp_per_floor":[56,60,45,50,44,35,35,13,13,0,0],"gold":77,"neow_bonus":"","is_daily":false,"chose_seed":false,"campfire_upgraded":0,"win_rate":0.0,"timestamp":1613599672,"path_taken":["M","?","?","?","M","E","?","E","T","E"],"items_purchased_type":["Relic"],"build_version":"2020-12-22","purchased_purges":0,"victory":false,"max_hp_per_floor":[60,60,60,65,65,65,65,65,65,65,65],"card_choices":[{"not_picked":["Moonworks:IndiscriminateFireSupport","Runesmith:Superposition"],"picked":"Runesmith:CraftProtectio","floor":1},{"not_picked":["Runesmith:CraftProtectio","Runesmith:FrozenChisel"],"picked":"jedi:collectorstrike","floor":5},{"not_picked":["jedi:collectorstrike","Runesmith:CraftPrismatica"],"picked":"Moonworks:WeAreWaruda","floor":6},{"not_picked":["Moonworks:Gamble","jedi:collectorstrike"],"picked":"Runesmith:UnlimitedPower","floor":8}],"player_experience":1319227,"relics_obtained":[{"floor":6,"key":"jedi:kaleidoscope"},{"floor":8,"key":"trackpad:SneckoScepter"},{"floor":9,"key":"reliquary:SilkGlove"}],"event_choices":[{"damage_healed":0,"gold_gain":0,"player_choice":"Take Damage","damage_taken":15,"relics_obtained":["Golden Idol"],"max_hp_gain":0,"max_hp_loss":0,"event_name":"Golden Idol","floor":3,"gold_loss":0},{"damage_healed":0,"gold_gain":0,"player_choice":"Donut","damage_taken":0,"max_hp_gain":5,"max_hp_loss":0,"event_name":"Big Fish","floor":4,"gold_loss":0}],"is_beta":false,"boss_relics":[],"items_purged_floors":[],"is_endless":false,"potions_floor_spawned":[1,8],"killed_by":"strawberrySpire:EnergyPylons","ascension_level":1}}