{"host":"BK","time":1613586913,"event":{"mods":["BaseMod","Highlight Path","Minty Spire (QoL Compilation)","StSLib"],"gold_per_floor":[110,110,123,123,48,48,78,91,91,52,77,107,136,148,160,172,172],"floor_reached":16,"language":"ENG","playtime":446,"items_purged":["Strike_R"],"score":220,"play_id":"352fecc5-e687-4799-9a88-ec156fc3e9f8","local_time":"20210217113513","is_ascension_mode":true,"campfire_choices":[{"data":"Heavy Blade","floor":6.0,"key":"SMITH"},{"floor":15.0,"key":"REST"}],"circlet_count":0,"master_deck":["AscendersBane","Strike_R","Strike_R","Strike_R","Strike_R","Defend_R","Defend_R","Defend_R","Defend_R","Bash","Spot Weakness","Heavy Blade+1","Whirlwind","Metallicize","Feed","Inflame","Pain"],"relics":["Cursed Key","Potion Belt","MawBank"],"acts_visited":["Exordium"],"potions_floor_usage":[],"damage_taken":[{"damage":4.0,"enemies":"Jaw Worm","floor":1.0,"turns":4.0},{"damage":3.0,"enemies":"Small Slimes","floor":3.0,"turns":3.0},{"damage":15.0,"enemies":"3 Sentries","floor":7.0,"turns":6.0},{"damage":1.0,"enemies":"Cultist","floor":8.0,"turns":3.0},{"damage":25.0,"enemies":"Lagavulin","floor":11.0,"turns":5.0},{"damage":1.0,"enemies":"2 Fungi Beasts","floor":12.0,"turns":2.0},{"damage":11.0,"enemies":"Blue Slaver","floor":13.0,"turns":3.0},{"damage":37,"enemies":"Slime Boss","floor":16,"turns":5}],"seed_played":"1621161491757246532","potions_obtained":[{"floor":1.0,"key":"SteroidPotion"},{"floor":8.0,"key":"ElixirPotion"}],"is_trial":false,"path_per_floor":["M","?","M","?","$","R","E","M","T","$","E","M","M","T","R","B"],"character_chosen":"IRONCLAD","items_purchased":["Metallicize"],"campfire_rested":1,"item_purchase_floors":[10],"current_hp_per_floor":[64,64,61,66,66,66,51,50,50,50,25,24,13,13,37,0,0],"gold":172,"neow_bonus":"BOSS_RELIC","is_daily":false,"chose_seed":false,"campfire_upgraded":1,"win_rate":0.0,"timestamp":1613586913,"path_taken":["M","?","M","?","?","R","E","M","T","$","E","M","?","?","R","BOSS"],"items_purchased_type":["Card"],"build_version":"2020-12-18","purchased_purges":1,"victory":false,"max_hp_per_floor":[75,75,75,80,80,80,80,80,80,80,80,80,80,80,80,80,80],"card_choices":[{"not_picked":["Anger","Clothesline"],"picked":"Spot Weakness","floor":1.0},{"not_picked":["Inflame","Havoc"],"picked":"Heavy Blade","floor":3.0},{"not_picked":["Carnage","Anger"],"picked":"Whirlwind","floor":7.0},{"not_picked":["Intimidate","Havoc","Headbutt"],"picked":"SKIP","floor":8.0},{"not_picked":["Heavy Blade","Reckless Charge"],"picked":"Feed","floor":11.0},{"not_picked":["Carnage","Headbutt","Inflame"],"picked":"SKIP","floor":12.0},{"not_picked":["Carnage","Headbutt"],"picked":"Inflame","floor":12.0},{"not_picked":["Pommel Strike","Wild Strike","Perfected Strike"],"picked":"SKIP","floor":13.0}],"player_experience":2587542,"relics_obtained":[{"floor":7.0,"key":"Potion Belt"},{"floor":11.0,"key":"MawBank"}],"event_choices":[{"damage_healed":0.0,"max_hp_gain":0.0,"max_hp_loss":0.0,"gold_gain":0.0,"event_name":"The Cleric","player_choice":"Leave","floor":2.0,"gold_loss":0.0,"damage_taken":0.0},{"damage_healed":0.0,"max_hp_gain":5.0,"max_hp_loss":0.0,"gold_gain":0.0,"event_name":"Big Fish","player_choice":"Donut","floor":4.0,"gold_loss":0.0,"damage_taken":0.0}],"is_beta":true,"boss_relics":[],"items_purged_floors":[5],"is_endless":false,"potions_floor_spawned":[1,8],"killed_by":"Slime Boss","ascension_level":20}}