{"host":"Sylvester","time":1613541517,"event":{"mods":["AchievementEnabler","BaseMod","Filter the Spire","Lobotomy","Minty Spire (QoL Compilation)","Replay The Spire","StSLib"],"gold_per_floor":[114,125,136,153,153,180,180,191,215,215,227,240,265,129,129,129,206,306,317,329,329,329,329],"floor_reached":22,"language":"ENG","playtime":1404,"items_purged":["Decay"],"score":396,"play_id":"1420443d-d039-476e-baa8-5b57eeee2859","local_time":"20210216215837","is_ascension_mode":true,"campfire_choices":[{"data":"Toxin Wave","floor":7.0,"key":"SMITH"},{"data":"Deadly Poison","floor":10.0,"key":"SMITH"},{"data":"Catalyst","floor":15.0,"key":"SMITH"},{"data":"Replay:Bag of Tricks","floor":16.0,"key":"SMITH"}],"circlet_count":0,"master_deck":["AscendersBane","Strike_G","Strike_G","Strike_G","Strike_G","Strike_G","Defend_G","Defend_G","Defend_G","Defend_G","Defend_G","Survivor","Neutralize","Terror","Dagger Spray","Deadly Poison+1","Bane","Toxin Wave+1","Backstab","Catalyst+1","Sneak Up","Replay:Bag of Tricks+1","Bouncing Flask","ReplayTheSpireMod:Necrosis","Bouncing Flask"],"relics":["Painkiller Herb","Replay:WaspNest","Smiling Mask","Orichalcum","Replay:Wanted Poster"],"acts_visited":["Exordium","TheCity"],"potions_floor_usage":[],"damage_taken":[{"damage":0.0,"enemies":"Cultist","floor":1.0,"turns":4.0},{"damage":1.0,"enemies":"2 Louse","floor":2.0,"turns":3.0},{"damage":0.0,"enemies":"Small Slimes","floor":3.0,"turns":2.0},{"damage":1.0,"enemies":"Exordium Wildlife","floor":4.0,"turns":5.0},{"damage":9.0,"enemies":"Lagavulin","floor":6.0,"turns":5.0},{"damage":7.0,"enemies":"3 Louse","floor":8.0,"turns":3.0},{"damage":6.0,"enemies":"Looter","floor":11.0,"turns":2.0},{"damage":9.0,"enemies":"Blue Slaver","floor":12.0,"turns":4.0},{"damage":4.0,"enemies":"3 Sentries","floor":13.0,"turns":5.0},{"damage":6.0,"enemies":"Hexaghost","floor":17.0,"turns":5.0},{"damage":4.0,"enemies":"Shell Parasite","floor":19.0,"turns":3.0},{"damage":6.0,"enemies":"3 Byrds","floor":20.0,"turns":2.0},{"damage":49,"enemies":"Shelled Parasite and Fungi","floor":22,"turns":4}],"seed_played":"-8164733674347201836","potions_obtained":[{"floor":1.0,"key":"Energy Potion"},{"floor":2.0,"key":"SkillPotion"},{"floor":6.0,"key":"DistilledChaos"},{"floor":11.0,"key":"ColorlessPotion"},{"floor":17.0,"key":"FearPotion"}],"is_trial":false,"path_per_floor":["?","?","?","?","?","E","T","?","T","T","?","?","E","T","T","T","B",null,"?","?","T","?"],"character_chosen":"THE_SILENT","items_purchased":["Bouncing Flask"],"campfire_rested":0,"item_purchase_floors":[14],"current_hp_per_floor":[59,58,58,57,57,48,48,41,41,41,35,26,22,22,22,22,16,54,50,44,44,0,0],"gold":329,"neow_bonus":"BOSS_RELIC","is_daily":false,"chose_seed":false,"campfire_upgraded":4,"win_rate":0.0,"timestamp":1613541517,"path_taken":["?","?","?","?","?","E","T","?","T","T","?","?","E","T","T","T","BOSS","?","?","T","?"],"items_purchased_type":["Card"],"build_version":"2020-11-17","purchased_purges":1,"victory":false,"max_hp_per_floor":[66,66,66,66,66,66,66,66,66,66,66,66,66,66,66,66,66,66,66,66,66,66,66],"card_choices":[{"not_picked":["Cloak And Dagger","ReplayTheSpireMod:The Works"],"picked":"Terror","floor":1.0},{"not_picked":["Outmaneuver","Footwork"],"picked":"Dagger Spray","floor":2.0},{"not_picked":["Toxin Wave","Hidden Blade"],"picked":"Deadly Poison","floor":3.0},{"not_picked":["Terror","Expertise"],"picked":"Bane","floor":4.0},{"not_picked":["Dagger Spray","Envenom"],"picked":"Toxin Wave","floor":6.0},{"not_picked":["ReplayTheSpireMod:Speed Training","Footwork"],"picked":"Backstab","floor":8.0},{"not_picked":["Quick Slash","Poisoned Stab"],"picked":"Catalyst","floor":11.0},{"not_picked":["Finisher","Terror"],"picked":"Sneak Up","floor":12.0},{"not_picked":["Crippling Poison","Dash"],"picked":"Replay:Bag of Tricks","floor":13.0},{"not_picked":["Grand Finale","Doppelganger"],"picked":"ReplayTheSpireMod:Necrosis","floor":17.0},{"not_picked":["Calculated Gamble","ReplayTheSpireMod:The Works"],"picked":"Bouncing Flask","floor":19.0},{"not_picked":["Concentrate","Cloak And Dagger","Slice"],"picked":"SKIP","floor":20.0}],"player_experience":272635,"relics_obtained":[{"floor":6.0,"key":"Replay:WaspNest"},{"floor":9.0,"key":"Smiling Mask"},{"floor":13.0,"key":"Orichalcum"}],"event_choices":[{"damage_healed":0.0,"max_hp_gain":0.0,"max_hp_loss":0.0,"gold_gain":0.0,"event_name":"Wheel of Change","player_choice":"Cursed","floor":5.0,"gold_loss":0.0,"damage_taken":0.0,"cards_obtained":["Decay"]}],"is_beta":true,"boss_relics":[{"not_picked":["Runic Dome","Honey Jar"],"picked":"Replay:Wanted Poster"}],"items_purged_floors":[14],"is_endless":false,"potions_floor_spawned":[1,2,6,11,17],"killed_by":"Shelled Parasite and Fungi","ascension_level":20}}