{"host":"nz11ypxva4e39b7q","time":1613564652,"event":{"mods":["BaseMod","Better Third Choice","Better Vampires","Colored Map","Minty Spire (QoL Compilation)","Quick Restart","StSLib","The Marked"],"gold_per_floor":[117,117,42,54,65,65,80,80,80,105,105,163,163,190,190,294,294,313,313,330,345,364,390,390,715,715,734,764,764,775,607,607,712,712,723,723,80,80,96,96,122,122,147,173,173,198,31,81,81,81,81,81,31,56,56,56],"floor_reached":55,"language":"ENG","playtime":5252,"items_purged":["Pain","theMarked:MagusForm+1","theMarked:Strike","theMarked:Strike","theMarked:Defend"],"score":1277,"play_id":"0586fec5-1cdb-4a00-b843-241974fcb7d1","local_time":"20210217132412","is_ascension_mode":true,"campfire_choices":[{"data":"theMarked:BanishingWave","floor":6.0,"key":"SMITH"},{"data":"theMarked:ParalyzingBlade","floor":8.0,"key":"SMITH"},{"data":"theMarked:ShockingTouch","floor":11.0,"key":"SMITH"},{"data":"theMarked:ComboAttacks","floor":15.0,"key":"SMITH"},{"floor":24.0,"key":"REST"},{"floor":29.0,"key":"REST"},{"data":"theMarked:Abjuration","floor":32.0,"key":"SMITH"},{"data":"theMarked:Toughness","floor":40.0,"key":"SMITH"},{"data":"theMarked:Pokerface","floor":42.0,"key":"SMITH"},{"data":"Master of Strategy","floor":45.0,"key":"SMITH"},{"floor":49.0,"key":"RECALL"},{"data":"theMarked:Heritage","floor":52.0,"key":"SMITH"}],"circlet_count":0,"master_deck":["theMarked:Defend","theMarked:BanishingWave+1","theMarked:ParalyzingBlade+1","theMarked:BanishingWave","theMarked:SwordAndMagic","theMarked:ShockingTouch+1","theMarked:ComboAttacks+1","theMarked:Abjuration+1","theMarked:Defy+1","theMarked:ComboAttacks+1","theMarked:WardOff","theMarked:Pokerface+1","theMarked:SelfDefenseTraining+1","theMarked:ElectricStrings+1","theMarked:SelfDefenseTraining+1","theMarked:Toughness+1","Master of Strategy+1","theMarked:Heritage+1"],"relics":["Empty Cage","WarpedTongs","White Beast Statue","Ginger","MealTicket","Gambling Chip","The Courier","Astrolabe","WingedGreaves","Old Coin","Smiling Mask","Anchor","SlaversCollar","Art of War","Ancient Tea Set","HornCleat","Singing Bowl","Nunchaku","Eternal Feather","PreservedInsect","OrangePellets","Thread and Needle","StrikeDummy"],"acts_visited":["Exordium","TheCity","TheBeyond","TheEnding"],"potions_floor_usage":[55,55,55],"damage_taken":[{"damage":1.0,"enemies":"Small Slimes","floor":1.0,"turns":4.0},{"damage":0.0,"enemies":"Cultist","floor":4.0,"turns":3.0},{"damage":0.0,"enemies":"2 Louse","floor":5.0,"turns":1.0},{"damage":0.0,"enemies":"Exordium Wildlife","floor":7.0,"turns":2.0},{"damage":9.0,"enemies":"3 Sentries","floor":10.0,"turns":4.0},{"damage":5.0,"enemies":"3 Sentries","floor":12.0,"turns":5.0},{"damage":0.0,"enemies":"Gremlin Nob","floor":14.0,"turns":2.0},{"damage":10.0,"enemies":"The Guardian","floor":16.0,"turns":8.0},{"damage":0.0,"enemies":"Chosen","floor":18.0,"turns":3.0},{"damage":11.0,"enemies":"3 Byrds","floor":20.0,"turns":5.0},{"damage":14.0,"enemies":"Snake Plant","floor":21.0,"turns":3.0},{"damage":0.0,"enemies":"Chosen and Byrds","floor":22.0,"turns":4.0},{"damage":12.0,"enemies":"Gremlin Leader","floor":23.0,"turns":6.0},{"damage":14.0,"enemies":"Slavers","floor":25.0,"turns":4.0},{"damage":5.0,"enemies":"Shelled Parasite and Fungi","floor":27.0,"turns":2.0},{"damage":6.0,"enemies":"Gremlin Leader","floor":28.0,"turns":4.0},{"damage":1.0,"enemies":"Centurion and Healer","floor":30.0,"turns":5.0},{"damage":37.0,"enemies":"Automaton","floor":33.0,"turns":9.0},{"damage":34.0,"enemies":"3 Shapes","floor":35.0,"turns":15.0},{"damage":0.0,"enemies":"3 Darklings","floor":39.0,"turns":1.0},{"damage":0.0,"enemies":"Reptomancer","floor":41.0,"turns":3.0},{"damage":17.0,"enemies":"Nemesis","floor":44.0,"turns":5.0},{"damage":0.0,"enemies":"Giant Head","floor":46.0,"turns":5.0},{"damage":6.0,"enemies":"Mind Bloom Boss Battle","floor":48.0,"turns":4.0},{"damage":0.0,"enemies":"Time Eater","floor":50.0,"turns":10.0},{"damage":10.0,"enemies":"Shield and Spear","floor":54.0,"turns":3.0},{"damage":81,"enemies":"The Heart","floor":55,"turns":5}],"seed_played":"-1257357929937026605","potions_obtained":[{"floor":4.0,"key":"Strength Potion"},{"floor":5.0,"key":"Dexterity Potion"},{"floor":7.0,"key":"FearPotion"},{"floor":10.0,"key":"PowerPotion"},{"floor":12.0,"key":"SmokeBomb"},{"floor":14.0,"key":"Fire Potion"},{"floor":16.0,"key":"Ancient Potion"},{"floor":18.0,"key":"PowerPotion"},{"floor":20.0,"key":"SteroidPotion"},{"floor":21.0,"key":"theMarked:SummonPotion"},{"floor":22.0,"key":"Fire Potion"},{"floor":23.0,"key":"Block Potion"},{"floor":25.0,"key":"LiquidMemories"},{"floor":27.0,"key":"SpeedPotion"},{"floor":28.0,"key":"theMarked:ChargePotion"},{"floor":33.0,"key":"BlessingOfTheForge"},{"floor":35.0,"key":"LiquidMemories"},{"floor":39.0,"key":"FearPotion"},{"floor":41.0,"key":"theMarked:HoverShot"},{"floor":46.0,"key":"AttackPotion"},{"floor":48.0,"key":"LiquidMemories"},{"floor":54.0,"key":"theMarked:SummonPotion"}],"is_trial":false,"path_per_floor":["M","?","$","M","M","R","M","R","T","E","R","?","T","E","R","B",null,"M","?","M","M","M","E","R","E","T","M","E","R","M","$","R","B",null,"M","?","$","?","M","R","E","R","T","E","R","E","$","?","R","B",null,"R","$","E","B"],"character_chosen":"THE_DEFAULT","items_purchased":["Anchor","Art of War","Master of Strategy","Ancient Tea Set","HornCleat","OrangePellets"],"campfire_rested":2,"item_purchase_floors":[31,37,37,37,37,47],"current_hp_per_floor":[62,62,62,62,62,62,62,62,62,53,53,48,48,48,48,38,62,62,62,51,37,37,25,46,32,32,27,21,42,41,56,56,19,57,23,23,38,38,38,38,40,40,40,25,34,36,51,45,54,54,71,76,76,68,0,0],"gold":56,"neow_bonus":"BOSS_RELIC","is_daily":false,"chose_seed":false,"campfire_upgraded":9,"win_rate":0.0,"timestamp":1613564652,"path_taken":["M","?","$","M","?","R","M","R","T","E","R","?","?","E","R","BOSS","M","?","M","?","M","E","R","E","T","?","E","R","M","$","R","BOSS","M","?","$","?","M","R","E","R","T","E","R","E","$","?","R","BOSS","R","$","E","BOSS"],"items_purchased_type":["Relic","Relic","Card","Relic","Relic","Relic"],"build_version":"2020-12-22","purchased_purges":5,"victory":false,"max_hp_per_floor":[70,70,70,70,70,70,70,70,70,70,70,70,70,70,70,70,70,70,70,70,70,70,70,70,70,70,70,70,70,70,70,70,70,70,70,70,70,70,70,70,72,72,72,74,74,76,76,76,76,76,76,76,76,78,78,78],"card_choices":[{"not_picked":["theMarked:ResourceFulStrike","theMarked:TakeCover"],"picked":"theMarked:BanishingWave","floor":1.0},{"not_picked":["theMarked:ComboAttacks","theMarked:Determination"],"picked":"theMarked:ParalyzingBlade","floor":4.0},{"not_picked":["theMarked:PowerFlow","theMarked:Aftermath"],"picked":"theMarked:BanishingWave","floor":5.0},{"not_picked":["theMarked:ResourceFulStrike","theMarked:Parry"],"picked":"theMarked:SwordAndMagic","floor":7.0},{"not_picked":["theMarked:MagusForm","theMarked:Indomitable"],"picked":"theMarked:ShockingTouch","floor":10.0},{"not_picked":["theMarked:ChainLightning","theMarked:Vacuum"],"picked":"theMarked:ComboAttacks","floor":14.0},{"not_picked":["theMarked:MagusForm","theMarked:BindingBlade"],"picked":"theMarked:Abjuration","floor":16.0},{"not_picked":["theMarked:ChainLightning","theMarked:BanishingStrike"],"picked":"theMarked:WardOff","floor":18.0},{"not_picked":["theMarked:TakeCover+1","theMarked:Friction"],"picked":"theMarked:SelfDefenseTraining+1","floor":20.0},{"not_picked":["theMarked:HeightenedSenses","theMarked:ChainLightning","theMarked:SwordAndMagic"],"picked":"SKIP","floor":21.0},{"not_picked":["theMarked:WastefulAttack","theMarked:Memento","theMarked:UnarmedFury"],"picked":"SKIP","floor":22.0},{"not_picked":["theMarked:Aftermath","theMarked:Parkour","theMarked:EnhanceMovement+1"],"picked":"SKIP","floor":23.0},{"not_picked":["theMarked:Snap","theMarked:Opportunist+1"],"picked":"theMarked:ElectricStrings+1","floor":25.0},{"not_picked":["theMarked:Aftermath","theMarked:Opportunist","theMarked:ElectricStrings+1"],"picked":"SKIP","floor":27.0},{"not_picked":["theMarked:WardOff","theMarked:ComboAttacks"],"picked":"theMarked:SelfDefenseTraining+1","floor":28.0},{"not_picked":["theMarked:WardOff","theMarked:TunnelVision","theMarked:KeepCalmAndFight"],"picked":"SKIP","floor":30.0},{"not_picked":["theMarked:Snap","theMarked:MagusForm"],"picked":"theMarked:Toughness","floor":33.0},{"not_picked":["theMarked:HeightenedSenses+1","theMarked:BanishingStrike","theMarked:Parry+1"],"picked":"SKIP","floor":35.0},{"not_picked":["theMarked:PowerFlow+1","theMarked:Generate","theMarked:ChainLightning"],"picked":"SKIP","floor":39.0},{"not_picked":["theMarked:TunnelVision","theMarked:Parkour","theMarked:BanishingStrike"],"picked":"Singing Bowl","floor":41.0},{"not_picked":["theMarked:ResourceFulStrike","theMarked:ComboAttacks","theMarked:ChannelForce"],"picked":"Singing Bowl","floor":44.0},{"not_picked":["theMarked:Memento","theMarked:ElectricStrings","theMarked:BanishingStrike+1"],"picked":"Singing Bowl","floor":46.0},{"not_picked":["theMarked:HeightenedSenses+1","theMarked:Frustration"],"picked":"theMarked:Heritage","floor":48.0},{"not_picked":["theMarked:ChannelForce","theMarked:Convert+1","theMarked:EnhanceMovement+1"],"picked":"Singing Bowl","floor":54.0}],"player_experience":1082348,"relics_obtained":[{"floor":9.0,"key":"White Beast Statue"},{"floor":10.0,"key":"Ginger"},{"floor":12.0,"key":"MealTicket"},{"floor":13.0,"key":"Gambling Chip"},{"floor":14.0,"key":"The Courier"},{"floor":23.0,"key":"WingedGreaves"},{"floor":25.0,"key":"Old Coin"},{"floor":28.0,"key":"Smiling Mask"},{"floor":41.0,"key":"Singing Bowl"},{"floor":43.0,"key":"Nunchaku"},{"floor":44.0,"key":"Eternal Feather"},{"floor":46.0,"key":"PreservedInsect"},{"floor":48.0,"key":"Thread and Needle"},{"floor":54.0,"key":"StrikeDummy"}],"event_choices":[{"damage_healed":0.0,"max_hp_gain":0.0,"max_hp_loss":0.0,"gold_gain":0.0,"event_name":"Accursed Blacksmith","player_choice":"Rummage","floor":2.0,"gold_loss":0.0,"damage_taken":0.0,"relics_obtained":["WarpedTongs"],"cards_obtained":["Pain"]},{"damage_healed":0.0,"max_hp_gain":0.0,"max_hp_loss":0.0,"gold_gain":0.0,"event_name":"Dead Adventurer","player_choice":"Searched \u00271\u0027 times","floor":12.0,"gold_loss":0.0,"damage_taken":0.0},{"damage_healed":0.0,"max_hp_gain":0.0,"max_hp_loss":0.0,"gold_gain":0.0,"event_name":"Match and Keep!","player_choice":"1 cards matched","floor":19.0,"gold_loss":0.0,"damage_taken":0.0,"cards_obtained":["theMarked:Pokerface"]},{"damage_healed":0.0,"max_hp_gain":0.0,"max_hp_loss":0.0,"gold_gain":0.0,"event_name":"Mysterious Sphere","player_choice":"Ignored","floor":36.0,"gold_loss":0.0,"damage_taken":0.0},{"cards_removed":["theMarked:SoldierOfQuellstein"],"damage_healed":0.0,"max_hp_gain":0.0,"max_hp_loss":0.0,"gold_gain":0.0,"event_name":"Falling","player_choice":"Removed Skill","floor":38.0,"gold_loss":0.0,"damage_taken":0.0},{"damage_healed":0.0,"max_hp_gain":0.0,"max_hp_loss":0.0,"gold_gain":0.0,"event_name":"MindBloom","player_choice":"Fight","floor":48.0,"gold_loss":0.0,"damage_taken":0.0}],"is_beta":false,"boss_relics":[{"not_picked":["Pandora\u0027s Box","theMarked:Eyepatch"],"picked":"Astrolabe"},{"not_picked":["Black Star","Busted Crown"],"picked":"SlaversCollar"}],"items_purged_floors":[3,31,37,47,53],"is_endless":false,"potions_floor_spawned":[4,5,7,10,12,14,16,18,20,21,22,23,25,27,28,30,33,35,39,41,44,46,48,54],"killed_by":"The Heart","ascension_level":8}}