{"host":"27c1zwn2rxlukojz","time":1613566995,"event":{"mods":["BaseMod","Filter the Spire","Minty Spire (QoL Compilation)","Relic Stats","StSLib"],"gold_per_floor":[114,114,189,189,208,208,225,225,225,240,255,21,37,37,37,140,140,151,151,161,175,185,185,205,205,205,231,241,255,270,77,77,77,77],"floor_reached":33,"language":"DEU","playtime":2330,"items_purged":["Strike_R","Strike_R"],"score":263,"play_id":"730a0b09-e280-430a-9c13-32dc1353cdeb","local_time":"20210217140315","is_ascension_mode":false,"campfire_choices":[{"data":"Metallicize","floor":6,"key":"SMITH"},{"data":"Dual Wield","floor":8,"key":"SMITH"},{"data":"Flame Barrier","floor":15,"key":"SMITH"},{"data":"Shrug It Off","floor":23,"key":"SMITH"},{"data":"Warcry","floor":25,"key":"SMITH"},{"floor":32,"key":"REST"}],"circlet_count":0,"master_deck":["Strike_R","Strike_R","Defend_R","Defend_R","Defend_R","Defend_R","Bash","Dual Wield+1","Metallicize+1","Warcry+1","Flame Barrier+1","Immolate","Twin Strike","Reaper","Twin Strike+1","Feel No Pain","Shrug It Off+1","Pommel Strike+1","Armaments+1","Shrug It Off+1","Feed","Metallicize","Headbutt"],"relics":["Cursed Key"],"acts_visited":["Exordium","TheCity"],"potions_floor_usage":[21,22,24,27,30,33],"damage_taken":[{"damage":1,"enemies":"2 Louse","floor":1,"turns":2},{"damage":5,"enemies":"Small Slimes","floor":5,"turns":3},{"damage":0,"enemies":"Cultist","floor":7,"turns":3},{"damage":0,"enemies":"Gremlin Gang","floor":10,"turns":7},{"damage":4,"enemies":"Lots of Slimes","floor":11,"turns":5},{"damage":0,"enemies":"Exordium Thugs","floor":13,"turns":5},{"damage":37,"enemies":"Hexaghost","floor":16,"turns":10},{"damage":1,"enemies":"3 Byrds","floor":18,"turns":7},{"damage":9,"enemies":"Chosen","floor":20,"turns":7},{"damage":38,"enemies":"Shelled Parasite and Fungi","floor":21,"turns":6},{"damage":7,"enemies":"Sentry and Sphere","floor":22,"turns":7},{"damage":16,"enemies":"Snecko","floor":24,"turns":6},{"damage":42,"enemies":"Slavers","floor":27,"turns":6},{"damage":7,"enemies":"3 Cultists","floor":28,"turns":4},{"damage":14,"enemies":"Cultist and Chosen","floor":29,"turns":11},{"damage":10,"enemies":"Shelled Parasite and Fungi","floor":30,"turns":9},{"damage":50,"enemies":"Champ","floor":33,"turns":36}],"seed_played":"-6697744198806100869","potions_obtained":[{"floor":1,"key":"BlessingOfTheForge"},{"floor":5,"key":"EssenceOfSteel"},{"floor":7,"key":"BloodPotion"},{"floor":21,"key":"Fire Potion"},{"floor":24,"key":"Dexterity Potion"},{"floor":27,"key":"Block Potion"},{"floor":30,"key":"Dexterity Potion"}],"is_trial":false,"path_per_floor":["M","?","?","?","M","R","M","R","T","M","M","$","M","T","R","B",null,"M","?","M","M","M","R","M","R","T","E","M","M","M","$","R","B"],"character_chosen":"IRONCLAD","items_purchased":["Immolate","Metallicize","Headbutt"],"campfire_rested":1,"item_purchase_floors":[12,31,31],"current_hp_per_floor":[79,84,73,73,68,68,68,68,68,68,64,64,64,64,64,27,85,84,84,76,59,52,52,42,42,42,12,15,11,9,9,35,0,0],"gold":77,"neow_bonus":"BOSS_RELIC","is_daily":false,"chose_seed":false,"campfire_upgraded":5,"win_rate":0.0,"timestamp":1613566995,"path_taken":["M","?","?","?","M","R","M","R","T","M","M","$","M","?","R","BOSS","M","?","?","M","M","R","?","R","T","E","?","M","M","?","R","BOSS"],"items_purchased_type":["Card","Card","Card"],"build_version":"2020-12-22","purchased_purges":2,"victory":false,"max_hp_per_floor":[80,85,85,85,85,85,85,85,85,85,85,85,85,85,85,85,85,85,85,85,85,85,85,85,85,85,85,85,85,88,88,88,88,88],"relic_stats":{"counters":[17,134],"Cursed Key":0,"obtain_stats":[{"Cursed Key":0,"Burning Blood":0},{"Cursed Key":0,"Burning Blood":0},{"Cursed Key":0,"Burning Blood":0}]},"card_choices":[{"not_picked":["Evolve","Perfected Strike"],"picked":"Dual Wield","floor":1},{"not_picked":["Perfected Strike","Havoc"],"picked":"Metallicize","floor":5},{"not_picked":["Anger","Body Slam"],"picked":"Warcry","floor":7},{"not_picked":["Pommel Strike","Burning Pact"],"picked":"Flame Barrier","floor":10},{"not_picked":["Thunderclap","Body Slam","Wild Strike"],"picked":"SKIP","floor":11},{"not_picked":["Warcry","Havoc"],"picked":"Twin Strike","floor":13},{"not_picked":["Berserk","Fiend Fire"],"picked":"Reaper","floor":16},{"not_picked":["Rupture","Combust+1"],"picked":"Twin Strike+1","floor":18},{"not_picked":["Clothesline","Power Through"],"picked":"Feel No Pain","floor":20},{"not_picked":["Sword Boomerang","Searing Blow"],"picked":"Shrug It Off","floor":21},{"not_picked":["Body Slam+1","Wild Strike+1"],"picked":"Pommel Strike+1","floor":22},{"not_picked":["Ghostly Armor","Cleave","Heavy Blade"],"picked":"SKIP","floor":24},{"not_picked":["Evolve","Rage"],"picked":"Armaments+1","floor":27},{"not_picked":["Wild Strike","Sword Boomerang"],"picked":"Shrug It Off+1","floor":28},{"not_picked":["Rampage","Dark Embrace"],"picked":"Feed","floor":29},{"not_picked":["Heavy Blade","Pommel Strike","Wild Strike+1"],"picked":"SKIP","floor":30}],"player_experience":4001367,"relics_obtained":[],"event_choices":[{"damage_healed":0,"gold_gain":0,"player_choice":"Donut","damage_taken":0,"max_hp_gain":5,"max_hp_loss":0,"event_name":"Big Fish","floor":2,"gold_loss":0},{"damage_healed":0,"gold_gain":75,"player_choice":"Gather Gold","damage_taken":11,"max_hp_gain":0,"max_hp_loss":0,"event_name":"World of Goop","floor":3,"gold_loss":0},{"damage_healed":0,"gold_gain":0,"player_choice":"Ignored","damage_taken":0,"max_hp_gain":0,"max_hp_loss":0,"event_name":"Golden Idol","floor":4,"gold_loss":0},{"cards_removed":["Strike_R"],"damage_healed":0,"gold_gain":0,"player_choice":"Purged","damage_taken":0,"max_hp_gain":0,"max_hp_loss":0,"event_name":"Purifier","floor":19,"gold_loss":0}],"is_beta":false,"boss_relics":[{"not_picked":["Fusion Hammer","Black Star","Tiny House"]}],"items_purged_floors":[12,31],"is_endless":false,"potions_floor_spawned":[1,5,7,11,21,24,27,30],"killed_by":"Champ","ascension_level":0}}