{"host":"lxu17chzujqn8whl","time":1613533656,"event":{"mods":["BaseMod","Minty Spire (QoL Compilation)","Relic Stats","StSLib"],"gold_per_floor":[115,115,128,142,152,183,34,34,60,72,118,150,162,185,197,309,321,344,375,404,416,5,39,39,49,49,49,76,76,1,1,1,1,1],"floor_reached":33,"language":"ENG","playtime":1545,"items_purged":["Strike_R"],"score":320,"play_id":"5e4e8b8d-cb23-4ed6-8196-d9eeaa275666","local_time":"20210216194736","is_ascension_mode":false,"campfire_choices":[{"data":"Shockwave","floor":8.0,"key":"SMITH"},{"data":"Inflame","floor":10.0,"key":"SMITH"},{"data":"Flame Barrier","floor":13.0,"key":"SMITH"},{"data":"Shrug It Off","floor":15.0,"key":"SMITH"},{"floor":24,"key":"RECALL"},{"floor":27,"key":"REST"},{"data":"Berserk","floor":32,"key":"SMITH"}],"circlet_count":0,"master_deck":["Defend_R","Defend_R","Defend_R","Defend_R","Bash+1","Inflame+1","Flame Barrier+1","Shockwave+1","Shrug It Off+1","Berserk+1","Heavy Blade+1","Intimidate","Pummel","Shame","Bite","Bite","Bite","Bite","Bite"],"relics":["Burning Blood","FossilizedHelix","Whetstone","MawBank","Oddly Smooth Stone","Philosopher\u0027s Stone","Nloth\u0027s Gift","Juzu Bracelet","Bag of Preparation","Frozen Egg 2","Boot","Calipers","Centennial Puzzle"],"acts_visited":["Exordium","TheCity"],"potions_floor_usage":[18,20,33],"damage_taken":[{"damage":0.0,"enemies":"2 Louse","floor":1.0,"turns":3.0},{"damage":0.0,"enemies":"Cultist","floor":3.0,"turns":3.0},{"damage":0.0,"enemies":"Small Slimes","floor":4.0,"turns":5.0},{"damage":4.0,"enemies":"Red Slaver","floor":5.0,"turns":5.0},{"damage":14.0,"enemies":"Gremlin Nob","floor":6.0,"turns":4.0},{"damage":13.0,"enemies":"Lagavulin","floor":11.0,"turns":7.0},{"damage":4.0,"enemies":"2 Fungi Beasts","floor":12.0,"turns":3.0},{"damage":0.0,"enemies":"Large Slime","floor":14.0,"turns":4.0},{"damage":31,"enemies":"The Guardian","floor":16,"turns":12},{"damage":18,"enemies":"Spheric Guardian","floor":18,"turns":4},{"damage":0,"enemies":"Shell Parasite","floor":19,"turns":5},{"damage":6,"enemies":"Snake Plant","floor":20,"turns":4},{"damage":21,"enemies":"Slavers","floor":23,"turns":6},{"damage":25,"enemies":"Sentry and Sphere","floor":25,"turns":7},{"damage":25,"enemies":"Book of Stabbing","floor":28,"turns":6},{"damage":69,"enemies":"Collector","floor":33,"turns":7}],"seed_played":"-6981575678104093192","potions_obtained":[{"floor":3.0,"key":"FearPotion"},{"floor":4.0,"key":"Weak Potion"},{"floor":5.0,"key":"Ancient Potion"},{"floor":14.0,"key":"SkillPotion"},{"floor":20,"key":"Fruit Juice"},{"floor":23,"key":"Strength Potion"},{"floor":28,"key":"AttackPotion"}],"is_trial":false,"path_per_floor":["M","?","M","M","M","E","$","R","T","R","E","M","R","M","R","B",null,"M","M","M","?","$","E","R","M","T","R","E","?","?","?","R","B"],"character_chosen":"IRONCLAD","items_purchased":["Strawberry","Juzu Bracelet","Bag of Preparation","Intimidate"],"campfire_rested":1,"item_purchase_floors":[7,22,22,22],"current_hp_per_floor":[72,72,72,72,72,64,71,71,71,71,64,66,66,72,72,47,79,67,73,78,78,78,63,63,44,44,69,50,50,50,50,50,0,0],"gold":1,"neow_bonus":"ONE_RARE_RELIC","is_daily":false,"chose_seed":false,"campfire_upgraded":5,"win_rate":0.0,"timestamp":1613533656,"path_taken":["M","?","M","M","M","E","$","R","T","R","E","M","R","M","R","BOSS","M","?","M","?","$","E","R","M","T","R","E","?","?","?","R","BOSS"],"items_purchased_type":["Relic","Relic","Relic","Card"],"build_version":"2020-12-22","purchased_purges":1,"victory":false,"max_hp_per_floor":[72,72,72,72,72,72,79,79,79,79,79,79,79,79,79,79,79,79,79,84,84,84,84,84,84,84,84,84,84,84,58,58,58,58],"relic_stats":{"Centennial Puzzle":[3],"counters":[16,85],"Nloth\u0027s Gift":2,"Juzu Bracelet":2,"Bag of Preparation":[8],"Whetstone":["Strike_R","Strike_R"],"MawBank":156,"Boot":[0],"obtain_stats":[{"Calipers":29,"Oddly Smooth Stone":11,"Juzu Bracelet":22,"Bag of Preparation":22,"Whetstone":6,"Frozen Egg 2":23,"MawBank":9,"Boot":28,"Burning Blood":0,"Centennial Puzzle":30,"Strawberry":7,"Philosopher\u0027s Stone":17,"Nloth\u0027s Gift":21,"FossilizedHelix":0},{"Calipers":15,"Oddly Smooth Stone":6,"Juzu Bracelet":12,"Bag of Preparation":12,"Whetstone":5,"Frozen Egg 2":13,"MawBank":5,"Boot":15,"Burning Blood":0,"Centennial Puzzle":15,"Strawberry":5,"Philosopher\u0027s Stone":9,"Nloth\u0027s Gift":12,"FossilizedHelix":0},{"Calipers":78,"Oddly Smooth Stone":27,"Juzu Bracelet":59,"Bag of Preparation":59,"Whetstone":20,"Frozen Egg 2":65,"MawBank":20,"Boot":78,"Burning Blood":0,"Centennial Puzzle":78,"Strawberry":20,"Philosopher\u0027s Stone":46,"Nloth\u0027s Gift":59,"FossilizedHelix":0}],"Burning Blood":70},"card_choices":[{"not_picked":["Warcry","Rampage","Rupture"],"picked":"SKIP","floor":1.0},{"not_picked":["Fire Breathing","Feel No Pain"],"picked":"Inflame","floor":3.0},{"not_picked":["Headbutt","Havoc","Sword Boomerang"],"picked":"SKIP","floor":4.0},{"not_picked":["Perfected Strike","Cleave"],"picked":"Flame Barrier","floor":5.0},{"not_picked":["Barricade","Wild Strike"],"picked":"Shockwave","floor":6.0},{"not_picked":["Evolve","Twin Strike","Warcry"],"picked":"SKIP","floor":11.0},{"not_picked":["Wild Strike","True Grit"],"picked":"Shrug It Off","floor":12.0},{"not_picked":["Reckless Charge","Headbutt","Twin Strike"],"picked":"SKIP","floor":14.0},{"not_picked":["Corruption","Reaper"],"picked":"Berserk","floor":16},{"not_picked":["Body Slam","Armaments","Clash+1"],"picked":"SKIP","floor":18},{"not_picked":["Dark Embrace+1","Rage"],"picked":"Heavy Blade+1","floor":19},{"not_picked":["Havoc","Pommel Strike","Perfected Strike"],"picked":"SKIP","floor":20},{"not_picked":["Sever Soul","Infernal Blade"],"picked":"Pummel","floor":23},{"not_picked":["Anger","Iron Wave","Bludgeon"],"picked":"SKIP","floor":25},{"not_picked":["Headbutt","Anger+1","Impervious"],"picked":"SKIP","floor":28}],"player_experience":696576,"relics_obtained":[{"floor":6.0,"key":"Whetstone"},{"floor":9.0,"key":"MawBank"},{"floor":11.0,"key":"Oddly Smooth Stone"},{"floor":23,"key":"Frozen Egg 2"},{"floor":28,"key":"Boot"}],"event_choices":[{"damage_healed":0.0,"max_hp_gain":0.0,"max_hp_loss":0.0,"gold_gain":0.0,"event_name":"Accursed Blacksmith","player_choice":"Forge","floor":2.0,"gold_loss":0.0,"damage_taken":0.0,"cards_upgraded":["Bash"]},{"damage_healed":0,"gold_gain":0,"player_choice":"Traded Relic","damage_taken":0,"relics_obtained":["Nloth\u0027s Gift"],"max_hp_gain":0,"max_hp_loss":0,"event_name":"N\u0027loth","floor":21,"relics_lost":["Strawberry"],"gold_loss":0},{"damage_healed":0,"gold_gain":0,"player_choice":"Stole Relic","damage_taken":0,"relics_obtained":["Calipers"],"max_hp_gain":0,"max_hp_loss":0,"event_name":"Addict","floor":29,"gold_loss":0,"cards_obtained":["Shame"]},{"damage_healed":0,"gold_gain":0,"player_choice":"Paid Gold","damage_taken":0,"relics_obtained":["Centennial Puzzle"],"max_hp_gain":0,"max_hp_loss":0,"event_name":"WeMeetAgain","floor":30,"gold_loss":75},{"damage_healed":0,"gold_gain":0,"player_choice":"Became a vampire","damage_taken":0,"max_hp_gain":0,"max_hp_loss":26,"event_name":"Vampires","floor":31,"gold_loss":0,"cards_obtained":["Bite","Bite","Bite","Bite","Bite"]}],"is_beta":false,"boss_relics":[{"not_picked":["Empty Cage","Calling Bell"],"picked":"Philosopher\u0027s Stone"}],"items_purged_floors":[22],"is_endless":false,"potions_floor_spawned":[3,4,5,14,16,20,23,28],"killed_by":"Collector","ascension_level":0}}