{"host":"6pic12dj9p7186mz","time":1613550280,"event":{"mods":["BaseMod","Minty Spire (QoL Compilation)","Permanent Neow","Relic Stats","StSLib"],"gold_per_floor":[110,120,140,38,3,34,61,91,91,91,91,91,108,123,123,227,227,243,243,33,44,8,8,8],"floor_reached":23,"language":"ENG","playtime":1160,"items_purged":["Searing Blow","Defend_R"],"score":229,"play_id":"5b5d046d-aa25-4c4c-a12b-22f648531dde","local_time":"20210217022440","is_ascension_mode":true,"campfire_choices":[{"data":"Bash","floor":10,"key":"SMITH"},{"floor":12,"key":"REST"},{"data":"True Grit","floor":15,"key":"SMITH"}],"circlet_count":0,"master_deck":["Defend_R","Defend_R","Bash+1","Demon Form","Metallicize","Fire Breathing","Pommel Strike","Clothesline","Infernal Blade","Impervious+1","Spot Weakness","Cleave","Wild Strike","Twin Strike","Shrug It Off+1","True Grit+1","Feed","Spot Weakness+1","Bludgeon+1","Bloodletting+1","Reckless Charge","Dark Embrace","True Grit","Dark Shackles","Shrug It Off","Fire Breathing"],"relics":["Burning Blood","Lizard Tail","Odd Mushroom","Prayer Wheel","CaptainsWheel","Astrolabe","War Paint"],"acts_visited":["Exordium","TheCity"],"potions_floor_usage":[7,8,14],"damage_taken":[{"damage":12,"enemies":"2 Louse","floor":1,"turns":3},{"damage":10,"enemies":"Small Slimes","floor":2,"turns":4},{"damage":5,"enemies":"Cultist","floor":3,"turns":4},{"damage":31,"enemies":"3 Sentries","floor":6,"turns":6},{"damage":25,"enemies":"The Mushroom Lair","floor":7,"turns":6},{"damage":28,"enemies":"Gremlin Nob","floor":8,"turns":6},{"damage":8,"enemies":"Exordium Wildlife","floor":13,"turns":3},{"damage":17,"enemies":"Gremlin Gang","floor":14,"turns":4},{"damage":23,"enemies":"Slime Boss","floor":16,"turns":10},{"damage":20,"enemies":"Chosen","floor":18,"turns":7},{"damage":44,"enemies":"3 Byrds","floor":21,"turns":6},{"damage":28,"enemies":"Slavers","floor":23,"turns":4}],"seed_played":"-2234760150107794227","potions_obtained":[{"floor":1,"key":"Fruit Juice"},{"floor":2,"key":"FearPotion"},{"floor":8,"key":"GamblersBrew"},{"floor":18,"key":"Strength Potion"}],"is_trial":false,"path_per_floor":["M","M","M","$","?","E","?","E","T","R","?","R","M","M","R","B",null,"M","?","$","M","$","E"],"character_chosen":"IRONCLAD","items_purchased":["Clothesline","True Grit","Dark Shackles","Fire Breathing"],"campfire_rested":1,"item_purchase_floors":[4,20,20,22],"current_hp_per_floor":[66,62,63,63,72,47,28,11,11,11,11,34,32,21,21,42,77,63,63,63,25,25,0,0],"gold":8,"neow_bonus":"TRANSFORM_TWO_CARDS","is_daily":false,"chose_seed":false,"campfire_upgraded":2,"win_rate":0.0,"timestamp":1613550280,"path_taken":["M","M","M","$","?","E","?","E","T","R","?","R","M","M","R","BOSS","M","?","$","M","$","E"],"items_purchased_type":["Card","Card","Card","Card"],"build_version":"2020-12-22","purchased_purges":2,"victory":false,"max_hp_per_floor":[72,72,72,72,72,72,72,77,77,77,77,77,77,77,77,77,77,77,77,77,77,77,77,77],"relic_stats":{"Lizard Tail":38,"counters":[12,63],"Astrolabe":["Spot Weakness","Bludgeon","Bloodletting"],"Prayer Wheel":4,"War Paint":["Impervious","Shrug It Off"],"obtain_stats":[{"Lizard Tail":6,"CaptainsWheel":9,"Astrolabe":17,"Prayer Wheel":8,"Odd Mushroom":7,"War Paint":19,"Burning Blood":0},{"Lizard Tail":4,"CaptainsWheel":6,"Astrolabe":9,"Prayer Wheel":6,"Odd Mushroom":5,"War Paint":10,"Burning Blood":0},{"Lizard Tail":17,"CaptainsWheel":29,"Astrolabe":46,"Prayer Wheel":29,"Odd Mushroom":23,"War Paint":53,"Burning Blood":0}],"Burning Blood":66},"card_choices":[{"not_picked":["Clothesline","Cleave"],"picked":"Metallicize","floor":1},{"not_picked":["True Grit","Flame Barrier"],"picked":"Fire Breathing","floor":2},{"not_picked":["Flame Barrier","Armaments"],"picked":"Pommel Strike","floor":3},{"not_picked":["Dropkick","Flex"],"picked":"Infernal Blade","floor":6},{"not_picked":["Perfected Strike","Second Wind"],"picked":"Impervious","floor":7},{"not_picked":["Entrench","Flex"],"picked":"Spot Weakness","floor":8},{"not_picked":["Anger","Sever Soul"],"picked":"Wild Strike","floor":13},{"not_picked":["Iron Wave","Hemokinesis"],"picked":"Twin Strike","floor":13},{"not_picked":["Flex","Combust"],"picked":"Shrug It Off","floor":14},{"not_picked":["Headbutt","Twin Strike"],"picked":"True Grit","floor":14},{"not_picked":["Offering","Demon Form"],"picked":"Feed","floor":16},{"not_picked":["Searing Blow","Flex"],"picked":"Reckless Charge","floor":18},{"not_picked":["Rampage","Intimidate+1"],"picked":"Dark Embrace","floor":18},{"not_picked":["Thunderclap","Twin Strike"],"picked":"Shrug It Off","floor":21},{"not_picked":["Clothesline+1","Dropkick","Uppercut"],"picked":"SKIP","floor":21}],"player_experience":34269,"relics_obtained":[{"floor":6,"key":"Lizard Tail"},{"floor":7,"key":"Odd Mushroom"},{"floor":8,"key":"Prayer Wheel"},{"floor":9,"key":"CaptainsWheel"}],"event_choices":[{"damage_healed":18,"gold_gain":0,"player_choice":"Healed","damage_taken":0,"max_hp_gain":0,"max_hp_loss":0,"event_name":"The Cleric","floor":5,"gold_loss":35},{"damage_healed":0,"gold_gain":0,"player_choice":"Fought Mushrooms","damage_taken":0,"max_hp_gain":0,"max_hp_loss":0,"event_name":"Mushrooms","floor":7,"gold_loss":0},{"damage_healed":0,"gold_gain":0,"cards_transformed":["Strike_R"],"player_choice":"Transformed","damage_taken":0,"max_hp_gain":0,"max_hp_loss":0,"event_name":"Transmorgrifier","floor":11,"gold_loss":0,"cards_obtained":["Cleave"]},{"damage_healed":0,"gold_gain":0,"player_choice":"Opened","damage_taken":0,"relics_obtained":["War Paint"],"max_hp_gain":0,"max_hp_loss":0,"event_name":"The Mausoleum","floor":19,"gold_loss":0}],"is_beta":false,"boss_relics":[{"not_picked":["Ectoplasm","Runic Dome"],"picked":"Astrolabe"}],"items_purged_floors":[4,20],"is_endless":false,"potions_floor_spawned":[1,2,8,18],"killed_by":"Slavers","ascension_level":3}}