{"host":"m48o97djpbc1ji22","time":1613596363,"event":{"mods":["BaseMod","Colored Map","Minty Spire (QoL Compilation)","Permanent Neow","Relic Stats","StSLib"],"gold_per_floor":[119,119,119,119,136,136,465,465,465,465,89,89,107,126,126,255,318,333,373,373,391,3,3,3],"floor_reached":23,"language":"ENG","playtime":681,"items_purged":["Regret","Decay"],"score":301,"play_id":"0212fca8-38c9-48e3-917c-702c82da4775","local_time":"20210217231243","is_ascension_mode":true,"campfire_choices":[{"data":"Carnage","floor":6,"key":"SMITH"},{"data":"Flame Barrier","floor":15,"key":"SMITH"}],"circlet_count":0,"master_deck":["Strike_R","Strike_R","Strike_R+1","Strike_R","Strike_R+1","Defend_R+1","Defend_R+1","Defend_R","Bash+1","Perfected Strike","Carnage+1","Body Slam","Infernal Blade","Flame Barrier+1","Perfected Strike","Barricade","Thunderclap","Perfected Strike+1","Power Through+1"],"relics":["Burning Blood","FossilizedHelix","HornCleat","Old Coin","Regal Pillow","Eternal Feather","Golden Idol","Medical Kit","Whetstone","TungstenRod","Tiny House","Red Mask","Toxic Egg 2","Centennial Puzzle","Strange Spoon"],"acts_visited":["Exordium","TheCity"],"potions_floor_usage":[16,16,18,19,19],"damage_taken":[{"damage":2,"enemies":"Jaw Worm","floor":1,"turns":5},{"damage":0,"enemies":"2 Louse","floor":5,"turns":2},{"damage":0,"enemies":"Gremlin Nob","floor":7,"turns":3},{"damage":0,"enemies":"Small Slimes","floor":13,"turns":2},{"damage":7,"enemies":"Exordium Wildlife","floor":14,"turns":4},{"damage":0,"enemies":"Slime Boss","floor":16,"turns":6},{"damage":16,"enemies":"Shell Parasite","floor":18,"turns":5},{"damage":56,"enemies":"Masked Bandits","floor":19,"turns":7},{"damage":10,"enemies":"Spheric Guardian","floor":21,"turns":4},{"damage":29,"enemies":"Book of Stabbing","floor":23,"turns":4}],"seed_played":"4882891451805476645","potions_obtained":[{"floor":1,"key":"LiquidMemories"},{"floor":13,"key":"LiquidMemories"},{"floor":14,"key":"ColorlessPotion"},{"floor":17,"key":"PowerPotion"},{"floor":19,"key":"Fruit Juice"}],"is_trial":false,"path_per_floor":["M","?","?","?","M","R","E","?","T","?","$","T","M","M","R","B",null,"M","?","T","M","$","E"],"character_chosen":"IRONCLAD","items_purchased":["Medical Kit","Whetstone","Centennial Puzzle","Strange Spoon"],"campfire_rested":0,"item_purchase_floors":[11,11,22,22],"current_hp_per_floor":[80,64,57,57,63,63,69,69,69,49,49,49,55,54,63,69,85,75,30,30,26,26,0,0],"gold":3,"neow_bonus":"ONE_RARE_RELIC","is_daily":false,"chose_seed":false,"campfire_upgraded":2,"win_rate":0.0,"timestamp":1613596363,"path_taken":["M","?","?","?","?","R","E","?","T","?","$","?","M","M","R","BOSS","M","?","?","M","$","E"],"items_purchased_type":["Relic","Relic","Relic","Relic"],"build_version":"2020-12-22","purchased_purges":2,"victory":false,"max_hp_per_floor":[80,80,80,80,80,80,80,80,80,80,80,80,80,80,80,80,85,85,90,90,90,90,90,90],"relic_stats":{"Strange Spoon":[3],"Regal Pillow":0,"Centennial Puzzle":[3],"counters":[10,42],"Golden Idol":62,"Eternal Feather":9,"Whetstone":["Strike_R","Strike_R"],"Medical Kit":[3],"obtain_stats":[{"Regal Pillow":8,"Tiny House":17,"Golden Idol":10,"Eternal Feather":9,"Whetstone":11,"Medical Kit":11,"Burning Blood":0,"Old Coin":7,"Strange Spoon":22,"Centennial Puzzle":22,"HornCleat":3,"Red Mask":19,"Toxic Egg 2":20,"FossilizedHelix":0,"TungstenRod":12},{"Regal Pillow":3,"Tiny House":6,"Golden Idol":3,"Eternal Feather":3,"Whetstone":3,"Medical Kit":3,"Burning Blood":0,"Old Coin":3,"Strange Spoon":9,"Centennial Puzzle":9,"HornCleat":1,"Red Mask":8,"Toxic Egg 2":8,"FossilizedHelix":0,"TungstenRod":3},{"Regal Pillow":10,"Tiny House":22,"Golden Idol":10,"Eternal Feather":10,"Whetstone":10,"Medical Kit":10,"Burning Blood":0,"Old Coin":10,"Strange Spoon":38,"Centennial Puzzle":38,"HornCleat":5,"Red Mask":34,"Toxic Egg 2":34,"FossilizedHelix":0,"TungstenRod":10}],"Burning Blood":50,"TungstenRod":14},"card_choices":[{"not_picked":["Havoc","Clash"],"picked":"Perfected Strike","floor":1},{"not_picked":["Heavy Blade","Spot Weakness"],"picked":"Body Slam","floor":5},{"not_picked":["Blood for Blood","Heavy Blade"],"picked":"Infernal Blade","floor":7},{"not_picked":["Pommel Strike","Armaments"],"picked":"Flame Barrier","floor":13},{"not_picked":["Shockwave","Pommel Strike"],"picked":"Perfected Strike","floor":14},{"not_picked":["Corruption","Juggernaut"],"picked":"Barricade","floor":16},{"not_picked":["Heavy Blade","Hemokinesis"],"picked":"Thunderclap","floor":17},{"not_picked":["Clothesline+1","Thunderclap","Clash"],"picked":"SKIP","floor":18},{"not_picked":["Cleave","Headbutt"],"picked":"Perfected Strike+1","floor":19},{"not_picked":["Havoc+1","Heavy Blade"],"picked":"Power Through+1","floor":21}],"player_experience":70662,"relics_obtained":[{"floor":7,"key":"Old Coin"},{"floor":9,"key":"Eternal Feather"},{"floor":12,"key":"TungstenRod"},{"floor":19,"key":"Red Mask"},{"floor":20,"key":"Toxic Egg 2"}],"event_choices":[{"damage_healed":0,"gold_gain":0,"player_choice":"Entered Light","damage_taken":16,"max_hp_gain":0,"max_hp_loss":0,"event_name":"Shining Light","floor":2,"gold_loss":0,"cards_upgraded":["Defend_R","Bash"]},{"damage_healed":0,"gold_gain":0,"player_choice":"Success","damage_taken":7,"relics_obtained":["HornCleat"],"max_hp_gain":0,"max_hp_loss":0,"event_name":"Scrap Ooze","floor":3,"gold_loss":0},{"damage_healed":0,"gold_gain":0,"cards_transformed":["Defend_R"],"player_choice":"Change","damage_taken":0,"max_hp_gain":0,"max_hp_loss":0,"event_name":"Living Wall","floor":4,"gold_loss":0,"cards_obtained":["Carnage"]},{"damage_healed":0,"gold_gain":0,"player_choice":"Box","damage_taken":0,"relics_obtained":["Regal Pillow"],"max_hp_gain":0,"max_hp_loss":0,"event_name":"Big Fish","floor":8,"gold_loss":0,"cards_obtained":["Regret"]},{"damage_healed":0,"gold_gain":0,"player_choice":"Take Damage","damage_taken":20,"relics_obtained":["Golden Idol"],"max_hp_gain":0,"max_hp_loss":0,"event_name":"Golden Idol","floor":10,"gold_loss":0},{"damage_healed":0,"gold_gain":0,"player_choice":"Fought Bandits","damage_taken":0,"max_hp_gain":0,"max_hp_loss":0,"event_name":"Masked Bandits","floor":19,"gold_loss":0}],"is_beta":false,"boss_relics":[{"not_picked":["Runic Cube","Runic Pyramid"],"picked":"Tiny House"}],"items_purged_floors":[11,22],"is_endless":false,"potions_floor_spawned":[1,13,14,19],"killed_by":"Book of Stabbing","ascension_level":3}}