{"host":"6xghz2lkudss8si6","time":1613567876,"event":{"mods":["AchievementEnabler","BaseMod","Colored Map","DeckTracker","Minty Spire (QoL Compilation)","Quick Restart","StSLib","SuperFastMode"],"gold_per_floor":[114,132,150,150,75,75,108,108,108,141,160,179,179,195,195,291,291,308,131,230,249,265,265,265,265],"floor_reached":24,"language":"KOR","playtime":992,"items_purged":["Strike_P","Strike_P"],"score":280,"play_id":"e4525fde-5400-444e-83b1-03171bde2058","local_time":"20210217221756","is_ascension_mode":true,"campfire_choices":[{"data":"FollowUp","floor":6,"key":"SMITH"},{"data":"Eruption","floor":8,"key":"SMITH"},{"data":"LessonLearned","floor":13,"key":"SMITH"},{"data":"EmptyFist","floor":15,"key":"SMITH"},{"floor":23,"key":"REST"}],"circlet_count":0,"master_deck":["Strike_P","Defend_P+1","Defend_P","Defend_P+1","Defend_P","Eruption+1","Vigilance","EmptyFist+1","MentalFortress","FollowUp+1","FlurryOfBlows","BowlingBash","Halt","LessonLearned+1","Wireheading+1","Establishment+1","Study+1","Adaptation+1","Protect+1"],"relics":["PureWater","Kunai","Mercury Hourglass","Frozen Egg 2","Oddly Smooth Stone","Philosopher\u0027s Stone"],"acts_visited":["Exordium","TheCity"],"potions_floor_usage":[7,10,16,18],"damage_taken":[{"damage":1,"enemies":"Cultist","floor":1,"turns":5},{"damage":0,"enemies":"Small Slimes","floor":2,"turns":2},{"damage":0,"enemies":"Jaw Worm","floor":3,"turns":3},{"damage":0,"enemies":"Lagavulin","floor":7,"turns":6},{"damage":4,"enemies":"3 Sentries","floor":10,"turns":5},{"damage":0,"enemies":"3 Louse","floor":11,"turns":2},{"damage":0,"enemies":"Red Slaver","floor":12,"turns":2},{"damage":7,"enemies":"Large Slime","floor":14,"turns":5},{"damage":21,"enemies":"Hexaghost","floor":16,"turns":9},{"damage":0,"enemies":"3 Byrds","floor":18,"turns":4},{"damage":27,"enemies":"Chosen","floor":21,"turns":6},{"damage":19,"enemies":"Sentry and Sphere","floor":22,"turns":5},{"damage":48,"enemies":"Cultist and Chosen","floor":24,"turns":8}],"seed_played":"-5634295595235852212","potions_obtained":[{"floor":1,"key":"Strength Potion"},{"floor":2,"key":"Explosive Potion"},{"floor":3,"key":"SpeedPotion"},{"floor":10,"key":"Dexterity Potion"},{"floor":14,"key":"Block Potion"},{"floor":21,"key":"Dexterity Potion"}],"is_trial":false,"path_per_floor":["M","M","M","?","$","R","E","R","T","E","M","M","R","M","R","B",null,"M","$","?","M","M","R","M"],"character_chosen":"WATCHER","items_purchased":["Adaptation+1"],"campfire_rested":1,"item_purchase_floors":[19],"current_hp_per_floor":[71,71,71,59,59,59,59,59,59,55,55,55,55,48,48,27,72,72,72,72,45,26,47,0,0],"gold":265,"neow_bonus":"REMOVE_CARD","is_daily":false,"chose_seed":false,"campfire_upgraded":4,"win_rate":0.0,"timestamp":1613567876,"path_taken":["M","M","?","?","?","R","E","R","T","E","M","M","R","M","R","BOSS","M","$","?","M","M","R","M"],"items_purchased_type":["Card"],"build_version":"2020-12-22","purchased_purges":2,"victory":false,"max_hp_per_floor":[72,72,72,72,72,72,72,72,72,72,72,72,72,72,72,72,72,72,72,72,72,72,72,72,72],"card_choices":[{"not_picked":["Evaluate","Halt"],"picked":"EmptyFist","floor":1},{"not_picked":["CutThroughFate","Wireheading"],"picked":"MentalFortress","floor":2},{"not_picked":["Protect","WheelKick"],"picked":"FollowUp","floor":3},{"not_picked":["Wireheading","EmptyFist"],"picked":"FlurryOfBlows","floor":7},{"not_picked":["Wish","WaveOfTheHand"],"picked":"BowlingBash","floor":10},{"not_picked":["FlyingSleeves","FlurryOfBlows"],"picked":"Halt","floor":11},{"not_picked":["Evaluate","CutThroughFate"],"picked":"LessonLearned","floor":12},{"not_picked":["ReachHeaven","Crescendo"],"picked":"Wireheading+1","floor":14},{"not_picked":["Alpha","Blasphemy"],"picked":"Establishment+1","floor":16},{"not_picked":["PathToVictory+1","Sanctity"],"picked":"Study+1","floor":18},{"not_picked":["TalkToTheHand+1","SashWhip","BowlingBash"],"picked":"SKIP","floor":21},{"not_picked":["ConjureBlade","BattleHymn+1"],"picked":"Protect+1","floor":22}],"player_experience":261817,"relics_obtained":[{"floor":7,"key":"Mercury Hourglass"},{"floor":9,"key":"Frozen Egg 2"},{"floor":10,"key":"Oddly Smooth Stone"}],"event_choices":[{"damage_healed":0,"gold_gain":0,"player_choice":"Success","damage_taken":12,"relics_obtained":["Kunai"],"max_hp_gain":0,"max_hp_loss":0,"event_name":"Scrap Ooze","floor":4,"gold_loss":0},{"damage_healed":0,"gold_gain":99,"player_choice":"Stole From Cult","damage_taken":0,"max_hp_gain":0,"max_hp_loss":0,"event_name":"Nest","floor":20,"gold_loss":0}],"is_beta":false,"boss_relics":[{"not_picked":["Pandora\u0027s Box","Runic Dome"],"picked":"Philosopher\u0027s Stone"}],"items_purged_floors":[5,19],"is_endless":false,"potions_floor_spawned":[1,2,3,10,14,21],"killed_by":"Cultist and Chosen","ascension_level":4}}