{"host":"ju1b3c4x8n2jtjm7","time":1613551608,"event":{"mods":["AchievementEnabler","BaseMod","Colored Map","Colored Powertips","Highlight Path","Minty Spire (QoL Compilation)","Quick Restart","Rare Cards Sparkle","Relic Stats"],"gold_per_floor":[118,135,145,156,156,156,48,148,174,174,206,206,218,249,249,354,354,372,392,392,392,404,404,404],"floor_reached":23,"language":"ENG","playtime":1483,"items_purged":[],"score":286,"play_id":"a226cff3-8c1a-491e-b68d-66b3813fbaca","local_time":"20210217094648","is_ascension_mode":true,"campfire_choices":[{"data":"Flame Barrier","floor":6.0,"key":"SMITH"},{"data":"Cleave","floor":10.0,"key":"SMITH"},{"data":"Discovery","floor":12.0,"key":"SMITH"},{"data":"Bash","floor":15.0,"key":"SMITH"}],"circlet_count":0,"master_deck":["Strike_R","Strike_R","Strike_R","Strike_R","Defend_R","Defend_R","Defend_R","Defend_R","Bash+1","Ghostly Armor","Flame Barrier+1","Anger","Feel No Pain","Discovery+1","Cleave+1","Impervious","Shrug It Off","Flex","Feed","Blood for Blood+1","Clothesline+1","Burning Pact","Shrug It Off+1"],"relics":["Burning Blood","Red Skull","Anchor","The Courier","Runic Pyramid"],"acts_visited":["Exordium","TheCity"],"potions_floor_usage":[],"damage_taken":[{"damage":1.0,"enemies":"Cultist","floor":1.0,"turns":3.0},{"damage":13.0,"enemies":"Jaw Worm","floor":2.0,"turns":4.0},{"damage":3.0,"enemies":"Small Slimes","floor":3.0,"turns":4.0},{"damage":10.0,"enemies":"Exordium Thugs","floor":4.0,"turns":5.0},{"damage":13.0,"enemies":"Gremlin Nob","floor":11.0,"turns":4.0},{"damage":0.0,"enemies":"3 Louse","floor":13.0,"turns":3.0},{"damage":9.0,"enemies":"Lagavulin","floor":14.0,"turns":5.0},{"damage":38.0,"enemies":"Hexaghost","floor":16.0,"turns":7.0},{"damage":5.0,"enemies":"Spheric Guardian","floor":18.0,"turns":8.0},{"damage":0.0,"enemies":"3 Byrds","floor":19.0,"turns":4.0},{"damage":31.0,"enemies":"3 Cultists","floor":22.0,"turns":5.0},{"damage":49,"enemies":"Book of Stabbing","floor":23,"turns":5}],"seed_played":"-6319894618629703286","potions_obtained":[{"floor":1.0,"key":"ElixirPotion"},{"floor":2.0,"key":"Explosive Potion"},{"floor":11.0,"key":"Ancient Potion"},{"floor":13.0,"key":"Energy Potion"},{"floor":19.0,"key":"Explosive Potion"}],"is_trial":false,"path_per_floor":["M","M","M","M","?","R","$","?","T","R","E","R","M","E","R","B",null,"M","M","?","?","M","E"],"character_chosen":"IRONCLAD","items_purchased":["Discovery","Cleave"],"campfire_rested":0,"item_purchase_floors":[7,7],"current_hp_per_floor":[85,78,81,77,77,77,77,77,77,77,70,70,76,73,73,41,76,80,89,70,70,48,0,0],"gold":404,"neow_bonus":"TEN_PERCENT_HP_BONUS","is_daily":false,"chose_seed":false,"campfire_upgraded":4,"win_rate":0.0,"timestamp":1613551608,"path_taken":["M","M","M","M","?","R","$","?","T","R","E","R","?","E","R","BOSS","M","M","?","?","?","E"],"items_purchased_type":["Card","Card"],"build_version":"2020-12-22","purchased_purges":0,"victory":false,"max_hp_per_floor":[88,88,88,88,88,88,88,88,88,88,88,88,88,88,88,88,88,91,94,99,99,102,102,102],"relic_stats":{"counters":[12,57],"obtain_stats":[{"Anchor":11,"The Courier":14,"Burning Blood":0,"Red Skull":9,"Runic Pyramid":17},{"Anchor":5,"The Courier":7,"Burning Blood":0,"Red Skull":4,"Runic Pyramid":8},{"Anchor":20,"The Courier":28,"Burning Blood":0,"Red Skull":16,"Runic Pyramid":35}],"Burning Blood":66},"card_choices":[{"not_picked":["Dual Wield","Wild Strike","Bloodletting"],"picked":"SKIP","floor":1.0},{"not_picked":["Iron Wave","Entrench"],"picked":"Ghostly Armor","floor":2.0},{"not_picked":["Clash","Shrug It Off"],"picked":"Flame Barrier","floor":3.0},{"not_picked":["Heavy Blade","Power Through"],"picked":"Anger","floor":4.0},{"not_picked":["Body Slam","Thunderclap"],"picked":"Impervious","floor":11.0},{"not_picked":["Perfected Strike","Flex"],"picked":"Shrug It Off","floor":13.0},{"not_picked":["Heavy Blade","Shrug It Off"],"picked":"Flex","floor":14.0},{"not_picked":["Corruption","Reaper"],"picked":"Feed","floor":16.0},{"not_picked":["Perfected Strike","Clash","Blood for Blood+1"],"picked":"SKIP","floor":18.0},{"not_picked":["Perfected Strike","Clash"],"picked":"Blood for Blood+1","floor":18.0},{"not_picked":["Havoc","Body Slam"],"picked":"Clothesline+1","floor":19.0},{"not_picked":["Cleave","True Grit"],"picked":"Shrug It Off+1","floor":22.0}],"player_experience":359478,"relics_obtained":[{"floor":9.0,"key":"Red Skull"},{"floor":11.0,"key":"Anchor"},{"floor":14.0,"key":"The Courier"}],"event_choices":[{"damage_healed":0.0,"max_hp_gain":0.0,"max_hp_loss":0.0,"gold_gain":0.0,"cards_transformed":["Strike_R"],"event_name":"Living Wall","player_choice":"Change","floor":5.0,"gold_loss":0.0,"damage_taken":0.0,"cards_obtained":["Feel No Pain"]},{"damage_healed":0.0,"max_hp_gain":0.0,"max_hp_loss":0.0,"gold_gain":100.0,"event_name":"Golden Shrine","player_choice":"Pray","floor":8.0,"gold_loss":0.0,"damage_taken":0.0},{"damage_healed":0.0,"max_hp_gain":5.0,"max_hp_loss":0.0,"gold_gain":0.0,"event_name":"Forgotten Altar","player_choice":"Shed Blood","floor":20.0,"gold_loss":0.0,"damage_taken":24.0},{"damage_healed":0.0,"max_hp_gain":0.0,"max_hp_loss":0.0,"gold_gain":0.0,"event_name":"The Library","player_choice":"Read","floor":21.0,"gold_loss":0.0,"damage_taken":0.0,"cards_obtained":["Burning Pact"]}],"is_beta":false,"boss_relics":[{"not_picked":["Busted Crown","Mark of Pain"],"picked":"Runic Pyramid"}],"items_purged_floors":[],"is_endless":false,"potions_floor_spawned":[1,2,11,13,19],"killed_by":"Book of Stabbing","ascension_level":6}}