{"host":"2fgwwnzqc97k7iys","time":1613602285,"event":{"mods":["BaseMod","Colored Map","Minty Spire (QoL Compilation)","Quick Restart","Relic Stats"],"gold_per_floor":[115,115,190,211,231,271,271,314,314,314,314,22,38,51,51,176,176,200,219,219,219],"floor_reached":20,"language":"ENG","playtime":4024,"items_purged":["Strike_B"],"score":276,"play_id":"6cc0d658-3b7e-4d67-a9e0-29df842136fa","local_time":"20210217165125","is_ascension_mode":true,"campfire_choices":[{"data":"Chaos","floor":7,"key":"SMITH"},{"floor":10,"key":"REST"},{"floor":15,"key":"REST"}],"circlet_count":0,"master_deck":["AscendersBane","Defend_B","Defend_B","Defend_B","Defend_B","Zap","Dualcast","Fission","Conserve Battery","Chaos+1","Storm","Chaos","Storm","Static Discharge","Leap","Finesse","Leap","Stack","Echo Form"],"relics":["Cracked Core","Golden Idol","Orichalcum","WingedGreaves","White Beast Statue","Empty Cage"],"acts_visited":["TheCity"],"potions_floor_usage":[6,16,18,20,20],"damage_taken":[{"damage":5,"enemies":"Small Slimes","floor":1,"turns":4},{"damage":8,"enemies":"Jaw Worm","floor":4,"turns":5},{"damage":2,"enemies":"2 Louse","floor":5,"turns":2},{"damage":21,"enemies":"3 Sentries","floor":6,"turns":11},{"damage":19,"enemies":"Lagavulin","floor":8,"turns":8},{"damage":0,"enemies":"Looter","floor":13,"turns":3},{"damage":8,"enemies":"Exordium Wildlife","floor":14,"turns":5},{"damage":11,"enemies":"The Guardian","floor":16,"turns":15},{"damage":18,"enemies":"Chosen","floor":18,"turns":7},{"damage":17,"enemies":"Shell Parasite","floor":19,"turns":9},{"damage":17,"enemies":"Centurion and Healer","floor":20,"turns":3}],"seed_played":"-4062580117871416907","potions_obtained":[{"floor":4,"key":"Fire Potion"},{"floor":6,"key":"CultistPotion"},{"floor":8,"key":"SpeedPotion"},{"floor":13,"key":"LiquidBronze"},{"floor":14,"key":"Dexterity Potion"},{"floor":16,"key":"PowerPotion"},{"floor":18,"key":"GamblersBrew"}],"is_trial":false,"path_per_floor":["M","?","?","M","M","E","R","E","T","R","?","$","M","M","R","B",null,"M","M","M"],"character_chosen":"DEFECT","items_purchased":["Static Discharge","Leap","Finesse"],"campfire_rested":2,"item_purchase_floors":[12,12,12],"current_hp_per_floor":[63,63,52,44,42,21,21,2,2,22,15,15,15,7,27,16,56,38,21,4,4],"gold":219,"neow_bonus":"ONE_RANDOM_RARE_CARD","is_daily":false,"chose_seed":false,"campfire_upgraded":1,"win_rate":0.0,"timestamp":1613602285,"path_taken":["M","?","?","M","M","E","R","E","T","R","?","?","M","M","R","BOSS","M","M","M"],"items_purchased_type":["Card","Card","Card"],"build_version":"2020-12-22","purchased_purges":1,"victory":false,"max_hp_per_floor":[75,69,69,69,69,69,69,69,69,69,69,69,69,69,69,69,69,69,69,69,69],"relic_stats":{"counters":[11,71],"Golden Idol":65,"Orichalcum":[54],"obtain_stats":[{"Golden Idol":2,"WingedGreaves":8,"Orichalcum":6,"Cracked Core":0,"Empty Cage":17,"White Beast Statue":9},{"Golden Idol":1,"WingedGreaves":5,"Orichalcum":4,"Cracked Core":0,"Empty Cage":8,"White Beast Statue":5},{"Golden Idol":4,"WingedGreaves":30,"Orichalcum":22,"Cracked Core":0,"Empty Cage":53,"White Beast Statue":30}]},"card_choices":[{"not_picked":["Undo","Go for the Eyes"],"picked":"Conserve Battery","floor":1},{"not_picked":["Leap","Scrape"],"picked":"Chaos","floor":4},{"not_picked":["Heatsinks","Static Discharge"],"picked":"Storm","floor":5},{"not_picked":["Hologram","Reboot"],"picked":"Chaos","floor":6},{"not_picked":["Turbo","Steam"],"picked":"Storm","floor":8},{"not_picked":["Hello World","Hologram"],"picked":"Leap","floor":13},{"not_picked":["Cold Snap","Beam Cell"],"picked":"Stack","floor":14},{"not_picked":["Creative AI","Reboot"],"picked":"Echo Form","floor":16},{"not_picked":["Consume","Barrage","Undo"],"picked":"SKIP","floor":18},{"not_picked":["Hologram","Barrage","Steam+1"],"picked":"SKIP","floor":19}],"player_experience":611513,"relics_obtained":[{"floor":6,"key":"Orichalcum"},{"floor":8,"key":"WingedGreaves"},{"floor":9,"key":"White Beast Statue"}],"event_choices":[{"damage_healed":0,"gold_gain":0,"player_choice":"Lose Max HP","damage_taken":0,"relics_obtained":["Golden Idol"],"max_hp_gain":0,"max_hp_loss":6,"event_name":"Golden Idol","floor":2,"gold_loss":0},{"damage_healed":0,"gold_gain":75,"player_choice":"Gather Gold","damage_taken":11,"max_hp_gain":0,"max_hp_loss":0,"event_name":"World of Goop","floor":3,"gold_loss":0},{"cards_removed":["Strike_B"],"damage_healed":0,"gold_gain":0,"player_choice":"Card Removal","damage_taken":7,"max_hp_gain":0,"max_hp_loss":0,"event_name":"Golden Wing","floor":11,"gold_loss":0}],"is_beta":false,"boss_relics":[{"not_picked":["Tiny House","FrozenCore"],"picked":"Empty Cage"}],"items_purged_floors":[12],"is_endless":false,"potions_floor_spawned":[4,6,8,13,14,16,18,19],"killed_by":"Centurion and Healer","ascension_level":10}}