{"host":"a3gu5zu37ht99mpa","time":1613601244,"event":{"mods":["100% Spire Juice","Act Like it!","Arknights","BaseMod","Better Silent Start","Better Third Choice","BetterRewards","ChefMod","Conspire","Downfall","Energized Spire","GifTheSpireLib","Gold Saver","Halation","JesterMod","Lobotomy","LobotomyExtend","Luminous","Minty Spire (QoL Compilation)","Potionbrewer","Prisma Mod","Reliquary","Robot Space Explorer","StSLib","Stuff the Spire","The Alterego","The Animator","The Cursed","The Dragon Tamer","The Edgeheg","The Marked","The Servant 0.9.4","TheSwordswoman","Virulent Crown","Wandering Minibosses","yUi","??????REMEMod"],"gold_per_floor":[110,136,136,136,156,189,189,189,189],"floor_reached":8,"language":"ENG","playtime":651,"items_purged":[],"score":54,"play_id":"aca16661-9709-4d6e-baae-6537a2d53d8f","local_time":"20210217173404","is_ascension_mode":false,"campfire_choices":[],"circlet_count":0,"master_deck":["PrismaMod:IllyaCommonAttack","PrismaMod:IllyaCommonDefend","PrismaMod:IllyaCommonAttack","PrismaMod:IllyaCommonDefend","PrismaMod:IllyaCommonAttack","PrismaMod:IllyaCommonDefend","PrismaMod:IllyaCommonAttack","PrismaMod:IllyaCommonDefend","PrismaMod:IllyaCommonAttack","PrismaMod:IllyaCommonDefend","PrismaMod:IllyaUncommonAttack+1","PrismaMod:IllyaUncommonDefend+1","WhitesApple","PrismaMod:IllyaCheapChannelDefend+1","Parasite","Alriune","PrismaMod:IllyaPartialInstallAssassin+1","Laetitia","Parasite","BeautyBeast","PrismaMod:IllyaBoysLove+1","Parasite"],"relics":["PrismaMod:PrismaRuby","REME_ComplimentaryCards","CogitoBucket","LetterFromLob","conspire:GlowingRock","Regal Pillow"],"acts_visited":["Exordium"],"potions_floor_usage":[],"damage_taken":[{"damage":0,"enemies":"Jaw Worm","floor":1,"turns":5},{"damage":4,"enemies":"conspire:MimicChest","floor":2,"turns":4},{"damage":0,"enemies":"2 Louse","floor":5,"turns":2},{"damage":46,"enemies":"3 Sentries","floor":6,"turns":13},{"damage":66,"enemies":"Lagavulin","floor":8,"turns":5}],"seed_played":"1668621189038148040","potions_obtained":[{"floor":1,"key":"Dexterity Potion"}],"is_trial":false,"path_per_floor":["M","?","?","T","M","E","M","E"],"character_chosen":"ILLYA","items_purchased":[],"campfire_rested":0,"item_purchase_floors":[],"current_hp_per_floor":[75,71,71,71,71,25,62,0,0],"gold":189,"neow_bonus":"","is_daily":false,"chose_seed":false,"campfire_upgraded":0,"win_rate":0.0,"timestamp":1613601244,"path_taken":["M","?","?","?","?","E","M","E"],"items_purchased_type":[],"build_version":"2020-12-22","purchased_purges":0,"victory":false,"max_hp_per_floor":[75,75,75,75,75,75,75,75,75],"card_choices":[{"not_picked":["MHz","ShyLook"],"picked":"WhitesApple","floor":1},{"not_picked":["PrismaMod:IllyaGrail","PrismaMod:IllyaEvokeAll"],"picked":"PrismaMod:IllyaCheapChannelDefend","floor":1},{"not_picked":["PrismaMod:IllyaAOECommonAttack","PrismaMod:IllyaAssassinRevenge"],"picked":"PrismaMod:IllyaGrail","floor":2},{"not_picked":["Mercenary","HappyTeddy"],"picked":"Alriune","floor":2},{"not_picked":["PrismaMod:IllyaUncommonAOEAttack","PrismaMod:IllyaUberPoisonBlock"],"picked":"PrismaMod:IllyaPartialInstallAssassin","floor":5},{"not_picked":["Wellcheers","OSAHOGD"],"picked":"Laetitia","floor":5},{"not_picked":["OSAHOGD","HappyTeddy"],"picked":"BeautyBeast","floor":6},{"not_picked":["PrismaMod:IllyaAOECommonAttack","PrismaMod:IllyaUpgradeOrbs"],"picked":"PrismaMod:IllyaBoysLove","floor":6}],"player_experience":127116,"relics_obtained":[{"floor":1,"key":"LetterFromLob"},{"floor":2,"key":"conspire:GlowingRock"},{"floor":6,"key":"Regal Pillow"}],"event_choices":[{"damage_healed":0,"gold_gain":0,"player_choice":"Ignored","damage_taken":0,"max_hp_gain":0,"max_hp_loss":0,"event_name":"Golden Wing","floor":3,"gold_loss":0}],"is_beta":false,"boss_relics":[],"items_purged_floors":[],"is_endless":false,"potions_floor_spawned":[1],"killed_by":"Lagavulin","ascension_level":0}}