{"host":"pj7egx7jkoz18hom","time":1613543154,"event":{"mods":["AchievementEnabler","BaseMod","Keyboard Shortcuts","Minty Spire (QoL Compilation)","SuperFastMode"],"gold_per_floor":[116,48,62,80,91,91,111,126,126,51,106,116,147,165,165,261,261,280,297,54,54,68,68,100,115,115,142,162,26,26,55,55,55,55],"floor_reached":33,"language":"KOR","playtime":1742,"items_purged":["Defend_G","Skewer","Expertise"],"score":425,"play_id":"b774b4e8-ab6a-4f3b-8697-1710776c279a","local_time":"20210217152554","is_ascension_mode":true,"campfire_choices":[{"data":"Backflip","floor":6.0,"key":"SMITH"},{"data":"Poisoned Stab","floor":15,"key":"SMITH"},{"data":"Adrenaline","floor":23,"key":"SMITH"},{"floor":30,"key":"REST"},{"floor":32,"key":"REST"}],"circlet_count":0,"master_deck":["Survivor","Neutralize","PiercingWail","Backflip+1","Deflect","Outmaneuver","Prepared","Deadly Poison","Deadly Poison","Poisoned Stab+1","Adrenaline+1","Wraith Form v2","Dagger Throw","Eviscerate","Well Laid Plans","Unload","Blur","Catalyst+1","Bouncing Flask","Dodge and Roll","Reflex","Footwork","Footwork"],"relics":["Ring of the Snake","NeowsBlessing","Centennial Puzzle","Mercury Hourglass","Snake Skull","Bag of Preparation","Pandora\u0027s Box","Membership Card","Darkstone Periapt","Matryoshka","InkBottle","ClockworkSouvenir","Strawberry"],"acts_visited":["Exordium","TheCity"],"potions_floor_usage":[22,24,24,25,33],"damage_taken":[{"damage":0.0,"enemies":"2 Louse","floor":1.0,"turns":1.0},{"damage":0.0,"enemies":"Cultist","floor":3.0,"turns":1.0},{"damage":0.0,"enemies":"Jaw Worm","floor":4.0,"turns":1.0},{"damage":4.0,"enemies":"Blue Slaver","floor":5.0,"turns":6.0},{"damage":7.0,"enemies":"Red Slaver","floor":7.0,"turns":4.0},{"damage":0.0,"enemies":"Looter","floor":8.0,"turns":5.0},{"damage":5,"enemies":"2 Fungi Beasts","floor":12,"turns":3},{"damage":13,"enemies":"Lagavulin","floor":13,"turns":6},{"damage":0,"enemies":"Exordium Thugs","floor":14,"turns":3},{"damage":0,"enemies":"The Guardian","floor":16,"turns":8},{"damage":0,"enemies":"3 Byrds","floor":18,"turns":5},{"damage":0,"enemies":"Shell Parasite","floor":19,"turns":4},{"damage":5,"enemies":"Snake Plant","floor":22,"turns":3},{"damage":0,"enemies":"Gremlin Leader","floor":24,"turns":3},{"damage":10,"enemies":"Snecko","floor":25,"turns":3},{"damage":30,"enemies":"Slavers","floor":27,"turns":4},{"damage":14,"enemies":"Cultist and Chosen","floor":28,"turns":5},{"damage":17,"enemies":"Book of Stabbing","floor":31,"turns":4},{"damage":52,"enemies":"Champ","floor":33,"turns":10}],"seed_played":"-8473152558020797893","potions_obtained":[{"floor":3.0,"key":"Fruit Juice"},{"floor":7.0,"key":"SpeedPotion"},{"floor":8.0,"key":"Fire Potion"},{"floor":13,"key":"Fire Potion"},{"floor":24,"key":"FearPotion"},{"floor":31,"key":"CunningPotion"}],"is_trial":false,"path_per_floor":["M","?","M","M","M","R","M","M","T","$","T","M","E","M","R","B",null,"M","M","$","?","M","R","E","M","T","E","M","$","R","E","R","B"],"character_chosen":"THE_SILENT","items_purchased":["Membership Card","Bouncing Flask","ClockworkSouvenir"],"campfire_rested":2,"item_purchase_floors":[20,20,29],"current_hp_per_floor":[70,70,70,70,66,66,64,64,64,64,64,59,46,46,46,46,75,75,75,75,75,70,70,70,60,60,30,16,16,38,28,52,0,0],"gold":55,"neow_bonus":"THREE_ENEMY_KILL","is_daily":false,"chose_seed":false,"campfire_upgraded":3,"win_rate":0.0,"timestamp":1613543154,"path_taken":["M","?","?","M","M","R","M","M","T","$","?","M","E","M","R","BOSS","M","M","$","?","M","R","E","M","T","E","M","$","R","E","R","BOSS"],"items_purchased_type":["Relic","Card","Relic"],"build_version":"2020-12-22","purchased_purges":3,"victory":false,"max_hp_per_floor":[70,70,70,70,70,70,75,75,75,75,75,75,75,75,75,75,75,75,75,75,75,75,75,75,75,75,75,75,75,75,82,82,82,82],"card_choices":[{"not_picked":["Bane","Flying Knee"],"picked":"PiercingWail","floor":1.0},{"not_picked":["Leg Sweep","Terror"],"picked":"Backflip","floor":3.0},{"not_picked":["Quick Slash","Sucker Punch"],"picked":"Deflect","floor":4.0},{"not_picked":["Quick Slash","Finisher"],"picked":"Outmaneuver","floor":5.0},{"not_picked":["Well Laid Plans","Finisher"],"picked":"Prepared","floor":7.0},{"not_picked":["Distraction","Riddle With Holes"],"picked":"Deadly Poison","floor":8.0},{"not_picked":["Blade Dance","Endless Agony"],"picked":"Deadly Poison","floor":12},{"not_picked":["Flying Knee","Bane"],"picked":"Poisoned Stab","floor":13},{"not_picked":["Unload","Underhanded Strike","Cloak And Dagger"],"picked":"SKIP","floor":14},{"not_picked":["Acrobatics","Dagger Throw+1","Dagger Spray"],"picked":"SKIP","floor":18},{"not_picked":["Dodge and Roll","Quick Slash+1"],"picked":"Catalyst","floor":19},{"not_picked":["Backstab+1","Cloak And Dagger"],"picked":"Dodge and Roll","floor":22},{"not_picked":["Flying Knee","Cloak And Dagger","Dagger Throw"],"picked":"SKIP","floor":24},{"not_picked":["Blade Dance","Deadly Poison"],"picked":"Reflex","floor":25},{"not_picked":["Masterful Stab","Outmaneuver"],"picked":"Footwork","floor":27},{"not_picked":["Prepared","Doppelganger"],"picked":"Footwork","floor":28},{"not_picked":["Outmaneuver","Riddle With Holes+1","Infinite Blades"],"picked":"SKIP","floor":31}],"player_experience":136523,"relics_obtained":[{"floor":9.0,"key":"Mercury Hourglass"},{"floor":11.0,"key":"Snake Skull"},{"floor":13,"key":"Bag of Preparation"},{"floor":24,"key":"Darkstone Periapt"},{"floor":26,"key":"Matryoshka"},{"floor":27,"key":"InkBottle"},{"floor":31,"key":"Strawberry"}],"event_choices":[{"damage_healed":0.0,"max_hp_gain":0.0,"max_hp_loss":0.0,"gold_gain":0.0,"event_name":"WeMeetAgain","player_choice":"Paid Gold","floor":2.0,"gold_loss":68.0,"damage_taken":0.0,"relics_obtained":["Centennial Puzzle"]},{"damage_healed":0,"gold_gain":0,"player_choice":"Upgraded","damage_taken":0,"max_hp_gain":0,"max_hp_loss":0,"event_name":"Upgrade Shrine","floor":21,"gold_loss":0,"cards_upgraded":["Catalyst"]}],"is_beta":false,"boss_relics":[{"not_picked":["Black Star","Cursed Key"],"picked":"Pandora\u0027s Box"}],"items_purged_floors":[10,20,29],"is_endless":false,"potions_floor_spawned":[3,7,8,13,16,18,24,31],"killed_by":"Champ","ascension_level":2}}