{"host":"5d2dv4eidwy7zgmv","time":1613572390,"event":{"mods":["100% Spire Juice","Act Like it!","BaseMod","CapriCore","Friendly Minions","Hallownest","Hermit","Lobotomy","LobotomyExtend","Luminous","Minty Spire (QoL Compilation)","Quick Restart","Robot Space Explorer","StSLib","The Bug Knight","The Immortal","Yakumo Yukari mod"],"gold_per_floor":[111,61,61,61,72,72,92,92,92,121,121,121,134,134,134,231,231,231,634,43,43,43,43,43,73,73,105,5,22,39,50,50,148,148,167,167,167],"floor_reached":36,"language":"ZHS","playtime":1172,"items_purged":["HollowMod:VengefulSpirit","Decay"],"score":421,"play_id":"00da29f5-e727-46f1-8ac1-8e6f5ff49113","local_time":"20210217223310","is_ascension_mode":false,"campfire_choices":[{"data":"HollowMod:SlysStrikes","floor":6,"key":"SMITH"},{"data":"HollowMod:AwokenDreamNail","floor":8,"key":"SMITH"},{"data":"HollowMod:FocusHealStart","floor":12,"key":"SMITH"},{"data":"HollowMod:MantisMark","floor":15,"key":"SMITH"},{"data":"HollowMod:QuickDashStart","floor":23,"key":"SMITH"},{"data":"HollowMod:CloakDash","floor":32,"key":"SMITH"}],"circlet_count":0,"master_deck":["HollowMod:NailStrikeStart","HollowMod:QuickDashStart+1","HollowMod:QuickDashStart","HollowMod:QuickDashStart","HollowMod:FocusHealStart+1","HollowMod:PogoStrike","HollowMod:ChannelNail+1","HollowMod:SlysStrikes+1","HollowMod:MantisMark+1","HollowMod:theNailsmith+1","HollowMod:CloakDash+1","HollowMod:Hiveblood"],"relics":["LetterFromLob","RedMistMask","Bird Faced Urn","Ornamental Fan","Anchor","Oddly Smooth Stone","Cursed Key","Moonlight_r","Mercury Hourglass","HollowMod:LifeEnderRelic","Boot","Eternal Feather","Shuriken","Empty Cage"],"acts_visited":["Exordium","Hallownest:CityofTears","TheBeyond"],"potions_floor_usage":[],"damage_taken":[{"damage":11.0,"enemies":"Jaw Worm","floor":1.0,"turns":3.0},{"damage":0,"enemies":"2 Louse","floor":5,"turns":3},{"damage":6,"enemies":"Cultist","floor":7,"turns":3},{"damage":9,"enemies":"3 Sentries","floor":10,"turns":2},{"damage":2,"enemies":"Blue Slaver","floor":13,"turns":2},{"damage":44,"enemies":"Hexaghost","floor":16,"turns":8},{"damage":15,"enemies":"Hallownest:2_Mistakes","floor":18,"turns":9},{"damage":4,"enemies":"Hallownest:eliteSoulWarrior","floor":25,"turns":4},{"damage":11,"enemies":"Hallownest:Nosk","floor":27,"turns":5},{"damage":0,"enemies":"Hallownest:2_Mistakes","floor":29,"turns":2},{"damage":0,"enemies":"Hallownest:Flukemon_and_Top","floor":30,"turns":3},{"damage":0,"enemies":"Hallownest:2_Flukemon","floor":31,"turns":3},{"damage":39,"enemies":"Hallownest:BossSoulMaster","floor":33,"turns":8},{"damage":10,"enemies":"3 Darklings","floor":35,"turns":2},{"damage":92,"enemies":"3 Darklings","floor":36,"turns":8}],"seed_played":"3885906948585702806","potions_obtained":[{"floor":5,"key":"PanachePotion"},{"floor":13,"key":"SpeedPotion"},{"floor":16,"key":"ColorlessPotion"},{"floor":30,"key":"Fire Potion"}],"is_trial":false,"path_per_floor":["M","?","?","?","M","R","M","R","T","E","?","R","M","T","R","B",null,"M","?","$","?","?","R","?","E","T","E","$","M","M","M","R","B",null,"M","?"],"character_chosen":"THE_BUGKNIGHT","items_purchased":["Mercury Hourglass","HollowMod:LifeEnderRelic"],"campfire_rested":0,"item_purchase_floors":[20,20],"current_hp_per_floor":[49,49,49,49,55,55,55,55,55,48,45,45,43,43,43,13,75,30,30,30,30,30,30,30,36,36,33,33,41,49,51,57,32,75,72,0,0],"gold":167,"neow_bonus":"THREE_RARE_CARDS","is_daily":false,"chose_seed":false,"campfire_upgraded":6,"win_rate":0.0,"timestamp":1613572390,"path_taken":["M","?","?","?","M","R","?","R","T","E","?","R","M","?","R","BOSS","M","?","$","?","?","R","?","E","T","E","$","M","M","M","R","BOSS","M","?"],"items_purchased_type":["Relic","Relic"],"build_version":"2020-12-22","purchased_purges":2,"victory":false,"max_hp_per_floor":[75,75,75,75,75,75,75,75,75,75,75,75,75,75,75,75,75,75,75,75,75,75,75,75,75,75,75,75,75,75,75,75,75,75,75,75,75],"card_choices":[{"not_picked":["HollowMod:VoidDash","HollowMod:Hiveblood"],"picked":"HollowMod:AwokenDreamNail","floor":0.0},{"not_picked":["HollowMod:SharpenedNail","HollowMod:TaintedHusks"],"picked":"HollowMod:ChannelNail","floor":1.0},{"not_picked":["HollowMod:HeavyBlow","HollowMod:TaintedHusks"],"picked":"HollowMod:SlysStrikes","floor":5},{"not_picked":["HollowMod:CrystalDash","HollowMod:GreatSlash"],"picked":"HollowMod:VengefulSpirit","floor":7},{"not_picked":["HollowMod:SoulShaman","HollowMod:VengefulVoid"],"picked":"HollowMod:MantisMark","floor":10},{"not_picked":["HollowMod:SiblingsShadow","HollowMod:Grubsong","HollowMod:InfectionAssault"],"picked":"SKIP","floor":13},{"not_picked":["HollowMod:HornetsHelp","HollowMod:NewInfectedGuardian"],"picked":"HollowMod:theNailsmith","floor":16},{"not_picked":["HollowMod:InfectedAttack+1","HollowMod:BaldurShell"],"picked":"HollowMod:CloakDash","floor":25},{"not_picked":["HollowMod:WraithStrike+1","HollowMod:Weaversong","HollowMod:HeavyBlow+1"],"picked":"SKIP","floor":27},{"not_picked":["HollowMod:SoulEater","HollowMod:FastStrike","HollowMod:DreamGate"],"picked":"SKIP","floor":29},{"not_picked":["HollowMod:GreatSlash","HollowMod:SoulShaman","HollowMod:SoulVessel+1"],"picked":"SKIP","floor":30},{"not_picked":["HollowMod:GoodIntentions","HollowMod:NewJinnsSoul","HollowMod:InfectedAttack"],"picked":"SKIP","floor":31},{"not_picked":["HollowMod:SlysStrikes","HollowMod:ZotesMagnificence"],"picked":"HollowMod:Hiveblood","floor":33},{"not_picked":["HollowMod:HeavyBlow+1","HollowMod:TaintedHusks+1","HollowMod:VengefulVoid"],"picked":"SKIP","floor":35}],"player_experience":66282,"relics_obtained":[{"floor":1.0,"key":"LetterFromLob"},{"floor":7,"key":"RedMistMask"},{"floor":9,"key":"Bird Faced Urn"},{"floor":10,"key":"Ornamental Fan"},{"floor":14,"key":"Oddly Smooth Stone"},{"floor":25,"key":"Boot"},{"floor":26,"key":"Eternal Feather"},{"floor":27,"key":"Shuriken"}],"event_choices":[{"cards_removed":["HollowMod:NailStrikeStart"],"damage_healed":0.0,"max_hp_gain":0.0,"max_hp_loss":0.0,"gold_gain":0.0,"event_name":"The Cleric","player_choice":"Card Removal","floor":2.0,"gold_loss":50.0,"damage_taken":0.0},{"damage_healed":0,"gold_gain":0,"player_choice":"Ignored","damage_taken":0,"max_hp_gain":0,"max_hp_loss":0,"event_name":"NoteForYourself","floor":4,"gold_loss":0},{"damage_healed":0,"gold_gain":0,"player_choice":"Success","damage_taken":3,"relics_obtained":["Anchor"],"max_hp_gain":0,"max_hp_loss":0,"event_name":"Scrap Ooze","floor":11,"gold_loss":0}],"is_beta":false,"boss_relics":[{"not_picked":["Pandora\u0027s Box","Coffee Dripper"],"picked":"Cursed Key"},{"not_picked":["Tiny House","Black Star"],"picked":"Empty Cage"}],"items_purged_floors":[20,28],"is_endless":false,"potions_floor_spawned":[5,13,16,18,25,30],"killed_by":"3 Darklings","ascension_level":0}}