{"host":"pqhwp6kmk3x070f7","time":1613536841,"event":{"mods":["Act Like it!","BaseMod","Better Altar","Better Match","Better Note","Better Sensory Stone","Better Skull","Better Third Choice","Downfall","Ekko","Energized Spire","Hermit","Hubris","Infinite Spire","Jorbs\u0027s Wanderer Trilogy","Minty Spire (QoL Compilation)","Reliquary","Replay The Spire","Ruina","StSLib","The Administrix","The Elementalist","The Marked"],"gold_per_floor":[112,125,125,139,154,154,183,358,358,358,376,87,87,103,103,208,208,208],"floor_reached":17,"language":"ENG","playtime":1629,"items_purged":[],"score":157,"play_id":"bf1e3b3d-10b2-4788-ae7b-efe3d208b319","local_time":"20210216204041","is_ascension_mode":false,"campfire_choices":[{"data":"ekkoTheBoyWhoShatteredTime:PulsefirePooling","floor":6,"key":"SMITH"},{"floor":10,"key":"REST"},{"floor":13,"key":"REST"},{"floor":15,"key":"REST"}],"circlet_count":0,"master_deck":["ekkoTheBoyWhoShatteredTime:Strike","ekkoTheBoyWhoShatteredTime:Strike","ekkoTheBoyWhoShatteredTime:Strike","ekkoTheBoyWhoShatteredTime:Strike","ekkoTheBoyWhoShatteredTime:Strike","ekkoTheBoyWhoShatteredTime:Defend","ekkoTheBoyWhoShatteredTime:Defend","ekkoTheBoyWhoShatteredTime:Defend","ekkoTheBoyWhoShatteredTime:Defend","ekkoTheBoyWhoShatteredTime:TimeMaster","ekkoTheBoyWhoShatteredTime:Powered","ekkoTheBoyWhoShatteredTime:CalmingWaves","ekkoTheBoyWhoShatteredTime:Resocharge","Pain","ekkoTheBoyWhoShatteredTime:ItemsAfterimage","ekkoTheBoyWhoShatteredTime:PulsefirePooling+1","Doubt","ekkoTheBoyWhoShatteredTime:URF","ReplayTheSpireMod:Brewmster","Mayhem","ReplayTheSpireMod:Brewmster","Replay:BasicMightCard","ekkoTheBoyWhoShatteredTime:ProjectPreference"],"relics":["ekkoTheBoyWhoShatteredTime:zDriveResonance","NeowsBlessing","WarpedTongs","Pantograph","hubris:SphereOfDissonance","ReplayTheSpireMod:ShopPack","energizedSpire:StickyHand"],"acts_visited":["Exordium","TheCity"],"potions_floor_usage":[5,11,14,16,16,16,16,16,16,16,16],"damage_taken":[{"damage":0,"enemies":"Jaw Worm","floor":1,"turns":1},{"damage":0,"enemies":"Cultist","floor":2,"turns":1},{"damage":0,"enemies":"infinitespire:Voidling","floor":4,"turns":1},{"damage":17,"enemies":"Exordium Wildlife","floor":5,"turns":5},{"damage":35,"enemies":"Lagavulin","floor":7,"turns":10},{"damage":19,"enemies":"Large Slime","floor":11,"turns":8},{"damage":13,"enemies":"Looter","floor":14,"turns":3},{"damage":52,"enemies":"Slime Boss","floor":16,"turns":8}],"seed_played":"-4697263791299801498","potions_obtained":[{"floor":2,"key":"AttackPotion"},{"floor":7,"key":"Swift Potion"}],"is_trial":false,"path_per_floor":["M","M","?","M","M","R","E","?","T","R","M","$","R","M","R","B",null],"character_chosen":"EKKO_THE_BOY_WHO_SHATTERED_TIME","items_purchased":["ReplayTheSpireMod:Brewmster","ReplayTheSpireMod:ShopPack"],"campfire_rested":3,"item_purchase_floors":[12,12],"current_hp_per_floor":[78,78,78,78,61,61,26,26,26,49,30,30,53,40,63,26,78,78],"gold":208,"neow_bonus":"THREE_ENEMY_KILL","is_daily":false,"chose_seed":false,"campfire_upgraded":1,"win_rate":0.0,"timestamp":1613536841,"path_taken":["M","M","?","?","?","R","E","?","T","R","M","$","R","M","R","BOSS"],"items_purchased_type":["Card","Relic"],"build_version":"2020-12-22","purchased_purges":0,"victory":false,"max_hp_per_floor":[78,78,78,78,78,78,78,78,78,78,78,78,78,78,78,78,78,78],"card_choices":[{"not_picked":["ekkoTheBoyWhoShatteredTime:NaggingBlow","ekkoTheBoyWhoShatteredTime:FeelIt"],"picked":"ekkoTheBoyWhoShatteredTime:CalmingWaves","floor":1},{"not_picked":["ekkoTheBoyWhoShatteredTime:Dash","ekkoTheBoyWhoShatteredTime:AfterimageBait"],"picked":"ekkoTheBoyWhoShatteredTime:Resocharge","floor":2},{"not_picked":["ekkoTheBoyWhoShatteredTime:AfterimageBait","ekkoTheBoyWhoShatteredTime:QuickBreak"],"picked":"ekkoTheBoyWhoShatteredTime:ItemsAfterimage","floor":4},{"not_picked":["ekkoTheBoyWhoShatteredTime:FeelIt","ekkoTheBoyWhoShatteredTime:PlayTheBeat"],"picked":"ekkoTheBoyWhoShatteredTime:PulsefirePooling","floor":5},{"not_picked":["ekkoTheBoyWhoShatteredTime:Greed","ekkoTheBoyWhoShatteredTime:AfterimageBait","ekkoTheBoyWhoShatteredTime:NaggingBlow"],"picked":"SKIP","floor":7},{"not_picked":["ekkoTheBoyWhoShatteredTime:KneeNSwordCombo","ekkoTheBoyWhoShatteredTime:QuickBreak"],"picked":"ekkoTheBoyWhoShatteredTime:URF","floor":11},{"not_picked":["Secret Weapon","Chrysalis"],"picked":"Mayhem","floor":12},{"not_picked":["Transmutation","Flash of Steel"],"picked":"ReplayTheSpireMod:Brewmster","floor":12},{"not_picked":["Jack Of All Trades","Good Instincts"],"picked":"Replay:BasicMightCard","floor":12},{"not_picked":["ekkoTheBoyWhoShatteredTime:QuickBreak","ekkoTheBoyWhoShatteredTime:CalmingWaves","ekkoTheBoyWhoShatteredTime:WideSlice"],"picked":"SKIP","floor":14},{"not_picked":["ekkoTheBoyWhoShatteredTime:TrickOrTreatTrend","ekkoTheBoyWhoShatteredTime:OverloadingWeapon"],"picked":"ekkoTheBoyWhoShatteredTime:ProjectPreference","floor":16}],"player_experience":1607129,"relics_obtained":[{"floor":7,"key":"Pantograph"},{"floor":9,"key":"hubris:SphereOfDissonance"}],"event_choices":[{"damage_healed":0,"gold_gain":0,"player_choice":"Rummage","damage_taken":0,"relics_obtained":["WarpedTongs"],"max_hp_gain":0,"max_hp_loss":0,"event_name":"Accursed Blacksmith","floor":3,"gold_loss":0,"cards_obtained":["Pain"]},{"damage_healed":0,"gold_gain":175,"player_choice":"AGREE","damage_taken":183,"max_hp_gain":0,"max_hp_loss":0,"event_name":"betterThird:BetterSerpent","floor":8,"gold_loss":0}],"is_beta":false,"boss_relics":[{"not_picked":["ekkoTheBoyWhoShatteredTime:zDriveSKT","hubris:GrandSneckoEye"],"picked":"energizedSpire:StickyHand"}],"items_purged_floors":[],"is_endless":false,"potions_floor_spawned":[2,7,11,16],"ascension_level":0}}