{"host":"q6ff4ns2kep02ti6","time":1613573899,"event":{"mods":["AchievementEnabler","BaseMod","Minty Spire (QoL Compilation)","Relic Stats","StSLib","Unceasing Turn Reminder"],"gold_per_floor":[110,110,126,144,163,198,72,72,97,115,115,130,130,165,165,239,239,257,271,271,283,302,327,342,342,342],"floor_reached":25,"language":"ENG","playtime":2594,"items_purged":["Strike_R"],"score":524,"play_id":"285f22a0-0011-4260-9044-941a43a48c7c","local_time":"20210217155819","is_ascension_mode":true,"campfire_choices":[{"floor":8,"key":"REST"},{"data":"Uppercut","floor":11,"key":"SMITH"},{"data":"Hemokinesis","floor":13,"key":"SMITH"},{"floor":15,"key":"REST"}],"circlet_count":0,"master_deck":["AscendersBane","Strike_R","Defend_R","Defend_R","Defend_R","Bash","Dark Embrace+1","Exhume+1","Offering+1","Thunderclap","Hemokinesis+1","Sword Boomerang","Uppercut+1","Pommel Strike","Intimidate","True Grit","Shrug It Off","Spot Weakness","Pummel","Fiend Fire","Rupture+1","Exhume","Uppercut+1","Double Tap"],"relics":["Art of War","Boot","Blood Vial","Snecko Eye","Nloth\u0027s Gift","Nunchaku"],"acts_visited":["Exordium","TheCity"],"potions_floor_usage":[16,16,23,24],"damage_taken":[{"damage":11,"enemies":"Small Slimes","floor":1,"turns":6},{"damage":10,"enemies":"Jaw Worm","floor":3,"turns":2},{"damage":3,"enemies":"Cultist","floor":4,"turns":3},{"damage":14,"enemies":"Red Slaver","floor":5,"turns":1},{"damage":10,"enemies":"Gremlin Nob","floor":6,"turns":2},{"damage":8,"enemies":"Exordium Thugs","floor":10,"turns":3},{"damage":14,"enemies":"3 Louse","floor":12,"turns":4},{"damage":15,"enemies":"Lagavulin","floor":14,"turns":5},{"damage":21,"enemies":"Hexaghost","floor":16,"turns":7},{"damage":2,"enemies":"Chosen","floor":18,"turns":2},{"damage":9,"enemies":"2 Thieves","floor":19,"turns":3},{"damage":8,"enemies":"Chosen and Byrds","floor":21,"turns":2},{"damage":13,"enemies":"Snecko","floor":22,"turns":4},{"damage":16,"enemies":"Slavers","floor":23,"turns":5},{"damage":29,"enemies":"Shelled Parasite and Fungi","floor":24,"turns":4},{"damage":15,"enemies":"Book of Stabbing","floor":25,"turns":4}],"seed_played":"7595003258592049968","potions_obtained":[{"floor":4,"key":"LiquidMemories"},{"floor":6,"key":"EssenceOfSteel"},{"floor":12,"key":"DuplicationPotion"},{"floor":16,"key":"EssenceOfSteel"},{"floor":19,"key":"ElixirPotion"},{"floor":22,"key":"BloodPotion"}],"is_trial":false,"path_per_floor":["M","?","M","M","M","E","$","R","T","M","R","M","R","E","R","B",null,"M","M","?","M","M","E","M","E"],"character_chosen":"IRONCLAD","items_purchased":["True Grit"],"campfire_rested":2,"item_purchase_floors":[7],"current_hp_per_floor":[57,57,47,44,30,20,20,42,42,34,34,20,20,5,27,8,58,58,51,51,45,34,20,8,0,0],"gold":342,"neow_bonus":"BOSS_RELIC","is_daily":false,"chose_seed":false,"campfire_upgraded":2,"win_rate":0.0,"timestamp":1613573899,"path_taken":["M","?","M","M","M","E","?","R","T","M","R","M","R","E","R","BOSS","M","M","?","M","M","E","M","E"],"items_purchased_type":["Card"],"build_version":"2020-12-22","purchased_purges":1,"victory":false,"max_hp_per_floor":[75,75,75,75,75,75,75,75,75,75,75,75,75,75,75,75,75,75,75,75,75,75,75,75,75,75],"relic_stats":{"Blood Vial":16,"Nunchaku":[1],"counters":[16,57],"Snecko Eye":[47,52,45,57],"Art of War":[4],"Nloth\u0027s Gift":2,"Boot":[92],"obtain_stats":[{"Blood Vial":14,"Nunchaku":23,"Astrolabe":0,"Snecko Eye":17,"Art of War":6,"Nloth\u0027s Gift":20,"Boot":9,"Burning Blood":0},{"Blood Vial":8,"Nunchaku":14,"Astrolabe":0,"Snecko Eye":9,"Art of War":5,"Nloth\u0027s Gift":11,"Boot":5,"Burning Blood":0},{"Blood Vial":26,"Nunchaku":49,"Astrolabe":0,"Snecko Eye":33,"Art of War":14,"Nloth\u0027s Gift":38,"Boot":14,"Burning Blood":0}]},"card_choices":[{"not_picked":["Heavy Blade","True Grit"],"picked":"Thunderclap","floor":1},{"not_picked":["Armaments","Wild Strike"],"picked":"Sword Boomerang","floor":3},{"not_picked":["Twin Strike","Sever Soul"],"picked":"Uppercut","floor":4},{"not_picked":["Thunderclap","Anger"],"picked":"Pommel Strike","floor":5},{"not_picked":["Exhume","Whirlwind"],"picked":"Intimidate","floor":6},{"not_picked":["Clothesline","Headbutt"],"picked":"Shrug It Off","floor":10},{"not_picked":["Warcry","Anger"],"picked":"Spot Weakness","floor":12},{"not_picked":["Iron Wave","Heavy Blade"],"picked":"Pummel","floor":14},{"not_picked":["Exhume","Barricade"],"picked":"Fiend Fire","floor":16},{"not_picked":["Body Slam","Headbutt","Heavy Blade"],"picked":"SKIP","floor":18},{"not_picked":["Pommel Strike","Anger"],"picked":"Rupture+1","floor":19},{"not_picked":["True Grit","Battle Trance"],"picked":"Exhume","floor":21},{"not_picked":["Perfected Strike","Clash+1"],"picked":"Uppercut+1","floor":22},{"not_picked":["Shrug It Off","Pommel Strike"],"picked":"Double Tap","floor":23},{"not_picked":["Thunderclap","Anger+1","Havoc"],"picked":"SKIP","floor":24}],"player_experience":1065917,"relics_obtained":[{"floor":6,"key":"Art of War"},{"floor":9,"key":"Boot"},{"floor":14,"key":"Blood Vial"},{"floor":23,"key":"Nunchaku"}],"event_choices":[{"damage_healed":0,"gold_gain":0,"cards_transformed":["Defend_R"],"player_choice":"Change","damage_taken":0,"max_hp_gain":0,"max_hp_loss":0,"event_name":"Living Wall","floor":2,"gold_loss":0,"cards_obtained":["Hemokinesis"]},{"damage_healed":0,"gold_gain":0,"player_choice":"Traded Relic","damage_taken":0,"relics_obtained":["Nloth\u0027s Gift"],"max_hp_gain":0,"max_hp_loss":0,"event_name":"N\u0027loth","floor":20,"relics_lost":["Astrolabe"],"gold_loss":0}],"is_beta":false,"boss_relics":[{"not_picked":["Sozu","Ectoplasm"],"picked":"Snecko Eye"}],"items_purged_floors":[7],"is_endless":false,"potions_floor_spawned":[4,6,12,14,16,19,22],"killed_by":"Book of Stabbing","ascension_level":20}}