{"host":"md5cvv9kqfkr27d4","time":1613546446,"event":{"mods":["BaseMod","Minty Spire (QoL Compilation)","StSLib","The Cursed"],"gold_per_floor":[128,155,180,208,220,232,257,302,339,351,381,393,405,451,463,575,587,611,640,279,289,309,309,340,82,82,82,82,112,123,143,143,246,246,262,274,328,167,167,202,212,20,74,106,106,106,133,147,147,147,147,147,20,46,46,46],"floor_reached":55,"language":"ZHS","playtime":8469,"items_purged":["TheCursedMod:Strike_TheCursed","TheCursedMod:Strike_TheCursed","TheCursedMod:Defend_TheCursed","TheCursedMod:Defend_TheCursed+1","TheCursedMod:Strike_TheCursed"],"score":834,"play_id":"a50c75e1-f5a0-47ed-94aa-41de9a180477","local_time":"20210217152046","is_ascension_mode":false,"campfire_choices":[{"floor":6.0,"key":"RECALL"},{"data":"TheCursedMod:CircleOfAbyss","floor":12.0,"key":"SMITH"},{"data":"TheCursedMod:FleshFromBone","floor":15.0,"key":"SMITH"},{"data":"TheCursedMod:CollectTribute","floor":23.0,"key":"SMITH"},{"floor":28.0,"key":"REST"},{"floor":32.0,"key":"REST"},{"data":"TheCursedMod:DarkBarrier","floor":49.0,"key":"SMITH"},{"data":"TheCursedMod:VoidForm","floor":52.0,"key":"SMITH"}],"circlet_count":0,"master_deck":["TheCursedMod:Strike_TheCursed","TheCursedMod:Defend_TheCursed","TheCursedMod:CursedWand","TheCursedMod:CleanUpWorkshop","TheCursedMod:Dregs","TheCursedMod:WearCloak","TheCursedMod:WearCloak","TheCursedMod:SoulReap","TheCursedMod:WearCloak","TheCursedMod:CursedShiv","TheCursedMod:AshesToAshes+1","Regret","TheCursedMod:CircleOfAbyss+1","TheCursedMod:FleshFromBone+1","TheCursedMod:VoidForm+1","TheCursedMod:CursedShiv","TheCursedMod:Obscuration","TheCursedMod:CollectTribute+1","TheCursedMod:DemonSword","TheCursedMod:Obscuration+1","TheCursedMod:SurpriseAttack","TheCursedMod:TroublousMinions+1","TheCursedMod:Obscuration","TheCursedMod:HellsGateOpen","RitualDagger","TheCursedMod:HellfireBreathing","TheCursedMod:SpitefulPlan+1","TheCursedMod:Neurasthenia","TheCursedMod:FleshFromBone","TheCursedMod:RapidMovement+1","TheCursedMod:Stretching+1","TheCursedMod:LuckyCharm","Blind","TheCursedMod:SpitefulStrike+1","TheCursedMod:Stretching","TheCursedMod:Evocation","TheCursedMod:HellfireBreathing","TheCursedMod:SmokeScreen","TheCursedMod:DarkBarrier+1","TheCursedMod:Torture+1","TheCursedMod:RapidMovement+1"],"relics":["TheCursedMod:BlackMagic101","MawBank","Smiling Mask","Pen Nib","Sundial","PreservedInsect","TheCursedMod:OminousMark","War Paint","Membership Card","Omamori","Oddly Smooth Stone","Philosopher\u0027s Stone","Ice Cream","Bronze Scales","Nunchaku","Sling","Boot","TheCursedMod:SoulVessel","Centennial Puzzle","Medical Kit","Incense Burner"],"acts_visited":["Exordium","TheCity","TheBeyond","TheEnding"],"potions_floor_usage":[],"damage_taken":[{"damage":0.0,"enemies":"Small Slimes","floor":1.0,"turns":4.0},{"damage":1.0,"enemies":"Jaw Worm","floor":2.0,"turns":6.0},{"damage":3.0,"enemies":"Cultist","floor":3.0,"turns":5.0},{"damage":0.0,"enemies":"2 Fungi Beasts","floor":4.0,"turns":4.0},{"damage":0.0,"enemies":"Large Slime","floor":7.0,"turns":7.0},{"damage":16.0,"enemies":"3 Sentries","floor":8.0,"turns":17.0},{"damage":0.0,"enemies":"Blue Slaver","floor":11.0,"turns":4.0},{"damage":14.0,"enemies":"Lagavulin","floor":14.0,"turns":10.0},{"damage":20.0,"enemies":"The Guardian","floor":16.0,"turns":19.0},{"damage":16.0,"enemies":"Chosen","floor":18.0,"turns":6.0},{"damage":17.0,"enemies":"2 Thieves","floor":19.0,"turns":4.0},{"damage":36.0,"enemies":"Snecko","floor":21.0,"turns":7.0},{"damage":22.0,"enemies":"Snake Plant","floor":22.0,"turns":5.0},{"damage":13.0,"enemies":"Book of Stabbing","floor":24.0,"turns":5.0},{"damage":19.0,"enemies":"Slavers","floor":29.0,"turns":6.0},{"damage":12.0,"enemies":"Shelled Parasite and Fungi","floor":30.0,"turns":6.0},{"damage":18.0,"enemies":"Cultist and Chosen","floor":31.0,"turns":5.0},{"damage":13.0,"enemies":"Collector","floor":33.0,"turns":9.0},{"damage":21.0,"enemies":"3 Shapes","floor":35.0,"turns":5.0},{"damage":2.0,"enemies":"3 Darklings","floor":36.0,"turns":5.0},{"damage":48.0,"enemies":"2 Orb Walkers","floor":37.0,"turns":7.0},{"damage":0.0,"enemies":"Reptomancer","floor":40.0,"turns":7.0},{"damage":5.0,"enemies":"Maw","floor":41.0,"turns":6.0},{"damage":25.0,"enemies":"Giant Head","floor":44.0,"turns":7.0},{"damage":0.0,"enemies":"Jaw Worm Horde","floor":46.0,"turns":1.0},{"damage":43.0,"enemies":"Reptomancer","floor":47.0,"turns":6.0},{"damage":0.0,"enemies":"Transient","floor":48.0,"turns":5.0},{"damage":31.0,"enemies":"Awakened One","floor":50.0,"turns":12.0},{"damage":38.0,"enemies":"Shield and Spear","floor":54.0,"turns":5.0},{"damage":47,"enemies":"The Heart","floor":55,"turns":5}],"seed_played":"5797362600241274172","potions_obtained":[{"floor":1.0,"key":"SteroidPotion"},{"floor":2.0,"key":"FearPotion"},{"floor":3.0,"key":"Strength Potion"},{"floor":11.0,"key":"Explosive Potion"},{"floor":14.0,"key":"Explosive Potion"},{"floor":16.0,"key":"Dexterity Potion"},{"floor":18.0,"key":"Regen Potion"},{"floor":22.0,"key":"EntropicBrew"},{"floor":29.0,"key":"SkillPotion"},{"floor":31.0,"key":"Block Potion"},{"floor":35.0,"key":"Dexterity Potion"},{"floor":37.0,"key":"SkillPotion"}],"is_trial":false,"path_per_floor":["M","M","M","M","?","R","M","E","T","?","M","R","T","E","R","B",null,"M","M","$","M","M","R","E","$","T","?","R","E","M","M","R","B",null,"M","M","?","$","?","E","M","$","T","E","?","M","E","M","R","B",null,"R","$","E","B"],"character_chosen":"THE_CURSED","items_purchased":["TheCursedMod:CollectTribute","TheCursedMod:DemonSword","Membership Card","TheCursedMod:Obscuration","TheCursedMod:HellsGateOpen","TheCursedMod:LuckyCharm","Bronze Scales","Sling","TheCursedMod:Evocation","TheCursedMod:HellfireBreathing","Medical Kit"],"campfire_rested":2,"item_purchase_floors":[20,20,25,25,25,38,38,42,42,42,53],"current_hp_per_floor":[75,74,71,75,68,68,73,62,62,62,62,62,62,53,53,43,75,59,51,51,43,31,31,18,18,18,12,34,27,22,9,31,31,75,54,57,14,14,14,21,38,38,38,25,66,66,45,62,62,66,66,66,66,38,0,0],"gold":46,"neow_bonus":"RANDOM_COMMON_RELIC","is_daily":false,"chose_seed":false,"campfire_upgraded":5,"win_rate":0.0,"timestamp":1613546446,"path_taken":["M","M","M","M","?","R","M","E","T","?","M","R","?","E","R","BOSS","M","M","$","M","?","R","E","$","T","?","R","E","M","M","R","BOSS","M","M","?","$","?","E","M","$","T","E","?","M","E","M","R","BOSS","R","$","E","BOSS"],"items_purchased_type":["Card","Card","Relic","Card","Card","Card","Relic","Relic","Card","Card","Relic"],"build_version":"2020-12-22","purchased_purges":5,"victory":false,"max_hp_per_floor":[75,75,75,75,75,75,75,75,75,75,75,75,75,75,75,75,75,75,75,75,75,75,75,75,75,75,75,75,75,75,75,75,75,75,75,75,75,75,75,75,75,75,75,75,66,66,66,66,66,66,66,66,66,66,66,66],"card_choices":[{"not_picked":["TheCursedMod:ManaBullet","TheCursedMod:CursedAmulet"],"picked":"TheCursedMod:WearCloak","floor":1.0},{"not_picked":["TheCursedMod:CircleOfWindfury","TheCursedMod:RavingStaff"],"picked":"TheCursedMod:WearCloak","floor":2.0},{"not_picked":["TheCursedMod:CursedArmor","TheCursedMod:BloodBarrier"],"picked":"TheCursedMod:SoulReap","floor":3.0},{"not_picked":["TheCursedMod:RapidMovement","TheCursedMod:CursedArmor"],"picked":"TheCursedMod:WearCloak","floor":4.0},{"not_picked":["TheCursedMod:CursedAmulet","TheCursedMod:FuryStrike"],"picked":"TheCursedMod:CursedShiv","floor":7.0},{"not_picked":["TheCursedMod:DoubleShield","TheCursedMod:PrepareRite"],"picked":"TheCursedMod:AshesToAshes","floor":8.0},{"not_picked":["TheCursedMod:CursedBlade","TheCursedMod:CursedAmulet"],"picked":"TheCursedMod:CircleOfAbyss","floor":11.0},{"not_picked":["TheCursedMod:ManaBullet","TheCursedMod:BloodBarrier"],"picked":"TheCursedMod:FleshFromBone","floor":14.0},{"not_picked":["TheCursedMod:DarkBarrier","TheCursedMod:UltimatePain"],"picked":"TheCursedMod:VoidForm","floor":16.0},{"not_picked":["TheCursedMod:Stigma+1","TheCursedMod:PrepareRite"],"picked":"TheCursedMod:CursedShiv","floor":18.0},{"not_picked":["TheCursedMod:VitalStrike","TheCursedMod:SpreadPlague"],"picked":"TheCursedMod:Obscuration","floor":19.0},{"not_picked":["TheCursedMod:Stretching","TheCursedMod:VitalStrike"],"picked":"TheCursedMod:Obscuration+1","floor":21.0},{"not_picked":["TheCursedMod:VitalStrike","TheCursedMod:CursedMace+1"],"picked":"TheCursedMod:SurpriseAttack","floor":22.0},{"not_picked":["TheCursedMod:UltimatePain","TheCursedMod:HellsGateOpen"],"picked":"TheCursedMod:TroublousMinions+1","floor":24.0},{"not_picked":["TheCursedMod:Stretching","TheCursedMod:ReleasedKnowledge"],"picked":"TheCursedMod:HellfireBreathing","floor":29.0},{"not_picked":["TheCursedMod:Grudge+1","TheCursedMod:AshesToAshes+1"],"picked":"TheCursedMod:SpitefulPlan+1","floor":30.0},{"not_picked":["TheCursedMod:CursedShiv","TheCursedMod:SpitefulPray","TheCursedMod:VitalStrike+1"],"picked":"SKIP","floor":31.0},{"not_picked":["TheCursedMod:VoidForm","TheCursedMod:CollectTribute"],"picked":"TheCursedMod:Neurasthenia","floor":33.0},{"not_picked":["TheCursedMod:TacticalStrike+1","TheCursedMod:CircleOfCorruption"],"picked":"TheCursedMod:FleshFromBone","floor":35.0},{"not_picked":["TheCursedMod:SpitefulPray","TheCursedMod:CursedShiv"],"picked":"TheCursedMod:RapidMovement+1","floor":36.0},{"not_picked":["TheCursedMod:Wield+1","TheCursedMod:CursedMace"],"picked":"TheCursedMod:Stretching+1","floor":37.0},{"not_picked":["Jack Of All Trades","Mind Blast"],"picked":"Blind","floor":39.0},{"not_picked":["TheCursedMod:BloodBarrier+1","TheCursedMod:Stretching"],"picked":"TheCursedMod:SpitefulStrike+1","floor":40.0},{"not_picked":["TheCursedMod:FuryStrike","TheCursedMod:CursedArmor+1"],"picked":"TheCursedMod:Stretching","floor":41.0},{"not_picked":["TheCursedMod:SpreadPlague+1","TheCursedMod:CircleOfWindfury"],"picked":"TheCursedMod:SmokeScreen","floor":44.0},{"not_picked":["TheCursedMod:VitalStrike","TheCursedMod:FleshFromBone+1"],"picked":"TheCursedMod:DarkBarrier","floor":47.0},{"not_picked":["TheCursedMod:CircleOfFlame+1","TheCursedMod:AbyssShockwave+1"],"picked":"TheCursedMod:Torture+1","floor":48.0},{"not_picked":["TheCursedMod:Stretching+1","TheCursedMod:SurpriseAttack+1"],"picked":"TheCursedMod:RapidMovement+1","floor":54.0}],"player_experience":227392,"relics_obtained":[{"floor":8.0,"key":"Smiling Mask"},{"floor":13.0,"key":"Sundial"},{"floor":14.0,"key":"PreservedInsect"},{"floor":24.0,"key":"War Paint"},{"floor":26.0,"key":"Omamori"},{"floor":29.0,"key":"Oddly Smooth Stone"},{"floor":37.0,"key":"Ice Cream"},{"floor":40.0,"key":"Nunchaku"},{"floor":43.0,"key":"Boot"},{"floor":44.0,"key":"TheCursedMod:SoulVessel"},{"floor":47.0,"key":"Centennial Puzzle"},{"floor":54.0,"key":"Incense Burner"}],"event_choices":[{"cards_removed":["TheCursedMod:Defend_TheCursed"],"damage_healed":0.0,"max_hp_gain":0.0,"max_hp_loss":0.0,"gold_gain":0.0,"event_name":"Golden Wing","player_choice":"Card Removal","floor":5.0,"gold_loss":0.0,"damage_taken":7.0},{"damage_healed":0.0,"max_hp_gain":0.0,"max_hp_loss":0.0,"gold_gain":0.0,"event_name":"Big Fish","player_choice":"Box","floor":10.0,"gold_loss":0.0,"damage_taken":0.0,"relics_obtained":["Pen Nib"],"cards_obtained":["Regret"]},{"damage_healed":0.0,"max_hp_gain":0.0,"max_hp_loss":0.0,"gold_gain":0.0,"event_name":"Nest","player_choice":"Joined the Cult","floor":27.0,"gold_loss":0.0,"damage_taken":6.0,"cards_obtained":["RitualDagger"]},{"damage_healed":0.0,"max_hp_gain":0.0,"max_hp_loss":0.0,"gold_gain":0.0,"event_name":"Mysterious Sphere","player_choice":"Fight","floor":37.0,"gold_loss":0.0,"damage_taken":0.0},{"damage_healed":0.0,"max_hp_gain":0.0,"max_hp_loss":0.0,"gold_gain":0.0,"event_name":"SensoryStone","player_choice":"Memory 1","floor":39.0,"gold_loss":0.0,"damage_taken":0.0},{"damage_healed":66.0,"max_hp_gain":0.0,"max_hp_loss":9.0,"gold_gain":0.0,"event_name":"The Moai Head","player_choice":"Heal","floor":45.0,"gold_loss":0.0,"damage_taken":0.0}],"is_beta":false,"boss_relics":[{"not_picked":["SacredBark","Pandora\u0027s Box"],"picked":"TheCursedMod:OminousMark"},{"not_picked":["Black Star","Snecko Eye"],"picked":"Philosopher\u0027s Stone"}],"items_purged_floors":[20,25,38,42,53],"is_endless":false,"potions_floor_spawned":[1,2,3,11,14,16,18,22,29,31,35,37,46],"killed_by":"The Heart","ascension_level":0}}