{"host":"3syfdf73vqzvzpwj","time":1613598109,"event":{"mods":["AchievementEnabler","BaseMod","Colored Map","Minty Spire (QoL Compilation)","everything is the same but u backflip on backflip"],"gold_per_floor":[116,135,135,135,135,169,169,169,169,169,203,219,294,328,328,425,425,443,463,463,87,87,113,113,146,222,235,235,246,262,294,294,398,448,465,365,382,398,87,115,168,201,227,227,258,258,277,291,291,291],"floor_reached":51,"language":"KOR","playtime":1230,"items_purged":["Decay","Pain"],"score":1153,"play_id":"870f7171-e10e-488d-8ea9-16be67fc9955","local_time":"20210218064149","is_ascension_mode":true,"campfire_choices":[{"data":"Perfected Strike","floor":7.0,"key":"SMITH"},{"floor":10.0,"key":"REST"},{"data":"Shockwave","floor":15.0,"key":"SMITH"},{"floor":24.0,"key":"REST"},{"floor":28.0,"key":"REST"},{"floor":32.0,"key":"REST"},{"floor":46,"key":"REST"},{"floor":49,"key":"DIG"}],"circlet_count":0,"master_deck":["Strike_R","Strike_R","Strike_R","Strike_R","Strike_R","Defend_R","Defend_R","Defend_R+1","Perfected Strike+1","Perfected Strike+1","Thunderclap+1","Wild Strike+1","Shockwave+1","Immolate","Twin Strike+1","Wild Strike","Wild Strike+1","Flex+1","Bloodletting+1","Wild Strike+1","Offering+1","Berserk","Uppercut","Twin Strike+1","Wild Strike","Rage+1","Injury","Writhe","Twin Strike","Wild Strike"],"relics":["Cursed Key","Paper Frog","Darkstone Periapt","Nunchaku","White Beast Statue","Black Star","FossilizedHelix","Ice Cream","Ginger","Ancient Tea Set","Akabeko","Toxic Egg 2","StoneCalendar","Whetstone","Tiny House","PreservedInsect","HandDrill","Dream Catcher","Smiling Mask","Shovel","MealTicket","Bag of Preparation","Happy Flower","Frozen Egg 2","Toy Ornithopter"],"acts_visited":["Exordium","TheCity","TheBeyond"],"potions_floor_usage":[42,50,50,50],"damage_taken":[{"damage":1.0,"enemies":"Cultist","floor":1.0,"turns":3.0},{"damage":9.0,"enemies":"2 Louse","floor":2.0,"turns":2.0},{"damage":14.0,"enemies":"Lagavulin","floor":6.0,"turns":4.0},{"damage":0.0,"enemies":"Gremlin Nob","floor":11.0,"turns":2.0},{"damage":0.0,"enemies":"Small Slimes","floor":12.0,"turns":1.0},{"damage":9.0,"enemies":"Lagavulin","floor":14.0,"turns":3.0},{"damage":15.0,"enemies":"The Guardian","floor":16.0,"turns":5.0},{"damage":0.0,"enemies":"Chosen","floor":18.0,"turns":3.0},{"damage":16.0,"enemies":"Shell Parasite","floor":19.0,"turns":3.0},{"damage":21.0,"enemies":"Book of Stabbing","floor":23.0,"turns":3.0},{"damage":14.0,"enemies":"Slavers","floor":25.0,"turns":3.0},{"damage":0.0,"enemies":"Snecko","floor":27.0,"turns":2.0},{"damage":1.0,"enemies":"Cultist and Chosen","floor":29.0,"turns":2.0},{"damage":3.0,"enemies":"Centurion and Healer","floor":30.0,"turns":4.0},{"damage":26.0,"enemies":"Book of Stabbing","floor":31.0,"turns":3.0},{"damage":63.0,"enemies":"Champ","floor":33.0,"turns":6.0},{"damage":17.0,"enemies":"3 Shapes","floor":35.0,"turns":3.0},{"damage":0.0,"enemies":"Orb Walker","floor":37.0,"turns":2.0},{"damage":13.0,"enemies":"Spire Growth","floor":38.0,"turns":4.0},{"damage":13.0,"enemies":"Giant Head","floor":40.0,"turns":3.0},{"damage":41.0,"enemies":"2 Orb Walkers","floor":41.0,"turns":3.0},{"damage":22,"enemies":"Reptomancer","floor":42,"turns":3},{"damage":0,"enemies":"Giant Head","floor":45,"turns":2},{"damage":9,"enemies":"Writhing Mass","floor":47,"turns":2},{"damage":0,"enemies":"Jaw Worm Horde","floor":48,"turns":2},{"damage":75,"enemies":"Time Eater","floor":50,"turns":5}],"seed_played":"579708545530259759","potions_obtained":[{"floor":1.0,"key":"Energy Potion"},{"floor":11.0,"key":"EssenceOfSteel"},{"floor":12.0,"key":"CultistPotion"},{"floor":16.0,"key":"Explosive Potion"},{"floor":18.0,"key":"Ancient Potion"},{"floor":19.0,"key":"SkillPotion"},{"floor":23.0,"key":"AttackPotion"},{"floor":25.0,"key":"SteroidPotion"},{"floor":27.0,"key":"PowerPotion"},{"floor":30.0,"key":"FairyPotion"},{"floor":31.0,"key":"Block Potion"},{"floor":33.0,"key":"FairyPotion"},{"floor":34.0,"key":"LiquidBronze"},{"floor":40.0,"key":"GamblersBrew"},{"floor":41.0,"key":"ColorlessPotion"},{"floor":42,"key":"Energy Potion"},{"floor":45,"key":"SteroidPotion"},{"floor":47,"key":"Strength Potion"}],"is_trial":false,"path_per_floor":["M","M","?","?","?","E","R","?","T","R","E","M","?","E","R","B",null,"M","M","?","$","?","E","R","E","T","M","R","M","M","E","R","B",null,"M","$","M","M","$","E","?","E","T","?","E","R","M","M","R","B",null],"character_chosen":"IRONCLAD","items_purchased":["FossilizedHelix","PreservedInsect","HandDrill"],"campfire_rested":5,"item_purchase_floors":[21,39,39],"current_hp_per_floor":[79,70,54,54,54,40,40,40,40,64,64,64,53,44,44,29,80,80,64,64,64,64,43,67,53,59,59,84,83,80,54,79,16,91,74,74,74,61,61,48,7,15,21,51,51,81,72,72,72,12],"gold":291,"neow_bonus":"BOSS_RELIC","is_daily":false,"chose_seed":false,"campfire_upgraded":2,"win_rate":0.0,"timestamp":1613598109,"path_taken":["M","M","?","?","?","E","R","?","T","R","E","?","?","E","R","BOSS","M","M","?","$","?","E","R","E","T","M","R","M","M","E","R","BOSS","M","$","M","M","$","E","?","E","T","?","E","R","M","M","R","BOSS"],"items_purchased_type":["Relic","Relic","Relic"],"build_version":"2020-12-22","purchased_purges":2,"victory":true,"max_hp_per_floor":[80,80,80,80,80,80,80,80,80,80,80,80,80,80,80,80,80,80,80,80,80,80,80,80,80,86,86,86,86,86,86,86,86,91,91,91,91,91,91,91,91,91,97,103,103,103,103,103,103,103],"card_choices":[{"not_picked":["Armaments","Havoc"],"picked":"Perfected Strike","floor":1.0},{"not_picked":["Burning Pact","Corruption"],"picked":"Perfected Strike","floor":2.0},{"not_picked":["Disarm","Havoc","Heavy Blade"],"picked":"SKIP","floor":6.0},{"not_picked":["Searing Blow","Warcry"],"picked":"Wild Strike","floor":11.0},{"not_picked":["Rupture","Shrug It Off"],"picked":"Shockwave","floor":12.0},{"not_picked":["Havoc","Ghostly Armor","Blood for Blood"],"picked":"SKIP","floor":14.0},{"not_picked":["Barricade","Berserk"],"picked":"Immolate","floor":16.0},{"not_picked":["Clash+1","True Grit"],"picked":"Twin Strike+1","floor":18.0},{"not_picked":["Havoc+1","Anger"],"picked":"Wild Strike","floor":19.0},{"not_picked":["Clash+1","Wild Strike"],"picked":"Flex+1","floor":23.0},{"not_picked":["Heavy Blade","Blood for Blood","Disarm"],"picked":"SKIP","floor":25.0},{"not_picked":["Sever Soul","Limit Break+1"],"picked":"Bloodletting+1","floor":27.0},{"not_picked":["Feel No Pain","Clash","Entrench+1"],"picked":"SKIP","floor":29.0},{"not_picked":["Iron Wave+1","Clothesline+1"],"picked":"Wild Strike+1","floor":30.0},{"not_picked":["Evolve","Combust"],"picked":"Offering+1","floor":31.0},{"not_picked":["Impervious+1","Fiend Fire"],"picked":"Berserk","floor":33.0},{"not_picked":["Carnage","Dropkick"],"picked":"Uppercut","floor":34.0},{"not_picked":["Heavy Blade","Clash+1"],"picked":"Twin Strike+1","floor":35.0},{"not_picked":["Second Wind+1","Intimidate+1"],"picked":"Wild Strike","floor":37.0},{"not_picked":["Anger","Clothesline+1"],"picked":"Rage+1","floor":38.0},{"not_picked":["Dropkick","Iron Wave","Clash+1"],"picked":"SKIP","floor":40.0},{"not_picked":["Headbutt+1","Second Wind+1","Shockwave+1"],"picked":"SKIP","floor":42},{"not_picked":["Immolate","Cleave","Fire Breathing+1"],"picked":"SKIP","floor":45},{"not_picked":["Thunderclap+1","Havoc+1"],"picked":"Twin Strike","floor":47},{"not_picked":["Carnage+1","Body Slam+1"],"picked":"Wild Strike","floor":48}],"player_experience":211422,"relics_obtained":[{"floor":6.0,"key":"Paper Frog"},{"floor":9.0,"key":"Darkstone Periapt"},{"floor":11.0,"key":"Nunchaku"},{"floor":14.0,"key":"White Beast Statue"},{"floor":23.0,"key":"Ice Cream"},{"floor":23.0,"key":"Ginger"},{"floor":25.0,"key":"Ancient Tea Set"},{"floor":25.0,"key":"Akabeko"},{"floor":26.0,"key":"Toxic Egg 2"},{"floor":31.0,"key":"StoneCalendar"},{"floor":31.0,"key":"Whetstone"},{"floor":40.0,"key":"Dream Catcher"},{"floor":40.0,"key":"Smiling Mask"},{"floor":41.0,"key":"Shovel"},{"floor":42,"key":"MealTicket"},{"floor":42,"key":"Bag of Preparation"},{"floor":45,"key":"Happy Flower"},{"floor":45,"key":"Frozen Egg 2"},{"floor":49,"key":"Toy Ornithopter"}],"event_choices":[{"damage_healed":0.0,"max_hp_gain":0.0,"max_hp_loss":0.0,"gold_gain":0.0,"event_name":"Shining Light","player_choice":"Entered Light","floor":3.0,"gold_loss":0.0,"damage_taken":16.0,"cards_upgraded":["Perfected Strike","Defend_R"]},{"cards_removed":["Defend_R"],"damage_healed":0.0,"max_hp_gain":0.0,"max_hp_loss":0.0,"gold_gain":0.0,"event_name":"Living Wall","player_choice":"Forget","floor":4.0,"gold_loss":0.0,"damage_taken":0.0},{"damage_healed":0.0,"max_hp_gain":0.0,"max_hp_loss":0.0,"gold_gain":0.0,"event_name":"Golden Wing","player_choice":"Ignored","floor":5.0,"gold_loss":0.0,"damage_taken":0.0},{"damage_healed":0.0,"max_hp_gain":0.0,"max_hp_loss":0.0,"gold_gain":0.0,"cards_transformed":["Bash"],"event_name":"Transmorgrifier","player_choice":"Transformed","floor":8.0,"gold_loss":0.0,"damage_taken":0.0,"cards_obtained":["Thunderclap"]},{"damage_healed":0.0,"max_hp_gain":0.0,"max_hp_loss":0.0,"gold_gain":75.0,"event_name":"World of Goop","player_choice":"Gather Gold","floor":13.0,"gold_loss":0.0,"damage_taken":11.0},{"damage_healed":0.0,"max_hp_gain":0.0,"max_hp_loss":0.0,"gold_gain":0.0,"event_name":"The Library","player_choice":"Read","floor":20.0,"gold_loss":0.0,"damage_taken":0.0,"cards_obtained":["Wild Strike"]},{"damage_healed":0.0,"max_hp_gain":0.0,"max_hp_loss":0.0,"gold_gain":0.0,"event_name":"Vampires","player_choice":"Ignored","floor":22.0,"gold_loss":0.0,"damage_taken":0.0},{"damage_healed":0.0,"max_hp_gain":0.0,"max_hp_loss":0.0,"gold_gain":0.0,"event_name":"Mysterious Sphere","player_choice":"Fight","floor":41.0,"gold_loss":0.0,"damage_taken":0.0},{"damage_healed":24,"gold_gain":0,"player_choice":"Writhe","damage_taken":0,"max_hp_gain":0,"max_hp_loss":0,"event_name":"Winding Halls","floor":44,"gold_loss":0,"cards_obtained":["Writhe"]}],"is_beta":false,"boss_relics":[{"not_picked":["Astrolabe","Empty Cage"],"picked":"Black Star"},{"not_picked":["Pandora\u0027s Box","SacredBark"],"picked":"Tiny House"}],"items_purged_floors":[21,36],"is_endless":false,"potions_floor_spawned":[1,11,12,16,18,19,23,25,27,29,30,31,33,35,37,38,40,41,42,45,47,48],"ascension_level":4}}