{"host":"Doisman","time":1613599742,"event":{"mods":["AchievementEnabler","BaseMod","Better Note","Curses Come First","Minty Spire (QoL Compilation)","Permanent Neow","Quick Restart","Relic Stats","Replay The Spire","StSLib","slay the spire mod where everything is the same but ironclad has a cowboy hat"],"gold_per_floor":[113,38,55,73,73,105,105,134,187,187,187,187,214,230,230,330,330,349,335,235,235,6,6,6],"floor_reached":23,"language":"ENG","playtime":720,"items_purged":["Strike_B","Pain","Strike_B"],"score":296,"play_id":"f086d3eb-96a5-466e-abba-9c1e1588becb","local_time":"20210217160902","is_ascension_mode":true,"campfire_choices":[{"data":"Rainbow","floor":7,"key":"SMITH"},{"data":"Creative AI","floor":11,"key":"SMITH"},{"data":"Defragment","floor":15,"key":"SMITH"}],"circlet_count":0,"master_deck":["Strike_B","Strike_B","Defend_B","Defend_B","Defend_B","Zap","Dualcast","Glacier","Rainbow+1","Defragment+1","Creative AI+1","Defragment+1","White Noise","Core Surge","Recycle","Storm","Coolheaded"],"relics":["Philosopher\u0027s Stone","Ornamental Fan","Ancient Tea Set","Replay:Rubber Ducky","WarpedTongs","Bottled Tornado","Ring of Chaos","BargainBundle"],"acts_visited":["Exordium","TheCity"],"potions_floor_usage":[16,19,23,23],"damage_taken":[{"damage":3,"enemies":"2 Louse","floor":1,"turns":3},{"damage":0,"enemies":"Cultist","floor":3,"turns":4},{"damage":1,"enemies":"Jaw Worm","floor":4,"turns":4},{"damage":0,"enemies":"Gremlin Nob","floor":6,"turns":4},{"damage":6,"enemies":"3 Sentries","floor":8,"turns":9},{"damage":8,"enemies":"Gremlin Nob","floor":13,"turns":4},{"damage":14,"enemies":"3 Louse","floor":14,"turns":4},{"damage":6,"enemies":"Hexaghost","floor":16,"turns":7},{"damage":5,"enemies":"Shell Parasite","floor":18,"turns":7},{"damage":35,"enemies":"2 Thieves","floor":19,"turns":4},{"damage":36,"enemies":"Slavers","floor":23,"turns":3}],"seed_played":"1330216543732837674","potions_obtained":[{"floor":6,"key":"LifebloodPotion"},{"floor":13,"key":"Block Potion"},{"floor":18,"key":"Explosive Potion"}],"is_trial":false,"path_per_floor":["M","$","M","M","?","E","R","E","T","?","R","?","E","M","R","B",null,"M","M","$","?","$","E"],"character_chosen":"DEFECT","items_purchased":["BargainBundle","Storm","Coolheaded","SpeedPotion","Fire Potion"],"campfire_rested":0,"item_purchase_floors":[22,22,22,22,22],"current_hp_per_floor":[72,72,72,71,71,71,71,65,65,65,65,65,57,43,43,37,75,70,35,35,35,35,0,0],"gold":6,"neow_bonus":"BOSS_RELIC","is_daily":false,"chose_seed":false,"campfire_upgraded":3,"win_rate":0.0,"timestamp":1613599742,"path_taken":["M","$","M","M","?","E","R","E","T","?","R","?","E","M","R","BOSS","M","M","?","?","$","E"],"items_purchased_type":["Relic","Card","Card","Potion","Potion"],"build_version":"2020-12-18","purchased_purges":3,"victory":false,"max_hp_per_floor":[75,75,75,75,75,75,75,75,75,75,75,75,75,75,75,75,75,75,75,75,75,75,75,75],"relic_stats":{"counters":[11,53],"Ornamental Fan":[4],"obtain_stats":[{"BargainBundle":22,"Ornamental Fan":6,"Philosopher\u0027s Stone":0,"Ring of Chaos":17,"Bottled Tornado":13,"Cracked Core":0,"Ancient Tea Set":8,"Replay:Rubber Ducky":9,"WarpedTongs":12},{"BargainBundle":10,"Ornamental Fan":4,"Philosopher\u0027s Stone":0,"Ring of Chaos":8,"Bottled Tornado":6,"Cracked Core":0,"Ancient Tea Set":5,"Replay:Rubber Ducky":5,"WarpedTongs":5},{"BargainBundle":50,"Ornamental Fan":15,"Philosopher\u0027s Stone":0,"Ring of Chaos":39,"Bottled Tornado":28,"Cracked Core":0,"Ancient Tea Set":24,"Replay:Rubber Ducky":24,"WarpedTongs":24}],"WarpedTongs":[29]},"card_choices":[{"not_picked":["Stack","Steam","Panic Button"],"picked":"SKIP","floor":1},{"not_picked":["Streamline","Panic Button"],"picked":"Glacier","floor":3},{"not_picked":["Hologram","Compile Driver"],"picked":"Rainbow","floor":4},{"not_picked":["Panic Button","Genetic Algorithm","Turbo"],"picked":"SKIP","floor":6},{"not_picked":["ReplayTheSpireMod:Reroute Power","Lockon"],"picked":"Creative AI","floor":8},{"not_picked":["ReplayTheSpireMod:Calculation Training","Auto Shields"],"picked":"Defragment","floor":13},{"not_picked":["Storm","BasicCrystalCard"],"picked":"White Noise","floor":14},{"not_picked":["Rainbow","Mirror Shield"],"picked":"Core Surge","floor":16},{"not_picked":["Leap","BasicCrystalCard"],"picked":"Recycle","floor":18},{"not_picked":["Steam","Genetic Algorithm","Turbo+1"],"picked":"SKIP","floor":19}],"player_experience":754130,"relics_obtained":[{"floor":6,"key":"Ornamental Fan"},{"floor":8,"key":"Ancient Tea Set"},{"floor":9,"key":"Replay:Rubber Ducky"},{"floor":13,"key":"Bottled Tornado"}],"event_choices":[{"damage_healed":0,"gold_gain":0,"player_choice":"Rummage","damage_taken":0,"relics_obtained":["WarpedTongs"],"max_hp_gain":0,"max_hp_loss":0,"event_name":"Accursed Blacksmith","floor":12,"gold_loss":0,"cards_obtained":["Pain"]},{"damage_healed":0,"gold_gain":0,"player_choice":"Ignored","damage_taken":0,"max_hp_gain":0,"max_hp_loss":0,"event_name":"betterNote:BetterNote","floor":21,"gold_loss":0,"cards_obtained":["Die Die Die"]}],"is_beta":true,"boss_relics":[{"not_picked":["Busted Crown","Runic Dome"],"picked":"Ring of Chaos"}],"items_purged_floors":[2,20,22],"is_endless":false,"potions_floor_spawned":[6,13,18],"killed_by":"Slavers","ascension_level":1}}