{"host":"188x3om7sf6mgxv1","time":1613536920,"event":{"mods":["BaseMod","Block Reminder","Jorbs\u0027s Wanderer Trilogy","Minty Spire (QoL Compilation)","Relic Stats","StSLib"],"gold_per_floor":[112,132,132,148,168,168,200,216,216,243,243,243,243,284,284,410,410,430,430,446,459,479,479,514,537,537,239,268,268,284,315,315,434,434,455,468,468,489,504,545,545,608,608,667,474,474,517,517,517,517,517,517,39,83,83],"floor_reached":56,"language":"ENG","playtime":2494,"items_purged":["stsjorbsmod:Strike_Wanderer","stsjorbsmod:ArcaneForm"],"score":1770,"play_id":"8c2f2e8e-354b-4e3f-b80c-3ed59d8a5126","local_time":"20210216234200","is_ascension_mode":true,"campfire_choices":[{"data":"stsjorbsmod:PurgeMind","floor":6,"key":"SMITH"},{"data":"stsjorbsmod:Hibernate","floor":15,"key":"SMITH"},{"data":"stsjorbsmod:Trauma","floor":23,"key":"SMITH"},{"data":"stsjorbsmod:CorrodingBarrier","floor":29,"key":"SMITH"},{"data":"stsjorbsmod:ParryingBlow","floor":32,"key":"SMITH"},{"floor":41,"key":"RECALL"},{"data":"stsjorbsmod:Withdraw","floor":49,"key":"SMITH"},{"data":"stsjorbsmod:Hibernate","floor":52,"key":"SMITH"}],"circlet_count":0,"master_deck":["stsjorbsmod:ForbiddenGrimoire+1","stsjorbsmod:Strike_Wanderer","stsjorbsmod:Strike_Wanderer","stsjorbsmod:Defend_Wanderer","stsjorbsmod:Defend_Wanderer","stsjorbsmod:Defend_Wanderer","stsjorbsmod:Defend_Wanderer","stsjorbsmod:FreshAdventure","stsjorbsmod:EyeOfTheStorm","stsjorbsmod:BookOfTongues+1","stsjorbsmod:TrueStrike+1","stsjorbsmod:HedgeWizard+1","stsjorbsmod:PurgeMind+1","stsjorbsmod:ColorSpray","stsjorbsmod:Mindworm","stsjorbsmod:Hibernate+1","stsjorbsmod:Trauma+1","stsjorbsmod:Aid","stsjorbsmod:Hibernate+1","stsjorbsmod:CorrodingBarrier+1","stsjorbsmod:OldPocket+1","stsjorbsmod:Trauma+1","stsjorbsmod:Mindworm","stsjorbsmod:UnseenServant","stsjorbsmod:SmithingStrike","stsjorbsmod:Thorns","stsjorbsmod:Withdraw+1","stsjorbsmod:BookOfTongues+1","stsjorbsmod:Aid","stsjorbsmod:LocateObject+1","stsjorbsmod:LocateObject+1","stsjorbsmod:Aid+1","stsjorbsmod:Fireball","stsjorbsmod:Fireball","stsjorbsmod:Hibernate+1"],"relics":["stsjorbsmod:GrimoireRelic","Bag of Preparation","Dream Catcher","HornCleat","Gremlin Horn","Question Card","Golden Idol","FossilizedHelix","Philosopher\u0027s Stone","PreservedInsect","DollysMirror","The Courier","Black Star","Darkstone Periapt","Toxic Egg 2","Incense Burner","Sundial","Gambling Chip","Thread and Needle","Strawberry","Lizard Tail","Pen Nib","Nunchaku","Pantograph","Calipers"],"acts_visited":["Exordium","TheCity","TheBeyond","TheEnding"],"potions_floor_usage":[40,54,55,55],"damage_taken":[{"damage":0,"enemies":"Jaw Worm","floor":1,"turns":5},{"damage":1,"enemies":"Cultist","floor":2,"turns":3},{"damage":1,"enemies":"2 Louse","floor":4,"turns":2},{"damage":6,"enemies":"Looter","floor":5,"turns":4},{"damage":10,"enemies":"Lagavulin","floor":7,"turns":6},{"damage":2,"enemies":"2 Fungi Beasts","floor":8,"turns":3},{"damage":10,"enemies":"3 Sentries","floor":10,"turns":4},{"damage":0,"enemies":"Gremlin Nob","floor":14,"turns":2},{"damage":0,"enemies":"Hexaghost","floor":16,"turns":7},{"damage":0,"enemies":"2 Thieves","floor":18,"turns":3},{"damage":0,"enemies":"3 Byrds","floor":20,"turns":2},{"damage":0,"enemies":"Centurion and Healer","floor":21,"turns":2},{"damage":0,"enemies":"Cultist and Chosen","floor":22,"turns":3},{"damage":9,"enemies":"Book of Stabbing","floor":24,"turns":4},{"damage":0,"enemies":"Chosen and Byrds","floor":25,"turns":3},{"damage":0,"enemies":"Centurion and Healer","floor":28,"turns":2},{"damage":9,"enemies":"Snake Plant","floor":30,"turns":3},{"damage":0,"enemies":"Gremlin Leader","floor":31,"turns":3},{"damage":0,"enemies":"Collector","floor":33,"turns":4},{"damage":0,"enemies":"3 Shapes","floor":35,"turns":1},{"damage":0,"enemies":"Orb Walker","floor":36,"turns":3},{"damage":0,"enemies":"Jaw Worm Horde","floor":38,"turns":3},{"damage":0,"enemies":"Maw","floor":39,"turns":4},{"damage":0,"enemies":"Reptomancer","floor":40,"turns":1},{"damage":0,"enemies":"Mind Bloom Boss Battle","floor":42,"turns":4},{"damage":0,"enemies":"2 Orb Walkers","floor":44,"turns":2},{"damage":0,"enemies":"Giant Head","floor":47,"turns":4},{"damage":35,"enemies":"Awakened One","floor":50,"turns":10},{"damage":18,"enemies":"Shield and Spear","floor":54,"turns":4},{"damage":91,"enemies":"The Heart","floor":55,"turns":7}],"seed_played":"-7683890140486502206","potions_obtained":[{"floor":2,"key":"Explosive Potion"},{"floor":5,"key":"SteroidPotion"},{"floor":8,"key":"stsjorbsmod:BurningPotion"},{"floor":16,"key":"DistilledChaos"},{"floor":40,"key":"GamblersBrew"}],"is_trial":false,"path_per_floor":["M","M","?","M","M","R","E","M","T","E","?","?","?","E","R","B",null,"M","?","M","M","M","R","E","M","T","$","M","R","M","E","R","B",null,"M","M","?","M","M","E","R","?","T","?","$","?","E","?","R","B",null,"R","$","E","B",null],"character_chosen":"WANDERER","items_purchased":["DollysMirror","stsjorbsmod:Mindworm","stsjorbsmod:Fireball","Lizard Tail","Pen Nib","Nunchaku"],"campfire_rested":0,"item_purchase_floors":[27,27,45,53,53,53],"current_hp_per_floor":[68,68,68,68,64,64,56,54,54,51,51,51,37,37,37,37,69,69,69,69,69,69,69,60,60,60,60,60,60,51,51,51,51,69,69,69,69,69,69,69,69,69,69,69,69,66,73,73,73,38,73,73,73,55,18],"gold":83,"neow_bonus":"RANDOM_COMMON_RELIC","is_daily":false,"chose_seed":false,"campfire_upgraded":7,"win_rate":0.0,"timestamp":1613536920,"path_taken":["M","M","?","?","M","R","E","M","T","E","?","?","?","E","R","BOSS","M","?","?","M","M","R","E","?","T","$","M","R","M","E","R","BOSS","M","M","?","M","M","E","R","?","T","?","$","?","E","?","R","BOSS","R","$","E","BOSS"],"items_purchased_type":["Relic","Card","Card","Relic","Relic","Relic"],"build_version":"2020-12-22","purchased_purges":2,"victory":true,"max_hp_per_floor":[68,68,68,68,68,68,68,68,68,74,74,69,69,69,69,69,69,69,69,69,69,69,69,69,69,69,69,69,69,69,69,69,69,69,69,69,69,69,69,69,69,69,69,69,69,66,73,73,73,73,73,73,73,73,73],"relic_stats":{"Darkstone Periapt":0,"Gremlin Horn":[23,23],"counters":[30,108],"Golden Idol":214,"PreservedInsect":298,"Pen Nib":[2],"Bag of Preparation":[60],"Question Card":21,"Dream Catcher":0,"Lizard Tail":36,"Nunchaku":[2],"Sundial":[0],"Gambling Chip":[18],"Pantograph":18,"Black Star":3,"obtain_stats":[{"Darkstone Periapt":40,"Calipers":54,"Gremlin Horn":9,"Bag of Preparation":0,"Incense Burner":42,"Dream Catcher":3,"Lizard Tail":53,"Nunchaku":53,"HornCleat":7,"DollysMirror":27,"Sundial":43,"Gambling Chip":44,"Strawberry":47,"Pantograph":54,"Philosopher\u0027s Stone":17,"Toxic Egg 2":40,"Golden Idol":12,"stsjorbsmod:GrimoireRelic":0,"Thread and Needle":47,"PreservedInsect":24,"The Courier":31,"Pen Nib":53,"Question Card":10,"Black Star":34,"FossilizedHelix":14},{"Darkstone Periapt":24,"Calipers":29,"Gremlin Horn":6,"Bag of Preparation":0,"Incense Burner":25,"Dream Catcher":2,"Lizard Tail":28,"Nunchaku":28,"HornCleat":5,"DollysMirror":15,"Sundial":25,"Gambling Chip":26,"Strawberry":27,"Pantograph":29,"Philosopher\u0027s Stone":9,"Toxic Egg 2":24,"Golden Idol":7,"stsjorbsmod:GrimoireRelic":0,"Thread and Needle":27,"PreservedInsect":14,"The Courier":18,"Pen Nib":28,"Question Card":7,"Black Star":19,"FossilizedHelix":8},{"Darkstone Periapt":77,"Calipers":101,"Gremlin Horn":23,"Bag of Preparation":0,"Incense Burner":81,"Dream Catcher":8,"Lizard Tail":97,"Nunchaku":97,"HornCleat":20,"DollysMirror":53,"Sundial":81,"Gambling Chip":83,"Strawberry":87,"Pantograph":101,"Philosopher\u0027s Stone":36,"Toxic Egg 2":77,"Golden Idol":27,"stsjorbsmod:GrimoireRelic":0,"Thread and Needle":87,"PreservedInsect":50,"The Courier":61,"Pen Nib":97,"Question Card":27,"Black Star":65,"FossilizedHelix":29}]},"card_choices":[{"not_picked":["stsjorbsmod:RayOfFrost","stsjorbsmod:BurningFlask"],"picked":"stsjorbsmod:BookOfTongues","floor":1},{"not_picked":["stsjorbsmod:Stalwart","stsjorbsmod:Message"],"picked":"stsjorbsmod:TrueStrike","floor":2},{"not_picked":["stsjorbsmod:Will","stsjorbsmod:ScorchingRay"],"picked":"stsjorbsmod:HedgeWizard","floor":4},{"not_picked":["stsjorbsmod:RayOfFrost","stsjorbsmod:ArcaneWeapon"],"picked":"stsjorbsmod:PurgeMind","floor":5},{"not_picked":["stsjorbsmod:ChatteringStrike","stsjorbsmod:Prepare"],"picked":"stsjorbsmod:ColorSpray","floor":7},{"not_picked":["stsjorbsmod:DisguiseSelf","stsjorbsmod:ColorSpray"],"picked":"stsjorbsmod:Mindworm","floor":8},{"not_picked":["stsjorbsmod:ArcaneForm","stsjorbsmod:MagicMirror"],"picked":"stsjorbsmod:ParryingBlow","floor":10},{"not_picked":["stsjorbsmod:Message","stsjorbsmod:BlackTentacles","stsjorbsmod:FaerieFire"],"picked":"stsjorbsmod:Hibernate","floor":14},{"not_picked":["stsjorbsmod:Feast","stsjorbsmod:SiphonEnergy","stsjorbsmod:Banish"],"picked":"stsjorbsmod:Trauma","floor":16},{"not_picked":["stsjorbsmod:WeightOfMemory+1","stsjorbsmod:Channel","stsjorbsmod:Index","stsjorbsmod:Will"],"picked":"SKIP","floor":18},{"not_picked":["stsjorbsmod:Firebolt+1","stsjorbsmod:BlackTentacles+1","stsjorbsmod:Mania","stsjorbsmod:Will"],"picked":"SKIP","floor":20},{"not_picked":["stsjorbsmod:ParryingBlow","stsjorbsmod:WanderingMind","stsjorbsmod:BlackTentacles+1"],"picked":"stsjorbsmod:Aid","floor":21},{"not_picked":["stsjorbsmod:Firebolt","stsjorbsmod:MageArmor","stsjorbsmod:ChatteringStrike"],"picked":"stsjorbsmod:Hibernate","floor":22},{"not_picked":["stsjorbsmod:WanderingMind","stsjorbsmod:ArcaneWeapon","stsjorbsmod:Channel"],"picked":"stsjorbsmod:CorrodingBarrier","floor":24},{"not_picked":["stsjorbsmod:TollTheDead+1","stsjorbsmod:Mania+1","stsjorbsmod:MagicMissiles+1"],"picked":"stsjorbsmod:OldPocket+1","floor":25},{"not_picked":["stsjorbsmod:Will+1","stsjorbsmod:MageArmor","stsjorbsmod:Stalwart+1"],"picked":"stsjorbsmod:UnseenServant","floor":28},{"not_picked":["stsjorbsmod:BlackTentacles","stsjorbsmod:Will","stsjorbsmod:WeightOfMemory+1"],"picked":"stsjorbsmod:SmithingStrike","floor":30},{"not_picked":["stsjorbsmod:TrueStrike+1","stsjorbsmod:Hibernate+1","stsjorbsmod:BurningFlask"],"picked":"stsjorbsmod:Thorns","floor":31},{"not_picked":["stsjorbsmod:Banish","stsjorbsmod:SiphonEnergy","stsjorbsmod:GatherPower"],"picked":"stsjorbsmod:Withdraw","floor":33},{"not_picked":["stsjorbsmod:Firebolt","stsjorbsmod:Patron+1","stsjorbsmod:DisguiseSelf","stsjorbsmod:RayOfFrost"],"picked":"SKIP","floor":35},{"not_picked":["stsjorbsmod:WanderingMind","stsjorbsmod:Aid","stsjorbsmod:ChatteringStrike+1"],"picked":"stsjorbsmod:BookOfTongues+1","floor":36},{"not_picked":["stsjorbsmod:RefuseToForget+1","stsjorbsmod:Counterspell+1","stsjorbsmod:BookOfTongues","stsjorbsmod:FindFamiliar"],"picked":"SKIP","floor":38},{"not_picked":["stsjorbsmod:DisguiseSelf+1","stsjorbsmod:Hurt+1","stsjorbsmod:Index+1"],"picked":"stsjorbsmod:Aid","floor":39},{"not_picked":["stsjorbsmod:ArcaneWeapon","stsjorbsmod:RayOfFrost+1","stsjorbsmod:ScorchingRay+1"],"picked":"stsjorbsmod:LocateObject+1","floor":40},{"not_picked":["stsjorbsmod:WanderingMind+1","stsjorbsmod:WeightOfMemory","stsjorbsmod:BurningFlask+1"],"picked":"stsjorbsmod:LocateObject+1","floor":42},{"not_picked":["stsjorbsmod:MagicMissiles+1","stsjorbsmod:FracturedMind+1","stsjorbsmod:ArcaneWeapon+1"],"picked":"stsjorbsmod:Aid+1","floor":44},{"not_picked":["stsjorbsmod:TinyHut+1","stsjorbsmod:BlackTentacles","stsjorbsmod:Will+1"],"picked":"stsjorbsmod:Fireball","floor":47},{"not_picked":["stsjorbsmod:ArcaneWeapon","stsjorbsmod:WanderingMind+1","stsjorbsmod:OldPocket+1"],"picked":"stsjorbsmod:Hibernate+1","floor":54}],"player_experience":83596,"relics_obtained":[{"floor":7,"key":"HornCleat"},{"floor":9,"key":"Gremlin Horn"},{"floor":10,"key":"Question Card"},{"floor":14,"key":"FossilizedHelix"},{"floor":24,"key":"PreservedInsect"},{"floor":31,"key":"The Courier"},{"floor":40,"key":"Darkstone Periapt"},{"floor":40,"key":"Toxic Egg 2"},{"floor":42,"key":"Incense Burner"},{"floor":43,"key":"Sundial"},{"floor":44,"key":"Gambling Chip"},{"floor":47,"key":"Thread and Needle"},{"floor":47,"key":"Strawberry"},{"floor":54,"key":"Pantograph"},{"floor":54,"key":"Calipers"}],"event_choices":[{"damage_healed":0,"gold_gain":0,"player_choice":"Gave Potion","damage_taken":0,"relics_obtained":["Dream Catcher"],"max_hp_gain":0,"max_hp_loss":0,"event_name":"WeMeetAgain","floor":3,"gold_loss":0},{"damage_healed":0,"gold_gain":0,"player_choice":"Grow","damage_taken":0,"max_hp_gain":0,"max_hp_loss":0,"event_name":"Living Wall","floor":11,"gold_loss":0,"cards_upgraded":["stsjorbsmod:TrueStrike"]},{"damage_healed":0,"gold_gain":0,"player_choice":"Lose Max HP","damage_taken":0,"relics_obtained":["Golden Idol"],"max_hp_gain":0,"max_hp_loss":5,"event_name":"Golden Idol","floor":12,"gold_loss":0},{"damage_healed":0,"gold_gain":0,"player_choice":"Entered Light","damage_taken":14,"max_hp_gain":0,"max_hp_loss":0,"event_name":"Shining Light","floor":13,"gold_loss":0,"cards_upgraded":["stsjorbsmod:BookOfTongues","stsjorbsmod:HedgeWizard"]},{"damage_healed":0,"gold_gain":0,"cards_transformed":["stsjorbsmod:Strike_Wanderer"],"player_choice":"Transformed","damage_taken":0,"max_hp_gain":0,"max_hp_loss":0,"event_name":"Transmorgrifier","floor":19,"gold_loss":0,"cards_obtained":["stsjorbsmod:ArcaneForm"]},{"damage_healed":0,"gold_gain":0,"player_choice":"Ignored","damage_taken":0,"max_hp_gain":0,"max_hp_loss":0,"event_name":"The Moai Head","floor":37,"gold_loss":0},{"damage_healed":0,"gold_gain":0,"player_choice":"Fight","damage_taken":0,"max_hp_gain":0,"max_hp_loss":0,"event_name":"MindBloom","floor":42,"gold_loss":0},{"damage_healed":0,"gold_gain":0,"player_choice":"Fight","damage_taken":0,"max_hp_gain":0,"max_hp_loss":0,"event_name":"Mysterious Sphere","floor":44,"gold_loss":0},{"damage_healed":0,"gold_gain":0,"player_choice":"Max HP","damage_taken":0,"max_hp_gain":0,"max_hp_loss":3,"event_name":"Winding Halls","floor":46,"gold_loss":0},{"cards_removed":["stsjorbsmod:ParryingBlow"],"damage_healed":0,"gold_gain":0,"player_choice":"Removed Attack","damage_taken":0,"max_hp_gain":0,"max_hp_loss":0,"event_name":"Falling","floor":48,"gold_loss":0}],"is_beta":false,"boss_relics":[{"not_picked":["Empty Cage","Velvet Choker"],"picked":"Philosopher\u0027s Stone"},{"not_picked":["Astrolabe","Tiny House"],"picked":"Black Star"}],"items_purged_floors":[27,45],"is_endless":false,"potions_floor_spawned":[2,5,8,16,21,28,30,33,39,40,44],"ascension_level":4}}