{"host":"xz7n3qy1zq36rzpg","time":1613572993,"event":{"mods":["BaseMod","Colored Map","Colored Powertips","Highlight Path","Minty Spire (QoL Compilation)","Quick Restart","Shop Mod"],"gold_per_floor":[118,118,166,166,178,213,225,254,254,204,224,224,37,55,55,157,157,171,185,185,202,235,235,262,262,315,315,341,341,341,353,353,457,457,477,477,477,129,147,178,178,203,226,237,110,110,60,73,73,73],"floor_reached":51,"language":"ENG","playtime":2603,"items_purged":["Regret","Decay","Strike_R","Strike_R"],"score":1076,"play_id":"da5df2f2-17d9-4ddb-af8a-fbecfaa237c4","local_time":"20210217154313","is_ascension_mode":true,"campfire_choices":[{"floor":12.0,"key":"REST"},{"data":"Flex","floor":15.0,"key":"SMITH"},{"data":"Limit Break","floor":23.0,"key":"SMITH"},{"data":"Pummel","floor":25.0,"key":"SMITH"},{"floor":32.0,"key":"REST"},{"data":"Barricade","floor":41,"key":"SMITH"},{"data":"Limit Break","floor":46,"key":"SMITH"},{"data":"Jack Of All Trades","floor":49,"key":"SMITH"}],"circlet_count":0,"master_deck":["Strike_R+1","Strike_R+1","Defend_R","Defend_R+1","Defend_R+1","Defend_R","Bash","Cleave","Pummel+1","Sword Boomerang","Inflame","Pummel+1","Battle Trance+1","Anger","Flex+1","Jack Of All Trades+1","Reckless Charge","Limit Break+1","Shrug It Off+1","Heavy Blade","Sword Boomerang","RitualDagger","Barricade+1","Limit Break+1","Shrug It Off","Exhume","Ghostly Armor+1","Clothesline+1","Entrench"],"relics":["Burning Blood","Smiling Mask","Vajra","Happy Flower","Self Forming Clay","HornCleat","Busted Crown","Red Mask","White Beast Statue","Lantern","Du-Vu Doll","CaptainsWheel","Mark of Pain","Whetstone","Pen Nib","InkBottle","War Paint"],"acts_visited":["Exordium","TheCity","TheBeyond"],"potions_floor_usage":[39,40,48,50,50,50],"damage_taken":[{"damage":6.0,"enemies":"Cultist","floor":1.0,"turns":4.0},{"damage":2.0,"enemies":"Jaw Worm","floor":5.0,"turns":3.0},{"damage":44.0,"enemies":"3 Sentries","floor":6.0,"turns":7.0},{"damage":0.0,"enemies":"2 Louse","floor":7.0,"turns":2.0},{"damage":30.0,"enemies":"Lagavulin","floor":8.0,"turns":4.0},{"damage":0.0,"enemies":"Exordium Wildlife","floor":11.0,"turns":3.0},{"damage":18.0,"enemies":"Large Slime","floor":14.0,"turns":2.0},{"damage":7.0,"enemies":"Hexaghost","floor":16.0,"turns":7.0},{"damage":6.0,"enemies":"3 Byrds","floor":18.0,"turns":3.0},{"damage":7.0,"enemies":"Chosen","floor":19.0,"turns":4.0},{"damage":13.0,"enemies":"Snake Plant","floor":21.0,"turns":3.0},{"damage":18.0,"enemies":"Masked Bandits","floor":22.0,"turns":4.0},{"damage":0.0,"enemies":"Gremlin Leader","floor":24.0,"turns":3.0},{"damage":14.0,"enemies":"Slavers","floor":28.0,"turns":4.0},{"damage":0.0,"enemies":"3 Cultists","floor":31.0,"turns":4.0},{"damage":0.0,"enemies":"Automaton","floor":33.0,"turns":6.0},{"damage":0.0,"enemies":"3 Darklings","floor":35.0,"turns":3.0},{"damage":7,"enemies":"Orb Walker","floor":39,"turns":3},{"damage":0,"enemies":"Giant Head","floor":40,"turns":5},{"damage":26,"enemies":"Nemesis","floor":42,"turns":5},{"damage":0,"enemies":"Sphere and 2 Shapes","floor":44,"turns":3},{"damage":0,"enemies":"Spire Growth","floor":48,"turns":4},{"damage":54,"enemies":"Time Eater","floor":50,"turns":11}],"seed_played":"5800057660376766766","potions_obtained":[{"floor":1.0,"key":"Regen Potion"},{"floor":6.0,"key":"Dexterity Potion"},{"floor":11.0,"key":"ColorlessPotion"},{"floor":14.0,"key":"SpeedPotion"},{"floor":16.0,"key":"AttackPotion"},{"floor":19.0,"key":"FairyPotion"},{"floor":21.0,"key":"Fire Potion"},{"floor":28.0,"key":"SmokeBomb"},{"floor":31.0,"key":"Fire Potion"},{"floor":33.0,"key":"Regen Potion"},{"floor":35.0,"key":"DistilledChaos"},{"floor":39,"key":"Dexterity Potion"},{"floor":40,"key":"Ancient Potion"},{"floor":44,"key":"BloodPotion"},{"floor":48,"key":"Swift Potion"}],"is_trial":false,"path_per_floor":["M","?","T","?","M","E","M","E","T","?","M","R","$","M","R","B",null,"M","M","?","M","?","R","E","R","T","?","E","T","?","M","R","B",null,"M","?","?","$","M","E","R","E","T","M","$","R","$","M","R","B",null],"character_chosen":"IRONCLAD","items_purchased":["Flex","Jack Of All Trades","Whetstone","Exhume","Entrench"],"campfire_rested":2,"item_purchase_floors":[13,13,38,38,45],"current_hp_per_floor":[80,80,80,64,68,42,48,24,24,24,30,54,54,42,42,41,70,70,69,69,62,50,50,56,56,56,50,42,42,42,48,72,78,80,80,80,80,80,80,80,80,60,60,66,66,66,66,80,80,32],"gold":73,"neow_bonus":"THREE_CARDS","is_daily":false,"chose_seed":false,"campfire_upgraded":6,"win_rate":0.0,"timestamp":1613572993,"path_taken":["M","?","?","?","M","E","?","E","T","?","M","R","?","?","R","BOSS","M","M","?","?","?","R","E","R","T","?","E","?","?","M","R","BOSS","M","?","?","$","M","E","R","E","T","M","$","R","$","M","R","BOSS"],"items_purchased_type":["Card","Card","Relic","Card","Card"],"build_version":"2020-12-22","purchased_purges":4,"victory":true,"max_hp_per_floor":[80,80,80,80,80,80,80,80,80,80,80,80,80,80,80,80,80,80,80,80,80,80,80,80,80,80,80,80,80,80,80,80,80,80,80,80,80,80,80,80,80,80,80,80,80,80,80,80,80,80],"card_choices":[{"not_picked":["Iron Wave","Anger"],"picked":"Cleave","floor":0.0},{"not_picked":["Dual Wield","Shockwave"],"picked":"Pummel","floor":1.0},{"not_picked":["Intimidate","Sentinel"],"picked":"Sword Boomerang","floor":5.0},{"not_picked":["Clothesline","Warcry"],"picked":"Inflame","floor":6.0},{"not_picked":["Sword Boomerang","Reckless Charge"],"picked":"Pummel","floor":7.0},{"not_picked":["Whirlwind","Sentinel"],"picked":"Battle Trance","floor":8.0},{"not_picked":["True Grit","Sword Boomerang"],"picked":"Anger","floor":11.0},{"not_picked":["Rage","Whirlwind"],"picked":"Reckless Charge","floor":14.0},{"not_picked":["Impervious","Brutality"],"picked":"Limit Break","floor":16.0},{"not_picked":[],"picked":"Shrug It Off+1","floor":18.0},{"not_picked":[],"picked":"Heavy Blade","floor":19.0},{"not_picked":["Warcry"],"picked":"SKIP","floor":21.0},{"not_picked":[],"picked":"Sword Boomerang","floor":22.0},{"not_picked":["Reckless Charge"],"picked":"SKIP","floor":24.0},{"not_picked":[],"picked":"Barricade","floor":28.0},{"not_picked":["Pummel"],"picked":"SKIP","floor":31.0},{"not_picked":[],"picked":"Limit Break","floor":33.0},{"not_picked":[],"picked":"Shrug It Off","floor":35.0},{"not_picked":[],"picked":"Ghostly Armor+1","floor":39},{"not_picked":["Feel No Pain+1"],"picked":"SKIP","floor":40},{"not_picked":[],"picked":"Clothesline+1","floor":42},{"not_picked":["Sever Soul+1"],"picked":"SKIP","floor":44},{"not_picked":["Wild Strike"],"picked":"SKIP","floor":48}],"player_experience":531169,"relics_obtained":[{"floor":3.0,"key":"Vajra"},{"floor":6.0,"key":"Happy Flower"},{"floor":8.0,"key":"Self Forming Clay"},{"floor":9.0,"key":"HornCleat"},{"floor":22.0,"key":"Red Mask"},{"floor":24.0,"key":"White Beast Statue"},{"floor":26.0,"key":"Lantern"},{"floor":28.0,"key":"Du-Vu Doll"},{"floor":29.0,"key":"CaptainsWheel"},{"floor":40,"key":"Pen Nib"},{"floor":42,"key":"InkBottle"},{"floor":43,"key":"War Paint"}],"event_choices":[{"damage_healed":0.0,"max_hp_gain":0.0,"max_hp_loss":0.0,"gold_gain":0.0,"event_name":"Big Fish","player_choice":"Box","floor":2.0,"gold_loss":0.0,"damage_taken":0.0,"relics_obtained":["Smiling Mask"],"cards_obtained":["Regret"]},{"damage_healed":0.0,"max_hp_gain":0.0,"max_hp_loss":0.0,"gold_gain":0.0,"event_name":"Shining Light","player_choice":"Entered Light","floor":4.0,"gold_loss":0.0,"damage_taken":16.0,"cards_upgraded":["Defend_R","Strike_R"]},{"damage_healed":0.0,"max_hp_gain":0.0,"max_hp_loss":0.0,"gold_gain":0.0,"event_name":"World of Goop","player_choice":"Left Gold","floor":10.0,"gold_loss":50.0,"damage_taken":0.0},{"cards_removed":["Strike_R"],"damage_healed":0.0,"max_hp_gain":0.0,"max_hp_loss":0.0,"gold_gain":0.0,"event_name":"Bonfire Elementals","player_choice":"Offered Basic","floor":20.0,"gold_loss":0.0,"damage_taken":0.0},{"damage_healed":0.0,"max_hp_gain":0.0,"max_hp_loss":0.0,"gold_gain":0.0,"event_name":"Masked Bandits","player_choice":"Fought Bandits","floor":22.0,"gold_loss":0.0,"damage_taken":0.0},{"damage_healed":0.0,"max_hp_gain":0.0,"max_hp_loss":0.0,"gold_gain":0.0,"event_name":"Nest","player_choice":"Joined the Cult","floor":27.0,"gold_loss":0.0,"damage_taken":6.0,"cards_obtained":["RitualDagger"]},{"damage_healed":0.0,"max_hp_gain":0.0,"max_hp_loss":0.0,"gold_gain":0.0,"event_name":"Ghosts","player_choice":"Ignored","floor":30.0,"gold_loss":0.0,"damage_taken":0.0},{"damage_healed":0.0,"max_hp_gain":0.0,"max_hp_loss":0.0,"gold_gain":0.0,"event_name":"SensoryStone","player_choice":"Memory 1","floor":36.0,"gold_loss":0.0,"damage_taken":0.0},{"damage_healed":0.0,"max_hp_gain":0.0,"max_hp_loss":0.0,"gold_gain":0.0,"event_name":"Wheel of Change","player_choice":"Cursed","floor":37.0,"gold_loss":0.0,"damage_taken":0.0,"cards_obtained":["Decay"]}],"is_beta":false,"boss_relics":[{"not_picked":["Runic Dome","Fusion Hammer"],"picked":"Busted Crown"},{"not_picked":["SlaversCollar","Tiny House"],"picked":"Mark of Pain"}],"items_purged_floors":[13,38,45,47],"is_endless":false,"potions_floor_spawned":[1,6,11,14,16,19,21,28,31,33,35,39,40,42,44,48],"ascension_level":5}}