{"host":"m1ntkrf87179kmo6","time":1613524164,"event":{"mods":["BaseMod","Better Third Choice","Minty Spire (QoL Compilation)","StSLib"],"gold_per_floor":[110,74,74,90,90,90,115,143,143,168,184,184,184,228,228,353,353,366,254,0,0,0,0,0,14,39,79,79,93,116,116,116,246,246,259,274,0,0,0,0,0,0,0,19,19,34,49,49,49,49,49,49,49,87,87],"floor_reached":56,"language":"ENG","playtime":5360,"items_purged":["Injury"],"score":1163,"play_id":"8c3b53ab-889f-4f7d-b832-add8ba427266","local_time":"20210216200924","is_ascension_mode":false,"campfire_choices":[{"floor":6,"key":"RECALL"},{"floor":13,"key":"REST"},{"data":"Noxious Fumes","floor":15,"key":"SMITH"},{"data":"Neutralize","floor":23,"key":"SMITH"},{"floor":28,"key":"REST"},{"floor":32,"key":"REST"},{"data":"Deadly Poison","floor":40,"key":"SMITH"},{"data":"Catalyst","floor":41,"key":"SMITH"},{"data":"Sucker Punch","floor":42,"key":"SMITH"},{"floor":45,"key":"REST"},{"floor":49,"key":"REST"},{"data":"Survivor","floor":52,"key":"SMITH"}],"circlet_count":0,"master_deck":["Strike_G","Strike_G","Strike_G","Strike_G","Strike_G","Defend_G","Defend_G","Defend_G","Defend_G","Defend_G","Survivor+1","Neutralize+1","Caltrops","Deadly Poison+1","Backflip","Deflect","Noxious Fumes+1","Adrenaline","CurseOfTheBell","Poisoned Stab","Catalyst+1","Deflect","Sucker Punch+1","Cloak And Dagger","Tactician+1","Dodge and Roll","Decay","Prepared+1","Catalyst+1"],"relics":["Runic Dome","betterThird:SlimedRelic","Golden Idol","Odd Mushroom","PreservedInsect","CaptainsWheel","Tiny Chest","Calling Bell","Oddly Smooth Stone","Singing Bowl","Torii","Orichalcum","Bottled Tornado","Dream Catcher","WingedGreaves","SlaversCollar","Red Mask","Lizard Tail","FossilizedHelix"],"acts_visited":["Exordium","TheCity","TheBeyond","TheEnding"],"potions_floor_usage":[8,14,14,29,33,36,50,50],"damage_taken":[{"damage":0,"enemies":"2 Louse","floor":1,"turns":3},{"damage":3,"enemies":"Jaw Worm","floor":4,"turns":6},{"damage":2,"enemies":"Small Slimes","floor":7,"turns":5},{"damage":10,"enemies":"The Mushroom Lair","floor":8,"turns":4},{"damage":2,"enemies":"Blue Slaver","floor":10,"turns":4},{"damage":0,"enemies":"Exordium Wildlife","floor":11,"turns":7},{"damage":9,"enemies":"Lagavulin","floor":14,"turns":7},{"damage":43,"enemies":"Slime Boss","floor":16,"turns":13},{"damage":2,"enemies":"Shell Parasite","floor":18,"turns":6},{"damage":1,"enemies":"Chosen","floor":25,"turns":4},{"damage":21,"enemies":"Slavers","floor":27,"turns":5},{"damage":6,"enemies":"3 Cultists","floor":29,"turns":5},{"damage":17,"enemies":"Centurion and Healer","floor":30,"turns":7},{"damage":40,"enemies":"Champ","floor":33,"turns":13},{"damage":1,"enemies":"3 Shapes","floor":35,"turns":5},{"damage":1,"enemies":"Orb Walker","floor":36,"turns":5},{"damage":20,"enemies":"Spire Growth","floor":44,"turns":5},{"damage":27,"enemies":"Jaw Worm Horde","floor":46,"turns":6},{"damage":1,"enemies":"4 Shapes","floor":47,"turns":5},{"damage":32,"enemies":"Awakened One","floor":50,"turns":20},{"damage":69,"enemies":"Shield and Spear","floor":54,"turns":8},{"damage":78,"enemies":"The Heart","floor":55,"turns":11}],"seed_played":"-5523029805428464745","potions_obtained":[{"floor":1,"key":"Weak Potion"},{"floor":7,"key":"Fire Potion"},{"floor":11,"key":"LiquidMemories"},{"floor":18,"key":"SteroidPotion"},{"floor":30,"key":"FearPotion"},{"floor":33,"key":"SkillPotion"},{"floor":35,"key":"EssenceOfSteel"},{"floor":46,"key":"Swift Potion"}],"is_trial":false,"path_per_floor":["M","?","$","M","?","R","M","?","T","M","M","T","R","E","R","B",null,"M","$","?","?","T","R","T","M","T","E","R","M","M","$","R","B",null,"M","M","?","T","$","R","R","R","T","M","R","M","M","?","R","B",null,"R","$","E","B",null],"character_chosen":"THE_SILENT","items_purchased":["Catalyst"],"campfire_rested":5,"item_purchase_floors":[19],"current_hp_per_floor":[70,59,59,56,56,56,54,44,44,42,42,42,63,54,54,11,70,68,68,68,68,68,68,68,69,69,50,72,68,51,51,73,35,78,77,78,78,78,78,78,78,78,78,60,84,59,58,58,83,51,86,86,86,17,9],"gold":87,"neow_bonus":"BOSS_RELIC","is_daily":false,"chose_seed":false,"campfire_upgraded":6,"win_rate":0.0,"timestamp":1613524164,"path_taken":["M","?","$","M","?","R","M","?","T","M","M","?","R","E","R","BOSS","M","$","?","?","?","R","?","M","T","E","R","M","M","?","R","BOSS","M","?","?","?","?","R","R","R","T","?","R","M","M","?","R","BOSS","R","$","E","BOSS"],"items_purchased_type":["Card"],"build_version":"2020-12-22","purchased_purges":1,"victory":true,"max_hp_per_floor":[70,70,70,70,70,70,70,70,70,70,70,70,70,70,70,70,70,70,70,70,70,70,70,70,72,72,74,74,76,76,76,76,78,78,78,80,80,80,80,80,80,80,80,82,84,86,86,86,86,86,86,86,86,86,86],"card_choices":[{"not_picked":["Backflip","Acrobatics"],"picked":"Caltrops","floor":1},{"not_picked":["Outmaneuver","Dagger Throw","Bane"],"picked":"SKIP","floor":4},{"not_picked":["Doppelganger","Quick Slash","Dagger Throw"],"picked":"SKIP","floor":7},{"not_picked":["Outmaneuver","Accuracy"],"picked":"Deadly Poison","floor":8},{"not_picked":["Flechettes","Terror"],"picked":"Backflip","floor":10},{"not_picked":["Concentrate","Finisher"],"picked":"Deflect","floor":11},{"not_picked":["Bane","Infinite Blades"],"picked":"Noxious Fumes","floor":14},{"not_picked":["After Image","A Thousand Cuts"],"picked":"Adrenaline","floor":16},{"not_picked":["Dagger Throw+1","Leg Sweep"],"picked":"Poisoned Stab","floor":18},{"not_picked":["Flechettes","Prepared","Setup"],"picked":"Singing Bowl","floor":25},{"not_picked":["Slice+1","Blade Dance+1","Endless Agony"],"picked":"Singing Bowl","floor":27},{"not_picked":["Distraction+1","Blur"],"picked":"Deflect","floor":28},{"not_picked":["Masterful Stab","Underhanded Strike","Choke+1"],"picked":"Singing Bowl","floor":29},{"not_picked":["Dagger Spray+1","Outmaneuver"],"picked":"Sucker Punch","floor":30},{"not_picked":["Outmaneuver+1","Skewer"],"picked":"Cloak And Dagger","floor":32},{"not_picked":["Bullet Time","Wraith Form v2","Unload"],"picked":"Singing Bowl","floor":33},{"not_picked":["Backstab+1","Dagger Throw"],"picked":"Tactician+1","floor":35},{"not_picked":["Concentrate","Blade Dance","Bane+1"],"picked":"Singing Bowl","floor":36},{"not_picked":["Deflect","Sucker Punch","Flechettes"],"picked":"Singing Bowl","floor":44},{"not_picked":["Accuracy","Slice+1","Dagger Throw"],"picked":"Singing Bowl","floor":45},{"not_picked":["All Out Attack","Acrobatics+1","Dagger Throw+1"],"picked":"Singing Bowl","floor":46},{"not_picked":["Flying Knee","Calculated Gamble+1"],"picked":"Dodge and Roll","floor":47},{"not_picked":["Crippling Poison","Doppelganger"],"picked":"Prepared+1","floor":49},{"not_picked":["Flying Knee","Prepared+1"],"picked":"Catalyst+1","floor":54}],"player_experience":897736,"relics_obtained":[{"floor":8,"key":"Odd Mushroom"},{"floor":9,"key":"PreservedInsect"},{"floor":12,"key":"CaptainsWheel"},{"floor":14,"key":"Tiny Chest"},{"floor":17,"key":"Oddly Smooth Stone"},{"floor":17,"key":"Singing Bowl"},{"floor":17,"key":"Torii"},{"floor":22,"key":"Orichalcum"},{"floor":24,"key":"Bottled Tornado"},{"floor":26,"key":"Dream Catcher"},{"floor":27,"key":"WingedGreaves"},{"floor":38,"key":"Lizard Tail"},{"floor":54,"key":"FossilizedHelix"}],"event_choices":[{"damage_healed":0,"gold_gain":0,"player_choice":"Slimed","damage_taken":11,"max_hp_gain":0,"max_hp_loss":0,"event_name":"betterThird:BetterGoop","floor":2,"gold_loss":36},{"damage_healed":0,"gold_gain":0,"player_choice":"Take Wound","damage_taken":0,"relics_obtained":["Golden Idol"],"max_hp_gain":0,"max_hp_loss":0,"event_name":"Golden Idol","floor":5,"gold_loss":0,"cards_obtained":["Injury"]},{"damage_healed":0,"gold_gain":0,"player_choice":"Fought Mushrooms","damage_taken":0,"max_hp_gain":0,"max_hp_loss":0,"event_name":"Mushrooms","floor":8,"gold_loss":0},{"damage_healed":0,"gold_gain":0,"player_choice":"Paid Fearfully","damage_taken":0,"max_hp_gain":0,"max_hp_loss":0,"event_name":"Masked Bandits","floor":20,"gold_loss":254},{"damage_healed":0,"gold_gain":0,"player_choice":"Ignored","damage_taken":0,"max_hp_gain":0,"max_hp_loss":0,"event_name":"Cursed Tome","floor":21,"gold_loss":0},{"damage_healed":0,"gold_gain":0,"player_choice":"Paid","damage_taken":0,"relics_obtained":["Red Mask"],"max_hp_gain":0,"max_hp_loss":0,"event_name":"Tomb of Lord Red Mask","floor":37,"gold_loss":274},{"damage_healed":0,"gold_gain":0,"player_choice":"Cursed","damage_taken":0,"max_hp_gain":0,"max_hp_loss":0,"event_name":"Wheel of Change","floor":48,"gold_loss":0,"cards_obtained":["Decay"]}],"is_beta":false,"boss_relics":[{"not_picked":["Pandora\u0027s Box","Coffee Dripper"],"picked":"Calling Bell"},{"not_picked":["Velvet Choker","Snecko Eye"],"picked":"SlaversCollar"}],"items_purged_floors":[19],"is_endless":false,"potions_floor_spawned":[1,7,11,18,30,33,35,46],"ascension_level":0}}