{"host":"en4narc5947t7k9n","time":1613582909,"event":{"mods":["AchievementEnabler","BaseMod","Colored Map","Minty Spire (QoL Compilation)","SuperFastMode"],"gold_per_floor":[117,117,130,148,25,25,43,68,119,146,18,18,47,62,62,158,158,175,23,23,23,23,51,51,76,152,166,166,166],"floor_reached":28,"language":"KOR","playtime":1663,"items_purged":["Regret"],"score":314,"play_id":"b9fa6347-36e2-425a-889d-5436403bb261","local_time":"20210218022829","is_ascension_mode":false,"campfire_choices":[{"data":"Blade Dance","floor":6,"key":"SMITH"},{"data":"Catalyst","floor":15,"key":"SMITH"},{"data":"Envenom","floor":24,"key":"SMITH"}],"circlet_count":0,"master_deck":["Strike_G","Strike_G+1","Strike_G","Strike_G","Strike_G+1","Defend_G","Defend_G","Defend_G","Defend_G","Defend_G","Survivor","Neutralize","Panacea","Masterful Stab","Calculated Gamble","Acrobatics","Blade Dance+1","Deadly Poison","Tactician","Crippling Poison+1","Backstab","Slice","Crippling Poison","Catalyst+1","Envenom+1","Outmaneuver","RitualDagger","PiercingWail+1","Malaise","Terror"],"relics":["Ring of the Snake","Pear","Strawberry","Ancient Tea Set","Centennial Puzzle","Odd Mushroom","Coffee Dripper","ClockworkSouvenir","Enchiridion","HornCleat","Whetstone","Molten Egg 2"],"acts_visited":["Exordium","TheCity"],"potions_floor_usage":[13,16,16,25],"damage_taken":[{"damage":1,"enemies":"2 Louse","floor":1,"turns":3},{"damage":2,"enemies":"Small Slimes","floor":3,"turns":3},{"damage":2,"enemies":"Jaw Worm","floor":4,"turns":4},{"damage":0,"enemies":"Looter","floor":7,"turns":3},{"damage":46,"enemies":"3 Sentries","floor":8,"turns":11},{"damage":21,"enemies":"Lagavulin","floor":10,"turns":6},{"damage":8,"enemies":"The Mushroom Lair","floor":13,"turns":3},{"damage":11,"enemies":"Exordium Wildlife","floor":14,"turns":3},{"damage":21,"enemies":"The Guardian","floor":16,"turns":6},{"damage":16,"enemies":"Shell Parasite","floor":18,"turns":3},{"damage":23,"enemies":"Book of Stabbing","floor":23,"turns":5},{"damage":0,"enemies":"Gremlin Leader","floor":25,"turns":3},{"damage":14,"enemies":"Spheric Guardian","floor":27,"turns":4},{"damage":23,"enemies":"Book of Stabbing","floor":28,"turns":3}],"seed_played":"-3178849564337867922","potions_obtained":[{"floor":1,"key":"FairyPotion"},{"floor":7,"key":"Dexterity Potion"},{"floor":10,"key":"LiquidMemories"},{"floor":14,"key":"Explosive Potion"},{"floor":23,"key":"DuplicationPotion"}],"is_trial":false,"path_per_floor":["M","?","M","M","$","R","M","E","T","E","$","?","?","M","R","B",null,"M","$","?","?","$","E","R","E","T","M","E"],"character_chosen":"THE_SILENT","items_purchased":["Blade Dance","Backstab","Slice","ClockworkSouvenir"],"campfire_rested":0,"item_purchase_floors":[5,11,11,19],"current_hp_per_floor":[69,79,77,75,75,75,75,36,36,15,15,15,7,26,26,5,87,71,71,65,49,49,26,26,26,26,12,0,0],"gold":166,"neow_bonus":"RANDOM_COLORLESS","is_daily":false,"chose_seed":false,"campfire_upgraded":3,"win_rate":0.0,"timestamp":1613582909,"path_taken":["M","?","M","M","$","R","M","E","T","E","$","?","?","M","R","BOSS","M","$","?","?","?","E","R","E","T","M","E"],"items_purchased_type":["Card","Card","Card","Relic"],"build_version":"2020-12-22","purchased_purges":1,"victory":false,"max_hp_per_floor":[70,80,80,80,80,80,80,87,87,87,87,87,87,87,87,87,87,87,87,87,87,87,87,87,87,87,87,87,87],"card_choices":[{"not_picked":["Forethought","PanicButton"],"picked":"Panacea","floor":0},{"not_picked":["Flying Knee","Acrobatics"],"picked":"Masterful Stab","floor":1},{"not_picked":["Flying Knee","All Out Attack"],"picked":"Calculated Gamble","floor":3},{"not_picked":["Predator","Finisher"],"picked":"Acrobatics","floor":4},{"not_picked":["Underhanded Strike","Quick Slash"],"picked":"Deadly Poison","floor":7},{"not_picked":["Escape Plan","Outmaneuver"],"picked":"Tactician","floor":8},{"not_picked":["Backflip","Deflect"],"picked":"Crippling Poison","floor":10},{"not_picked":["Sucker Punch","Reflex"],"picked":"Crippling Poison","floor":13},{"not_picked":["Prepared","Dash"],"picked":"Catalyst","floor":14},{"not_picked":["A Thousand Cuts","Adrenaline"],"picked":"Envenom","floor":16},{"not_picked":["Sucker Punch","Underhanded Strike"],"picked":"Outmaneuver","floor":18},{"not_picked":["Prepared","Backflip"],"picked":"PiercingWail+1","floor":23},{"not_picked":["Poisoned Stab","Dash"],"picked":"Malaise","floor":25},{"not_picked":["Flying Knee+1","Blade Dance"],"picked":"Terror","floor":27}],"player_experience":43366,"relics_obtained":[{"floor":8,"key":"Strawberry"},{"floor":9,"key":"Ancient Tea Set"},{"floor":10,"key":"Centennial Puzzle"},{"floor":13,"key":"Odd Mushroom"},{"floor":21,"key":"Enchiridion"},{"floor":23,"key":"HornCleat"},{"floor":25,"key":"Whetstone"},{"floor":26,"key":"Molten Egg 2"}],"event_choices":[{"damage_healed":0,"gold_gain":0,"player_choice":"Box","damage_taken":0,"relics_obtained":["Pear"],"max_hp_gain":0,"max_hp_loss":0,"event_name":"Big Fish","floor":2,"gold_loss":0,"cards_obtained":["Regret"]},{"damage_healed":0,"gold_gain":0,"player_choice":"Grow","damage_taken":0,"max_hp_gain":0,"max_hp_loss":0,"event_name":"Living Wall","floor":12,"gold_loss":0,"cards_upgraded":["Crippling Poison"]},{"damage_healed":0,"gold_gain":0,"player_choice":"Fought Mushrooms","damage_taken":0,"max_hp_gain":0,"max_hp_loss":0,"event_name":"Mushrooms","floor":13,"gold_loss":0},{"damage_healed":0,"gold_gain":0,"player_choice":"Joined the Cult","damage_taken":6,"max_hp_gain":0,"max_hp_loss":0,"event_name":"Nest","floor":20,"gold_loss":0,"cards_obtained":["RitualDagger"]},{"damage_healed":0,"gold_gain":0,"player_choice":"Obtained Book","damage_taken":16,"max_hp_gain":0,"max_hp_loss":0,"event_name":"Cursed Tome","floor":21,"gold_loss":0}],"is_beta":false,"boss_relics":[{"not_picked":["SlaversCollar","Snecko Eye"],"picked":"Coffee Dripper"}],"items_purged_floors":[5],"is_endless":false,"potions_floor_spawned":[1,7,10,14,23],"killed_by":"Book of Stabbing","ascension_level":0}}