{"host":"xz7n3qy1zq36rzpg","time":1613568772,"event":{"mods":["BaseMod","Colored Map","Colored Powertips","Highlight Path","Minty Spire (QoL Compilation)","Quick Restart","Shop Mod"],"gold_per_floor":[119,194,194,194,194,194,227,227,227,227,26,43,55,70,70,173,173,191,202,33,51,71,71,71,71],"floor_reached":24,"language":"ENG","playtime":1089,"items_purged":["Defend_P"],"score":243,"play_id":"34ff98e7-ff3c-438e-afd6-5d738489d238","local_time":"20210217143252","is_ascension_mode":true,"campfire_choices":[{"data":"FlurryOfBlows","floor":6.0,"key":"SMITH"},{"data":"PathToVictory","floor":8.0,"key":"SMITH"},{"data":"FollowUp","floor":10.0,"key":"SMITH"},{"floor":15,"key":"REST"},{"floor":23,"key":"REST"}],"circlet_count":0,"master_deck":["Strike_P","Defend_P","Defend_P","Eruption+1","Vigilance","FlurryOfBlows+1","FollowUp+1","PathToVictory+1","EmptyBody","Prostrate","ThirdEye","ClearTheMind","Devotion","Establishment+1","ReachHeaven+1","Scrawl+1","CutThroughFate","EmptyFist+1","LessonLearned","Swift Strike","SashWhip","Swivel+1"],"relics":["PureWater","Smiling Mask","Ginger","Bird Faced Urn","Astrolabe"],"acts_visited":["Exordium","TheCity"],"potions_floor_usage":[16,16,16,16,21,24],"damage_taken":[{"damage":0.0,"enemies":"Small Slimes","floor":1.0,"turns":2.0},{"damage":0.0,"enemies":"Gremlin Nob","floor":7.0,"turns":3.0},{"damage":0.0,"enemies":"2 Louse","floor":12.0,"turns":2.0},{"damage":3.0,"enemies":"Jaw Worm","floor":13.0,"turns":2.0},{"damage":5,"enemies":"3 Louse","floor":14,"turns":3},{"damage":36,"enemies":"The Guardian","floor":16,"turns":6},{"damage":13,"enemies":"3 Byrds","floor":18,"turns":5},{"damage":17,"enemies":"Spheric Guardian","floor":19,"turns":4},{"damage":30,"enemies":"Snake Plant","floor":21,"turns":3},{"damage":5,"enemies":"Cultist and Chosen","floor":22,"turns":4},{"damage":42,"enemies":"Gremlin Leader","floor":24,"turns":7}],"seed_played":"-4506240121279922728","potions_obtained":[{"floor":7.0,"key":"Dexterity Potion"},{"floor":13.0,"key":"SkillPotion"},{"floor":18,"key":"DistilledChaos"}],"is_trial":false,"path_per_floor":["M","?","?","?","?","R","E","R","T","R","$","M","M","M","R","B",null,"M","M","$","M","M","R","E"],"character_chosen":"WATCHER","items_purchased":["EntropicBrew","EmptyBody","LessonLearned","Swift Strike"],"campfire_rested":2,"item_purchase_floors":[11,11,20,20],"current_hp_per_floor":[72,61,54,54,47,47,47,47,47,47,47,47,44,39,60,24,72,59,46,46,20,17,38,0,0],"gold":71,"neow_bonus":"THREE_CARDS","is_daily":false,"chose_seed":false,"campfire_upgraded":3,"win_rate":0.0,"timestamp":1613568772,"path_taken":["M","?","?","?","?","R","E","R","T","R","$","M","M","?","R","BOSS","M","M","$","M","M","R","E"],"items_purchased_type":["Potion","Card","Card","Card"],"build_version":"2020-12-22","purchased_purges":1,"victory":false,"max_hp_per_floor":[72,72,72,72,72,72,72,72,72,72,72,72,72,72,72,72,72,72,72,72,72,72,72,72,72],"card_choices":[{"not_picked":["ThirdEye","InnerPeace"],"picked":"FlurryOfBlows","floor":0.0},{"not_picked":["CrushJoints","Prostrate"],"picked":"FollowUp","floor":1.0},{"not_picked":["Collect","ForeignInfluence"],"picked":"PathToVictory","floor":7.0},{"not_picked":["Halt","Tantrum"],"picked":"Prostrate","floor":12.0},{"not_picked":["DeceiveReality","JustLucky"],"picked":"ThirdEye","floor":13.0},{"not_picked":["DeceiveReality","Wish"],"picked":"ClearTheMind","floor":14},{"not_picked":["Brilliance","Blasphemy"],"picked":"Devotion","floor":16},{"not_picked":["Meditate","Tantrum"],"picked":"CutThroughFate","floor":18},{"not_picked":["FlurryOfBlows","Evaluate+1"],"picked":"EmptyFist+1","floor":19},{"not_picked":["ClearTheMind","EmptyBody+1"],"picked":"SashWhip","floor":21},{"not_picked":["Weave","Worship"],"picked":"Swivel+1","floor":22}],"player_experience":529502,"relics_obtained":[{"floor":7.0,"key":"Ginger"},{"floor":9.0,"key":"Bird Faced Urn"}],"event_choices":[{"damage_healed":0.0,"max_hp_gain":0.0,"max_hp_loss":0.0,"gold_gain":75.0,"event_name":"World of Goop","player_choice":"Gather Gold","floor":2.0,"gold_loss":0.0,"damage_taken":11.0},{"damage_healed":0.0,"max_hp_gain":0.0,"max_hp_loss":0.0,"gold_gain":0.0,"event_name":"Scrap Ooze","player_choice":"Success","floor":3.0,"gold_loss":0.0,"damage_taken":7.0,"relics_obtained":["Smiling Mask"]},{"damage_healed":0.0,"max_hp_gain":0.0,"max_hp_loss":0.0,"gold_gain":0.0,"event_name":"Living Wall","player_choice":"Grow","floor":4.0,"gold_loss":0.0,"damage_taken":0.0,"cards_upgraded":["Eruption"]},{"cards_removed":["Strike_P"],"damage_healed":0.0,"max_hp_gain":0.0,"max_hp_loss":0.0,"gold_gain":0.0,"event_name":"Golden Wing","player_choice":"Card Removal","floor":5.0,"gold_loss":0.0,"damage_taken":7.0}],"is_beta":false,"boss_relics":[{"not_picked":["Calling Bell","Runic Dome"],"picked":"Astrolabe"}],"items_purged_floors":[11],"is_endless":false,"potions_floor_spawned":[7,13,18,19],"killed_by":"Gremlin Leader","ascension_level":2}}