{"host":"36t3qd3wjvajtu1z","time":1613594290,"event":{"mods":["2.2 Compatiblity","AchievementEnabler","BaseMod","Bestiary","Block Reminder","Colored Powertips","Curses Come First","Filter the Spire","Highlight Path","Minty Spire (QoL Compilation)","Permanent Neow","Quick Restart","Random Character Button","Rare Cards Sparkle","Relic Stats","Slay-I","StSLib","Unknown Chances"],"gold_per_floor":[119,130,181,193,204,204,8,36,36,36,1,1,31,41,41,120,120,139,139,158,158,168,168,180,208,208,233,243,3,3,3,3,75,75,91,91,102,120,120,120,191,226,226,246,262,277,310,17,17,17],"floor_reached":51,"language":"ENG","playtime":3179,"items_purged":["Defend_B","Strike_B","FTL"],"score":1227,"play_id":"5b078848-17fd-40ca-a64e-09977a559ba5","local_time":"20210217123810","is_ascension_mode":true,"campfire_choices":[{"data":"Streamline","floor":6.0,"key":"SMITH"},{"data":"Sunder","floor":10.0,"key":"SMITH"},{"data":"Self Repair","floor":12.0,"key":"SMITH"},{"data":"Beam Cell","floor":15.0,"key":"SMITH"},{"floor":23.0,"key":"REST"},{"floor":30.0,"key":"REST"},{"floor":32.0,"key":"REST"},{"data":"Strike_B","floor":40.0,"key":"PURGE"},{"floor":49,"key":"REST"}],"circlet_count":0,"master_deck":["AscendersBane","Defend_B","Defend_B","Defend_B","Zap","Dualcast","Stack","Sunder+1","Ball Lightning","Streamline+1","Hologram","Self Repair+1","Beam Cell+1","Seek","Electrodynamics","Conserve Battery","Fission","Aggregate","Reboot","Recycle","Apotheosis","Creative AI","CurseOfTheBell","Leap","Mayhem+1","Enlightenment","Heatsinks+1","Go for the Eyes+1","Conserve Battery"],"relics":["Cracked Core","Smiling Mask","Bag of Marbles","Centennial Puzzle","Blue Candle","Happy Flower","Fusion Hammer","Nilry\u0027s Codex","Thread and Needle","Pear","Oddly Smooth Stone","Calling Bell","Lantern","Frozen Egg 2","Peace Pipe","White Beast Statue","Emotion Chip","Mercury Hourglass","Boot","Frozen Eye"],"acts_visited":["Exordium","TheCity","TheBeyond"],"potions_floor_usage":[45,46,46,47,50],"damage_taken":[{"damage":4.0,"enemies":"Cultist","floor":1.0,"turns":5.0},{"damage":1.0,"enemies":"2 Louse","floor":2.0,"turns":2.0},{"damage":0.0,"enemies":"Small Slimes","floor":4.0,"turns":2.0},{"damage":1.0,"enemies":"Looter","floor":5.0,"turns":3.0},{"damage":20.0,"enemies":"3 Sentries","floor":8.0,"turns":4.0},{"damage":27.0,"enemies":"Lagavulin","floor":13.0,"turns":5.0},{"damage":0.0,"enemies":"3 Louse","floor":14.0,"turns":2.0},{"damage":18.0,"enemies":"Slime Boss","floor":16.0,"turns":9.0},{"damage":6.0,"enemies":"Spheric Guardian","floor":18.0,"turns":3.0},{"damage":11.0,"enemies":"Shell Parasite","floor":20.0,"turns":4.0},{"damage":9.0,"enemies":"Cultist and Chosen","floor":22.0,"turns":4.0},{"damage":11.0,"enemies":"Snake Plant","floor":24.0,"turns":3.0},{"damage":18.0,"enemies":"Gremlin Leader","floor":25.0,"turns":7.0},{"damage":9.0,"enemies":"Slavers","floor":27.0,"turns":3.0},{"damage":0.0,"enemies":"Shelled Parasite and Fungi","floor":28.0,"turns":3.0},{"damage":11.0,"enemies":"Collector","floor":33.0,"turns":7.0},{"damage":8.0,"enemies":"Orb Walker","floor":35.0,"turns":5.0},{"damage":15.0,"enemies":"3 Shapes","floor":37.0,"turns":3.0},{"damage":30.0,"enemies":"Spire Growth","floor":38.0,"turns":5.0},{"damage":37.0,"enemies":"Giant Head","floor":42.0,"turns":8.0},{"damage":8.0,"enemies":"3 Darklings","floor":44.0,"turns":2.0},{"damage":0,"enemies":"4 Shapes","floor":45,"turns":5},{"damage":10,"enemies":"Jaw Worm Horde","floor":46,"turns":3},{"damage":20,"enemies":"Nemesis","floor":47,"turns":5},{"damage":24,"enemies":"Donu and Deca","floor":50,"turns":11}],"seed_played":"-5374981707900719614","potions_obtained":[{"floor":2.0,"key":"PotionOfCapacity"},{"floor":4.0,"key":"AttackPotion"},{"floor":14.0,"key":"Strength Potion"},{"floor":24.0,"key":"FearPotion"},{"floor":25.0,"key":"EntropicBrew"},{"floor":28.0,"key":"BlessingOfTheForge"},{"floor":42.0,"key":"AttackPotion"},{"floor":44.0,"key":"BlessingOfTheForge"},{"floor":45,"key":"EssenceOfSteel"},{"floor":46,"key":"Weak Potion"},{"floor":47,"key":"Weak Potion"}],"is_trial":false,"path_per_floor":["M","M","T","M","M","R","$","E","T","R","?","R","E","M","R","B",null,"M","?","M","?","M","R","M","E","T","E","M","$","R","?","R","B",null,"M","?","M","M","?","R","T","E","T","M","M","M","E","$","R","B",null],"character_chosen":"DEFECT","items_purchased":["Bag of Marbles","Apotheosis","Conserve Battery","Frozen Eye","SpeedPotion"],"campfire_rested":4,"item_purchase_floors":[7,29,48,48,48],"current_hp_per_floor":[60,59,59,59,58,58,58,38,38,38,55,55,38,38,38,30,61,65,65,64,48,49,70,69,61,71,72,81,81,81,66,86,85,86,86,76,71,51,51,51,51,24,24,16,26,26,16,16,41,27],"gold":17,"neow_bonus":"TRANSFORM_CARD","is_daily":false,"chose_seed":false,"campfire_upgraded":4,"win_rate":0.0,"timestamp":1613594290,"path_taken":["M","M","?","M","M","R","$","E","T","R","?","R","E","M","R","BOSS","M","?","M","?","M","R","M","E","T","E","M","$","R","?","R","BOSS","M","?","M","M","?","R","?","E","T","M","M","M","E","$","R","BOSS"],"items_purchased_type":["Relic","Card","Card","Relic","Potion"],"build_version":"2020-12-22","purchased_purges":3,"victory":true,"max_hp_per_floor":[71,71,71,71,71,71,71,71,71,71,71,71,71,71,71,71,71,71,71,71,71,71,71,71,71,81,81,81,81,81,86,86,86,86,86,86,86,86,86,86,86,86,86,86,86,86,86,86,86,86],"relic_stats":{"Peace Pipe":1,"Centennial Puzzle":[51],"Emotion Chip":[13,12,0,1,0],"Happy Flower":[30],"counters":[25,112],"Blue Candle":[1],"Smiling Mask":150,"Boot":[4],"obtain_stats":[{"Lantern":34,"Pear":26,"Happy Flower":13,"Nilry\u0027s Codex":21,"Blue Candle":9,"Oddly Smooth Stone":27,"Thread and Needle":25,"Frozen Egg 2":34,"Smiling Mask":3,"Boot":47,"White Beast Statue":41,"Mercury Hourglass":43,"Calling Bell":34,"Peace Pipe":34,"Frozen Eye":48,"Centennial Puzzle":8,"Emotion Chip":42,"Fusion Hammer":17,"Bag of Marbles":7,"Cracked Core":0},{"Lantern":16,"Pear":13,"Happy Flower":6,"Nilry\u0027s Codex":10,"Blue Candle":5,"Oddly Smooth Stone":14,"Thread and Needle":13,"Frozen Egg 2":16,"Smiling Mask":2,"Boot":24,"White Beast Statue":19,"Mercury Hourglass":20,"Calling Bell":16,"Peace Pipe":16,"Frozen Eye":24,"Centennial Puzzle":5,"Emotion Chip":20,"Fusion Hammer":8,"Bag of Marbles":4,"Cracked Core":0},{"Lantern":66,"Pear":53,"Happy Flower":21,"Nilry\u0027s Codex":39,"Blue Candle":16,"Oddly Smooth Stone":56,"Thread and Needle":53,"Frozen Egg 2":66,"Smiling Mask":7,"Boot":101,"White Beast Statue":78,"Mercury Hourglass":86,"Calling Bell":66,"Peace Pipe":66,"Frozen Eye":101,"Centennial Puzzle":16,"Emotion Chip":86,"Fusion Hammer":32,"Bag of Marbles":12,"Cracked Core":0}],"Mercury Hourglass":[113]},"card_choices":[{"not_picked":["Coolheaded","Hologram"],"picked":"Sunder","floor":1.0},{"not_picked":["Aggregate","Rebound"],"picked":"Ball Lightning","floor":2.0},{"not_picked":["Compile Driver","Reinforced Body"],"picked":"Streamline","floor":4.0},{"not_picked":["Tempest","Coolheaded"],"picked":"Hologram","floor":5.0},{"not_picked":["Conserve Battery","Chaos"],"picked":"Self Repair","floor":8.0},{"not_picked":["Consume","Cold Snap"],"picked":"Beam Cell","floor":13.0},{"not_picked":["Redo","Go for the Eyes"],"picked":"Seek","floor":14.0},{"not_picked":["Rainbow","All For One"],"picked":"Electrodynamics","floor":16.0},{"not_picked":["Stack","Beam Cell"],"picked":"FTL","floor":18.0},{"not_picked":["Gash+1","Cold Snap","Steam+1"],"picked":"SKIP","floor":20.0},{"not_picked":["Barrage","Compile Driver"],"picked":"Conserve Battery","floor":22.0},{"not_picked":["Barrage","Steam"],"picked":"Fission","floor":24.0},{"not_picked":["Reinforced Body","Undo+1"],"picked":"Aggregate","floor":25.0},{"not_picked":["Steam","FTL"],"picked":"Reboot","floor":27.0},{"not_picked":["Steam Power","Melter"],"picked":"Recycle","floor":28.0},{"not_picked":["Echo Form","Thunder Strike"],"picked":"Creative AI","floor":33.0},{"not_picked":["Coolheaded","Sunder+1"],"picked":"Leap","floor":35.0},{"not_picked":["Impatience","Mind Blast"],"picked":"Mayhem+1","floor":36.0},{"not_picked":["Flash of Steel","Bandage Up"],"picked":"Enlightenment","floor":36.0},{"not_picked":["Turbo","Go for the Eyes","Steam"],"picked":"SKIP","floor":37.0},{"not_picked":["Redo","Turbo","Sweeping Beam"],"picked":"SKIP","floor":38.0},{"not_picked":["Sweeping Beam+1","Barrage","Darkness"],"picked":"SKIP","floor":42.0},{"not_picked":["Gash","Stack"],"picked":"Heatsinks+1","floor":44.0},{"not_picked":["Steam","Redo","BootSequence"],"picked":"SKIP","floor":45},{"not_picked":["Sweeping Beam","Genetic Algorithm","Chaos"],"picked":"SKIP","floor":46},{"not_picked":["Stack","Compile Driver"],"picked":"Go for the Eyes+1","floor":47}],"player_experience":539470,"relics_obtained":[{"floor":3.0,"key":"Smiling Mask"},{"floor":8.0,"key":"Centennial Puzzle"},{"floor":9.0,"key":"Blue Candle"},{"floor":13.0,"key":"Happy Flower"},{"floor":21.0,"key":"Nilry\u0027s Codex"},{"floor":25.0,"key":"Thread and Needle"},{"floor":26.0,"key":"Pear"},{"floor":27.0,"key":"Oddly Smooth Stone"},{"floor":34.0,"key":"Lantern"},{"floor":34.0,"key":"Frozen Egg 2"},{"floor":34.0,"key":"Peace Pipe"},{"floor":41.0,"key":"White Beast Statue"},{"floor":42.0,"key":"Emotion Chip"},{"floor":43.0,"key":"Mercury Hourglass"},{"floor":47,"key":"Boot"}],"event_choices":[{"damage_healed":17.0,"max_hp_gain":0.0,"max_hp_loss":0.0,"gold_gain":0.0,"event_name":"The Cleric","player_choice":"Healed","floor":11.0,"gold_loss":35.0,"damage_taken":0.0},{"cards_removed":["Strike_B"],"damage_healed":0.0,"max_hp_gain":0.0,"max_hp_loss":0.0,"gold_gain":0.0,"event_name":"Back to Basics","player_choice":"Elegance","floor":19.0,"gold_loss":0.0,"damage_taken":0.0},{"damage_healed":0.0,"max_hp_gain":0.0,"max_hp_loss":0.0,"gold_gain":0.0,"event_name":"Cursed Tome","player_choice":"Obtained Book","floor":21.0,"gold_loss":0.0,"damage_taken":16.0},{"damage_healed":0.0,"max_hp_gain":5.0,"max_hp_loss":0.0,"gold_gain":0.0,"event_name":"Forgotten Altar","player_choice":"Shed Blood","floor":31.0,"gold_loss":0.0,"damage_taken":20.0},{"damage_healed":0.0,"max_hp_gain":0.0,"max_hp_loss":0.0,"gold_gain":0.0,"event_name":"SensoryStone","player_choice":"Memory 3","floor":36.0,"gold_loss":0.0,"damage_taken":10.0},{"damage_healed":0.0,"max_hp_gain":0.0,"max_hp_loss":0.0,"gold_gain":0.0,"event_name":"Tomb of Lord Red Mask","player_choice":"Ignored","floor":39.0,"gold_loss":0.0,"damage_taken":0.0}],"is_beta":false,"boss_relics":[{"not_picked":["Busted Crown","Ectoplasm"],"picked":"Fusion Hammer"},{"not_picked":["Nuclear Battery","Runic Pyramid"],"picked":"Calling Bell"}],"items_purged_floors":[7,29,48],"is_endless":false,"potions_floor_spawned":[2,4,14,18,24,25,28,37,42,44,45,46,47],"ascension_level":14}}