{"host":"7wi4qgm5yw4j7oz0","time":1613584925,"event":{"mods":["AchievementEnabler","BaseMod","Block Reminder","Colored Map","Colored Powertips","Highlight Path","Minty Spire (QoL Compilation)","Permanent Neow","Random Character Button","StSLib","everything is the same but u backflip on backflip"],"gold_per_floor":[112,127,52,67,80,114,127,147,147,174,174,200,200,219,219,316,316,328,134,147,159,159,159,187,187,187,220,220,250,263,291,291,390,390,400,400,63,63,76,76,26,26,26,26,26,76,95,111,111,111],"floor_reached":51,"language":"KOR","playtime":3413,"items_purged":["Bash","Strike_R","Strike_R","Defend_R"],"score":1121,"play_id":"b1a89b9f-41f8-4fa8-820b-da235636dfb4","local_time":"20210218030205","is_ascension_mode":true,"campfire_choices":[{"floor":11.0,"key":"REST"},{"data":"Limit Break","floor":13.0,"key":"SMITH"},{"data":"Sword Boomerang","floor":15.0,"key":"SMITH"},{"data":"Barricade","floor":23.0,"key":"SMITH"},{"data":"Immolate","floor":25.0,"key":"SMITH"},{"data":"Rage","floor":32,"key":"SMITH"},{"data":"Trip","floor":40,"key":"SMITH"},{"data":"Battle Trance","floor":42,"key":"SMITH"},{"data":"Double Tap","floor":45,"key":"SMITH"},{"data":"Spot Weakness","floor":49,"key":"SMITH"}],"circlet_count":0,"master_deck":["AscendersBane","Defend_R","Defend_R","Defend_R","Trip+1","Clothesline","Sword Boomerang+1","Barricade+1","Spot Weakness+1","Shrug It Off","Headbutt","Limit Break+1","Reaper","Rage+1","Body Slam+1","Armaments+1","Blood for Blood+1","Warcry+1","Heavy Blade+1","Double Tap+1","Battle Trance+1","Shrug It Off","Ghostly Armor"],"relics":["Burning Blood","Incense Burner","Orichalcum","Smiling Mask","PreservedInsect","Empty Cage","Orrery","Enchiridion","Boot","Torii","Gremlin Horn","MutagenicStrength","Centennial Puzzle","Blood Vial","Runic Dome","Paper Frog","Question Card","Juzu Bracelet","Prayer Wheel"],"acts_visited":["Exordium","TheCity","TheBeyond"],"potions_floor_usage":[30,33,48,48,50,50,50,50],"damage_taken":[{"damage":6.0,"enemies":"Cultist","floor":1.0,"turns":3.0},{"damage":2.0,"enemies":"Jaw Worm","floor":2.0,"turns":4.0},{"damage":8.0,"enemies":"2 Louse","floor":4.0,"turns":4.0},{"damage":9.0,"enemies":"Blue Slaver","floor":5.0,"turns":3.0},{"damage":32.0,"enemies":"3 Sentries","floor":6.0,"turns":8.0},{"damage":28.0,"enemies":"Exordium Thugs","floor":7.0,"turns":6.0},{"damage":10.0,"enemies":"2 Fungi Beasts","floor":8.0,"turns":4.0},{"damage":7.0,"enemies":"Gremlin Nob","floor":12.0,"turns":4.0},{"damage":4.0,"enemies":"Looter","floor":14.0,"turns":3.0},{"damage":20.0,"enemies":"Hexaghost","floor":16.0,"turns":9.0},{"damage":10.0,"enemies":"Shell Parasite","floor":18.0,"turns":5.0},{"damage":33.0,"enemies":"3 Byrds","floor":20.0,"turns":6.0},{"damage":40.0,"enemies":"Centurion and Healer","floor":21.0,"turns":13.0},{"damage":18.0,"enemies":"Gremlin Leader","floor":24.0,"turns":7.0},{"damage":1.0,"enemies":"Slavers","floor":27.0,"turns":4.0},{"damage":21,"enemies":"Gremlin Leader","floor":29,"turns":3},{"damage":9,"enemies":"Snake Plant","floor":30,"turns":3},{"damage":21,"enemies":"Book of Stabbing","floor":31,"turns":4},{"damage":68,"enemies":"Collector","floor":33,"turns":8},{"damage":20,"enemies":"Orb Walker","floor":35,"turns":4},{"damage":8,"enemies":"3 Shapes","floor":39,"turns":4},{"damage":3,"enemies":"Mind Bloom Boss Battle","floor":46,"turns":6},{"damage":27,"enemies":"Transient","floor":47,"turns":5},{"damage":0,"enemies":"Jaw Worm Horde","floor":48,"turns":3},{"damage":44,"enemies":"Donu and Deca","floor":50,"turns":6}],"seed_played":"-2257566655863681276","potions_obtained":[{"floor":2.0,"key":"Swift Potion"},{"floor":5.0,"key":"DistilledChaos"},{"floor":8.0,"key":"Regen Potion"},{"floor":14.0,"key":"Dexterity Potion"},{"floor":16.0,"key":"Strength Potion"},{"floor":24.0,"key":"Energy Potion"},{"floor":27.0,"key":"Dexterity Potion"},{"floor":31,"key":"BloodPotion"},{"floor":33,"key":"BloodPotion"},{"floor":46,"key":"ElixirPotion"},{"floor":48,"key":"EntropicBrew"}],"is_trial":false,"path_per_floor":["M","M","$","M","M","E","M","M","T","T","R","E","R","M","R","B",null,"M","$","M","M","?","R","E","R","T","E","?","E","M","E","R","B",null,"M","?","$","T","M","R","$","R","T","?","R","?","M","M","R","B",null],"character_chosen":"IRONCLAD","items_purchased":["Orrery","Paper Frog","Shrug It Off"],"campfire_rested":1,"item_purchase_floors":[19,37,37],"current_hp_per_floor":[72,76,76,74,71,45,23,19,19,19,43,54,54,56,56,42,71,67,67,47,56,40,40,49,49,49,56,56,51,48,57,57,29,67,55,55,55,55,55,55,55,55,55,55,55,80,59,80,80,80],"gold":111,"neow_bonus":"RANDOM_COLORLESS","is_daily":false,"chose_seed":false,"campfire_upgraded":9,"win_rate":0.0,"timestamp":1613584925,"path_taken":["M","M","$","M","M","E","M","M","T","?","R","E","R","?","R","BOSS","M","$","M","M","?","R","E","R","T","E","?","E","M","E","R","BOSS","M","?","$","?","M","R","$","R","T","?","R","?","M","M","R","BOSS"],"items_purchased_type":["Relic","Relic","Card"],"build_version":"2020-12-22","purchased_purges":4,"victory":true,"max_hp_per_floor":[80,80,80,80,80,80,80,80,80,80,80,80,80,80,80,80,80,80,80,80,80,80,80,80,80,80,80,80,80,80,80,80,80,80,80,80,80,80,80,80,80,80,80,80,80,80,80,80,80,80],"card_choices":[{"not_picked":["Deep Breath","Mind Blast"],"picked":"Trip","floor":0.0},{"not_picked":["Seeing Red","Headbutt"],"picked":"Clothesline","floor":1.0},{"not_picked":["Heavy Blade","Clash","Burning Pact"],"picked":"SKIP","floor":2.0},{"not_picked":["Shrug It Off","Clothesline"],"picked":"Sword Boomerang","floor":4.0},{"not_picked":["Clash","Heavy Blade"],"picked":"Barricade","floor":5.0},{"not_picked":["Burning Pact","Warcry"],"picked":"Spot Weakness","floor":6.0},{"not_picked":["Armaments","Spot Weakness"],"picked":"Shrug It Off","floor":7.0},{"not_picked":["Iron Wave","Seeing Red"],"picked":"Headbutt","floor":8.0},{"not_picked":["Havoc","Wild Strike"],"picked":"Limit Break","floor":12.0},{"not_picked":["Perfected Strike","Heavy Blade","Twin Strike"],"picked":"SKIP","floor":14.0},{"not_picked":["Double Tap","Immolate"],"picked":"Reaper","floor":16.0},{"not_picked":["Carnage","Evolve"],"picked":"Rage","floor":18.0},{"not_picked":["Uppercut","Metallicize"],"picked":"Body Slam+1","floor":19.0},{"not_picked":["Ghostly Armor+1","Pommel Strike"],"picked":"Armaments+1","floor":19.0},{"not_picked":["Havoc","Metallicize"],"picked":"Blood for Blood+1","floor":19.0},{"not_picked":["Bludgeon","Cleave"],"picked":"Warcry+1","floor":20.0},{"not_picked":["Shrug It Off","Warcry","Havoc"],"picked":"SKIP","floor":21.0},{"not_picked":["Shrug It Off","Warcry","Havoc"],"picked":"SKIP","floor":21.0},{"not_picked":["Rupture+1","Armaments"],"picked":"Immolate","floor":24.0},{"not_picked":["Armaments+1","Dark Embrace","True Grit+1"],"picked":"SKIP","floor":27.0},{"not_picked":["Flex","Pommel Strike"],"picked":"Heavy Blade+1","floor":29},{"not_picked":["Sword Boomerang","Anger","Combust"],"picked":"SKIP","floor":30},{"not_picked":["Clothesline","Cleave","Warcry"],"picked":"SKIP","floor":31},{"not_picked":["Bludgeon","Fiend Fire"],"picked":"Double Tap","floor":33},{"not_picked":["Iron Wave","Second Wind+1"],"picked":"Battle Trance","floor":35},{"not_picked":["Anger+1","Sword Boomerang+1","Thunderclap","Clothesline+1"],"picked":"SKIP","floor":39},{"not_picked":["Power Through","Iron Wave","Rupture+1"],"picked":"Ghostly Armor","floor":46},{"not_picked":["Wild Strike","Metallicize","Reaper","Havoc"],"picked":"SKIP","floor":47},{"not_picked":["Carnage+1","Thunderclap","Dual Wield","Intimidate"],"picked":"SKIP","floor":47},{"not_picked":["Warcry","Anger","Pommel Strike","Flex+1"],"picked":"SKIP","floor":48},{"not_picked":["Cleave","Carnage","Power Through+1","Pommel Strike"],"picked":"SKIP","floor":48}],"player_experience":320399,"relics_obtained":[{"floor":6.0,"key":"Incense Burner"},{"floor":9.0,"key":"Orichalcum"},{"floor":10.0,"key":"Smiling Mask"},{"floor":12.0,"key":"PreservedInsect"},{"floor":22.0,"key":"Enchiridion"},{"floor":24.0,"key":"Boot"},{"floor":26.0,"key":"Torii"},{"floor":27.0,"key":"Gremlin Horn"},{"floor":29,"key":"Centennial Puzzle"},{"floor":31,"key":"Blood Vial"},{"floor":38,"key":"Question Card"},{"floor":43,"key":"Juzu Bracelet"},{"floor":46,"key":"Prayer Wheel"}],"event_choices":[{"damage_healed":0.0,"max_hp_gain":0.0,"max_hp_loss":0.0,"gold_gain":0.0,"event_name":"Cursed Tome","player_choice":"Obtained Book","floor":22.0,"gold_loss":0.0,"damage_taken":16.0},{"damage_healed":0,"gold_gain":0,"player_choice":"Inject Mutagens","damage_taken":0,"relics_obtained":["MutagenicStrength"],"max_hp_gain":0,"max_hp_loss":0,"event_name":"Drug Dealer","floor":28,"gold_loss":0},{"cards_removed":["Strike_R"],"damage_healed":0,"gold_gain":0,"player_choice":"Offered Basic","damage_taken":0,"max_hp_gain":0,"max_hp_loss":0,"event_name":"Bonfire Elementals","floor":36,"gold_loss":0},{"cards_removed":["Immolate"],"damage_healed":0,"gold_gain":0,"player_choice":"Removed Attack","damage_taken":0,"max_hp_gain":0,"max_hp_loss":0,"event_name":"Falling","floor":44,"gold_loss":0},{"damage_healed":0,"gold_gain":0,"player_choice":"Fight","damage_taken":0,"max_hp_gain":0,"max_hp_loss":0,"event_name":"MindBloom","floor":46,"gold_loss":0}],"is_beta":false,"boss_relics":[{"not_picked":["Runic Pyramid","Pandora\u0027s Box"],"picked":"Empty Cage"},{"not_picked":["Snecko Eye","Tiny House"],"picked":"Runic Dome"}],"items_purged_floors":[3,19,37,41],"is_endless":false,"potions_floor_spawned":[2,5,8,14,16,24,27,31,33,46,48],"ascension_level":12}}