{"host":"sum4dy402bbv9y4o","time":1613595612,"event":{"mods":["Aspiration","BaseMod","Conspire","Highlight Path","Minty Spire (QoL Compilation)","StSLib"],"gold_per_floor":[369,419,47,67,3,3,20,48,60,72,95,107,133,173,185,271,283,306,31,50,62,62,62],"floor_reached":22,"language":"ENG","playtime":812,"items_purged":["Strike_P"],"score":442,"play_id":"c1dacfdd-f2e2-4652-b915-50b181ea74b8","local_time":"20210218000012","is_ascension_mode":true,"campfire_choices":[{"data":"TalkToTheHand","floor":10,"key":"SMITH"},{"data":"Eruption","floor":15,"key":"SMITH"}],"circlet_count":0,"master_deck":["AscendersBane","Strike_P","Strike_P","Strike_P","Defend_P","Defend_P","Defend_P","Defend_P","Eruption+1","Vigilance","InnerPeace","SashWhip","ClearTheMind","JustLucky","TalkToTheHand+1","Conclude","ThirdEye","EmptyBody","CarveReality","Body Slam","Rage","Metallicize"],"relics":["PureWater","Vajra","MawBank","aspiration:SeaSaltIceCream","PureWater","Omamori","aspiration:IroncladSkillbook","TeardropLocket"],"acts_visited":["Exordium","TheCity"],"potions_floor_usage":[8,8,21],"damage_taken":[{"damage":2,"enemies":"Small Slimes","floor":1,"turns":3},{"damage":0,"enemies":"Cultist","floor":4,"turns":2},{"damage":1,"enemies":"2 Louse","floor":7,"turns":3},{"damage":0,"enemies":"Gremlin Nob","floor":8,"turns":2},{"damage":0,"enemies":"2 Fungi Beasts","floor":11,"turns":2},{"damage":11,"enemies":"Exordium Thugs","floor":13,"turns":5},{"damage":5,"enemies":"3 Sentries","floor":14,"turns":3},{"damage":23,"enemies":"Hexaghost","floor":16,"turns":8},{"damage":4,"enemies":"Shell Parasite","floor":18,"turns":6},{"damage":0,"enemies":"Spheric Guardian","floor":20,"turns":2},{"damage":8,"enemies":"Snecko","floor":21,"turns":5},{"damage":63,"enemies":"Cultist and Chosen","floor":22,"turns":6}],"seed_played":"-7876510084600853994","potions_obtained":[{"floor":1,"key":"Weak Potion"},{"floor":6,"key":"Strength Potion"},{"floor":18,"key":"Energy Potion"}],"is_trial":false,"path_per_floor":["M","?","$","M","?","?","M","E","T","R","M","?","M","E","R","B",null,"M","$","M","M","M"],"character_chosen":"WATCHER","items_purchased":["Vajra","SashWhip","SkillPotion","ClearTheMind","TeardropLocket"],"campfire_rested":0,"item_purchase_floors":[3,3,3,3,19],"current_hp_per_floor":[41,35,35,35,35,35,34,34,34,34,34,56,45,40,40,17,55,55,55,59,55,0,0],"gold":62,"neow_bonus":"TWO_FIFTY_GOLD","is_daily":false,"chose_seed":false,"campfire_upgraded":2,"win_rate":0.0,"timestamp":1613595612,"path_taken":["M","?","$","?","?","?","?","E","T","R","M","?","M","E","R","BOSS","M","$","M","M","M"],"items_purchased_type":["Relic","Card","Potion","Card","Relic"],"build_version":"2020-12-22","purchased_purges":1,"victory":false,"max_hp_per_floor":[68,68,68,68,68,68,68,68,68,68,68,68,68,68,68,68,68,68,68,68,68,68,68],"card_choices":[{"not_picked":["Pray","WreathOfFlame"],"picked":"InnerPeace","floor":1},{"not_picked":["Collect","Crescendo"],"picked":"JustLucky","floor":4},{"not_picked":["ThirdEye","BowlingBash"],"picked":"TalkToTheHand","floor":7},{"not_picked":["Protect","EmptyMind"],"picked":"Conclude","floor":8},{"not_picked":["WaveOfTheHand","PathToVictory"],"picked":"ThirdEye","floor":11},{"not_picked":["PathToVictory","CutThroughFate"],"picked":"EmptyBody","floor":13},{"not_picked":["ClearTheMind","JustLucky"],"picked":"CarveReality","floor":14},{"not_picked":["Searing Blow","Reckless Charge","Flex"],"picked":"Body Slam","floor":18},{"not_picked":["Wild Strike","WheelKick","ThirdEye"],"picked":"Rage","floor":20},{"not_picked":["Bloodletting","Rampage","Cleave"],"picked":"Metallicize","floor":21}],"player_experience":3111464,"relics_obtained":[{"floor":8,"key":"MawBank"},{"floor":9,"key":"aspiration:SeaSaltIceCream"},{"floor":14,"key":"Omamori"}],"event_choices":[{"damage_healed":0,"gold_gain":50,"player_choice":"Touch","damage_taken":6,"max_hp_gain":0,"max_hp_loss":0,"event_name":"FaceTrader","floor":2,"gold_loss":0},{"damage_healed":0,"gold_gain":0,"player_choice":"Left Gold","damage_taken":0,"max_hp_gain":0,"max_hp_loss":0,"event_name":"World of Goop","floor":5,"gold_loss":64},{"damage_healed":0,"gold_gain":0,"player_choice":"Got Potions","damage_taken":0,"max_hp_gain":0,"max_hp_loss":0,"event_name":"Lab","floor":6,"gold_loss":0},{"damage_healed":22,"gold_gain":0,"player_choice":"Banana","damage_taken":0,"max_hp_gain":0,"max_hp_loss":0,"event_name":"Big Fish","floor":12,"gold_loss":0}],"is_beta":false,"boss_relics":[{"not_picked":["Snecko Eye","Ectoplasm"],"picked":"aspiration:IroncladSkillbook"}],"items_purged_floors":[3],"is_endless":false,"potions_floor_spawned":[1,4,18],"killed_by":"Cultist and Chosen","ascension_level":20}}