{"host":"j1eo1fqrqta44853","time":1613538229,"event":{"mods":["Act Like it!","Bartender","BaseMod","Bestiary","Bossed Relics","CatGirl Mod","Custom Start","Downfall","Elementarium","Gensokyo","GungeonMod","HololiveMod","Hubris","Infinite Spire","KinomotoSakuraMod(????)","Koishi","Lobotomy","LobotomyExtend","Marisa????????","Minty Spire (QoL Compilation)","Pale of the Ancients","Rare Cards Sparkle","Reimu??????","Reliquary","Replay The Spire","Ruina","SIMod","Shedinja","Spire Arcade","StSLib","The Alterego","The Jungle","The Marked","The Mystic","The Runesmith","The Senshi","The Vixen","TheBandit","Waifu the Spire","WarShipGirlsR/????R mod","Yakumo Yukari mod"],"gold_per_floor":[110,110,120,139,139,174,174,206,206,226,240,303,331,346,346,442,442,454,388,401,49,65,65,65,65,96,96,96,96,108,108,108,122,122,227,227,245,261,261,280,128,128,128,128,153,153,163,163,163,174,174,174,174,174],"floor_reached":53,"language":"ENG","playtime":9160,"items_purged":["alterego_mod:Strike"],"score":722,"play_id":"149a4d87-5609-4ece-b655-5541bc1c7272","local_time":"20210216230349","is_ascension_mode":false,"campfire_choices":[{"floor":7.0,"key":"RECALL"},{"data":"alterego_mod:Nekomimi","floor":15.0,"key":"SMITH"},{"data":"alterego_mod:Venus","floor":25.0,"key":"SMITH"},{"data":"alterego_mod:Mirror","floor":29.0,"key":"SMITH"},{"data":"alterego_mod:Crossover","floor":31.0,"key":"SMITH"},{"data":"alterego_mod:RocketPunch","floor":34.0,"key":"SMITH"},{"data":"Pot Of Greed","floor":42.0,"key":"SMITH"},{"data":"Pot Of Greed","floor":46.0,"key":"SMITH"},{"data":"Pot Of Greed","floor":48.0,"key":"SMITH"},{"data":"infinitespire:Collect","floor":51.0,"key":"SMITH"}],"circlet_count":0,"master_deck":["alterego_mod:Strike","alterego_mod:Strike","alterego_mod:Strike","alterego_mod:Defend","alterego_mod:Defend","alterego_mod:Defend","alterego_mod:Defend","alterego_mod:BrynhildrsRune","alterego_mod:RocketPunch+1","alterego_mod:Nekomimi+1","Pot Of Greed+1","alterego_mod:MagicResistance","Pot Of Greed+1","alterego_mod:Vow","alterego_mod:Mirror+1","alterego_mod:Cushion","alterego_mod:TrickOrTreatment","alterego_mod:Bounce","alterego_mod:Venus+1","CurseOfTheBell","alterego_mod:Bunnysuit+1","alterego_mod:Jiggle+1","alterego_mod:Bounce","alterego_mod:MagicResistance+1","alterego_mod:Birthday+1","Pot Of Greed+1","infinitespire:Collect+1","alterego_mod:Crossover+1","alterego_mod:Rip+1","alterego_mod:Weigh","alterego_mod:GoddessCore+1","alterego_mod:ChallengeComplete+1"],"relics":["alterego_mod:MasochisticConstitution","Grinning Jar","DemoMod:WhiteGuonStone","Iron Hammer","Tea:ReiMu","HornCleat","Calling Bell","Happy Flower","Frozen Egg 2","hubris:GlazedTorus","Replay:WaspNest","infinitespire:CheckeredPen","Peace Pipe","hubris:CrystalStatue","Tiny House","reliquary:Stiletto","Boot","Blue Candle","paleoftheancients:Timepiece","paleoftheancients:KeyRelic","Ice Cream","Gremlin Horn"],"acts_visited":["Exordium","TheCity","TheBeyond","paleoftheancients:PaleOfTheAncients"],"potions_floor_usage":[],"damage_taken":[{"damage":3.0,"enemies":"Jaw Worm","floor":1.0,"turns":7.0},{"damage":3.0,"enemies":"Cultist","floor":3.0,"turns":5.0},{"damage":8.0,"enemies":"2 Louse","floor":4.0,"turns":5.0},{"damage":9.0,"enemies":"Replay:BlueRogue","floor":6.0,"turns":14.0},{"damage":7.0,"enemies":"3 Sentries","floor":8.0,"turns":30.0},{"damage":11.0,"enemies":"Exordium Thugs","floor":10.0,"turns":5.0},{"damage":0.0,"enemies":"Lots of Slimes","floor":11.0,"turns":4.0},{"damage":17.0,"enemies":"Gremlin Nob","floor":13.0,"turns":6.0},{"damage":0.0,"enemies":"Exordium Wildlife","floor":14.0,"turns":5.0},{"damage":7.0,"enemies":"The Guardian","floor":16.0,"turns":13.0},{"damage":0.0,"enemies":"Chosen","floor":18.0,"turns":5.0},{"damage":7.0,"enemies":"2 Thieves","floor":20.0,"turns":4.0},{"damage":2.0,"enemies":"Snecko","floor":22.0,"turns":5.0},{"damage":8.0,"enemies":"Slavers","floor":26.0,"turns":5.0},{"damage":3.0,"enemies":"Sentry and Sphere","floor":30.0,"turns":6.0},{"damage":0.0,"enemies":"Snake Plant","floor":33.0,"turns":4.0},{"damage":8.0,"enemies":"hubris:MusketHawk","floor":35.0,"turns":7.0},{"damage":12.0,"enemies":"3 Darklings","floor":37.0,"turns":6.0},{"damage":2.0,"enemies":"3 Shapes","floor":38.0,"turns":3.0},{"damage":0.0,"enemies":"Spire Growth","floor":40.0,"turns":5.0},{"damage":0.0,"enemies":"Transient","floor":47.0,"turns":5.0},{"damage":1.0,"enemies":"3 Darklings","floor":50.0,"turns":4.0},{"damage":13.0,"enemies":"infinitespire:MassOfShapes","floor":52.0,"turns":4.0},{"damage":0,"enemies":"","floor":53,"turns":1}],"seed_played":"-3183723889109494864","potions_obtained":[{"floor":3.0,"key":"hexamod:SoulburnPotion"},{"floor":6.0,"key":"sneckomod:MuddlingPotion"},{"floor":8.0,"key":"Adrenaline Potion"},{"floor":12.0,"key":"EssenceOfSteel"},{"floor":13.0,"key":"Explosive Potion"},{"floor":18.0,"key":"Block Potion"},{"floor":20.0,"key":"Explosive Potion"},{"floor":26.0,"key":"ColorlessPotion"},{"floor":38.0,"key":"SkillPotion"},{"floor":40.0,"key":"Energy Potion"}],"is_trial":false,"path_per_floor":["M","?","M","M","T","E","R","E","T","M","M","?","E","M","R","B",null,"M","?","M","$","M","PTL","PTL","R","E","?","T","R","M","R","?","M","R","B",null,"M","M","?","M","$","R","?","$","T","R","M","R","T","M","R","B","M"],"character_chosen":"The_Alterego","items_purchased":["alterego_mod:Bounce","infinitespire:CheckeredPen","reliquary:Stiletto"],"campfire_rested":0,"item_purchase_floors":[21,21,41],"current_hp_per_floor":[71,71,72,73,73,72,72,75,75,76,76,57,58,74,74,75,78,78,78,79,79,80,80,80,80,81,62,62,62,82,82,82,82,82,82,83,84,83,83,85,85,85,85,85,85,85,85,85,85,86,86,87,87,87],"gold":174,"neow_bonus":"RANDOM_EVENT","is_daily":false,"chose_seed":false,"campfire_upgraded":9,"win_rate":0.0,"timestamp":1613538229,"path_taken":["M","?","M","?","?","E","R","E","T","M","M","?","E","M","R","BOSS","M","?","M","$","?","PTL","PTL","R","E","?","T","R","M","R","?","M","R","BOSS","M","M","?","M","$","R","?","?","T","R","M","R","?","?","R","BOSS","M"],"items_purchased_type":["Card","Relic","Relic"],"build_version":"2020-12-22","purchased_purges":1,"victory":false,"max_hp_per_floor":[71,71,72,73,73,74,74,75,75,76,76,76,77,77,77,78,78,78,78,79,79,80,80,80,80,81,81,81,81,82,82,82,82,82,83,83,84,85,85,85,85,85,85,85,85,85,85,85,85,86,86,87,87,87],"card_choices":[{"not_picked":["alterego_mod:TrashNCrash","alterego_mod:BiFurious"],"picked":"alterego_mod:RocketPunch","floor":1.0},{"not_picked":["alterego_mod:Collar","alterego_mod:Smother"],"picked":"alterego_mod:Nekomimi","floor":3.0},{"not_picked":["alterego_mod:DeftHands","alterego_mod:BoobPocket","alterego_mod:Cycle"],"picked":"SKIP","floor":4.0},{"not_picked":["alterego_mod:Complex","alterego_mod:Bunnysuit"],"picked":"alterego_mod:MagicResistance","floor":6.0},{"not_picked":["alterego_mod:Undulate","alterego_mod:PresenceConcealment"],"picked":"alterego_mod:Vow","floor":8.0},{"not_picked":["alterego_mod:TrashNCrash","alterego_mod:HighServant"],"picked":"alterego_mod:Mirror","floor":10.0},{"not_picked":["alterego_mod:Maid","alterego_mod:BiFurious"],"picked":"alterego_mod:Cushion","floor":11.0},{"not_picked":["alterego_mod:DestructionOfProperty","alterego_mod:Undulate"],"picked":"alterego_mod:TrickOrTreatment","floor":12.0},{"not_picked":["alterego_mod:Undulate","alterego_mod:HighServant"],"picked":"alterego_mod:Bounce","floor":13.0},{"not_picked":["alterego_mod:Cooking","alterego_mod:Skirt","alterego_mod:BoobPocket"],"picked":"SKIP","floor":14.0},{"not_picked":["alterego_mod:Alter","alterego_mod:Vow"],"picked":"alterego_mod:Venus","floor":16.0},{"not_picked":["alterego_mod:PurpleHair+1","alterego_mod:MagicResistance"],"picked":"alterego_mod:Bunnysuit+1","floor":18.0},{"not_picked":["alterego_mod:Exercise","alterego_mod:Skirt"],"picked":"alterego_mod:Jiggle+1","floor":20.0},{"not_picked":["alterego_mod:DiscoLights+1","alterego_mod:Undulate"],"picked":"alterego_mod:MagicResistance+1","floor":22.0},{"not_picked":["alterego_mod:BustOut+1","alterego_mod:Support+1"],"picked":"alterego_mod:Birthday+1","floor":26.0},{"not_picked":["hubris:Rewind","infinitespire:TheBestDefense"],"picked":"infinitespire:Collect","floor":27.0},{"not_picked":["alterego_mod:Swimsuit","alterego_mod:GachaTicket+1"],"picked":"alterego_mod:Crossover","floor":30.0},{"not_picked":["alterego_mod:SuperDuperMasochism","alterego_mod:Cooking"],"picked":"alterego_mod:Rip+1","floor":33.0},{"not_picked":["alterego_mod:RingBreak+1","alterego_mod:InsideBaseball+1"],"picked":"alterego_mod:Weigh","floor":35.0},{"not_picked":["alterego_mod:Crossover","alterego_mod:1TonWallop"],"picked":"alterego_mod:GoddessCore+1","floor":37.0},{"not_picked":["alterego_mod:Cycle+1","alterego_mod:Clones+1"],"picked":"alterego_mod:ChallengeComplete+1","floor":38.0},{"not_picked":["alterego_mod:Maid","alterego_mod:Cooking","alterego_mod:Jiggle"],"picked":"SKIP","floor":40.0},{"not_picked":["alterego_mod:DiscoLights+1","alterego_mod:Punishment+1","alterego_mod:Lingerie"],"picked":"SKIP","floor":47.0},{"not_picked":["alterego_mod:MagicResistance+1","alterego_mod:Complex","alterego_mod:BiFurious+1"],"picked":"SKIP","floor":50.0}],"player_experience":1147926,"relics_obtained":[{"floor":6.0,"key":"Grinning Jar"},{"floor":8.0,"key":"DemoMod:WhiteGuonStone"},{"floor":9.0,"key":"Iron Hammer"},{"floor":12.0,"key":"Tea:ReiMu"},{"floor":13.0,"key":"HornCleat"},{"floor":17.0,"key":"Happy Flower"},{"floor":17.0,"key":"Frozen Egg 2"},{"floor":17.0,"key":"hubris:GlazedTorus"},{"floor":26.0,"key":"Peace Pipe"},{"floor":28.0,"key":"hubris:CrystalStatue"},{"floor":45.0,"key":"Boot"},{"floor":49.0,"key":"Blue Candle"}],"event_choices":[{"cards_removed":["alterego_mod:Impale"],"damage_healed":0.0,"max_hp_gain":0.0,"max_hp_loss":0.0,"gold_gain":0.0,"event_name":"Living Wall","player_choice":"Forget","floor":0.0,"gold_loss":0.0,"damage_taken":0.0},{"cards_removed":["alterego_mod:BigMeatyClaws"],"damage_healed":0.0,"max_hp_gain":0.0,"max_hp_loss":0.0,"gold_gain":0.0,"event_name":"Purifier","player_choice":"Purged","floor":2.0,"gold_loss":0.0,"damage_taken":0.0},{"damage_healed":0.0,"max_hp_gain":0.0,"max_hp_loss":0.0,"gold_gain":0.0,"event_name":"WeMeetAgain","player_choice":"Paid Gold","floor":19.0,"gold_loss":66.0,"damage_taken":0.0,"relics_obtained":["Replay:WaspNest"]},{"damage_healed":0.0,"max_hp_gain":0.0,"max_hp_loss":0.0,"gold_gain":0.0,"event_name":"Tomb of Lord Red Mask","player_choice":"Ignored","floor":39.0,"gold_loss":0.0,"damage_taken":0.0}],"is_beta":false,"boss_relics":[{"not_picked":["hubris:HollowSoul","ReplayTheSpireMod:DimensionalGlitch"],"picked":"Calling Bell"},{"not_picked":["hubris:BlackHole","Replay:Bronze Core"],"picked":"Tiny House"}],"items_purged_floors":[21],"is_endless":false,"potions_floor_spawned":[3,6,8,13,18,20,26,38,40],"killed_by":"","ascension_level":0}}