{"host":"i0avyit1s6jb1siw","time":1613569925,"event":{"mods":["BaseMod","DeckTracker","Dota2Spire","Highlight Path","Minty Spire (QoL Compilation)","Quick Restart","StSLib","SuperFastMode"],"gold_per_floor":[109,109,34,44,55,80,97,116,139,139,139,139,149,160,160,160,160,234,284,301,301,181,181],"floor_reached":22,"language":"ENG","playtime":362,"items_purged":["Strike_G"],"score":372,"play_id":"591fdde2-d605-4d97-a5d2-6840144828e4","local_time":"20210217145205","is_ascension_mode":true,"campfire_choices":[{"data":"Strike_G","floor":12,"key":"PURGE"},{"data":"Catalyst","floor":16,"key":"SMITH"},{"data":"Defend_G","floor":17,"key":"PURGE"}],"circlet_count":0,"master_deck":["AscendersBane","Strike_G","Strike_G","Strike_G","Defend_G+1","Defend_G","Defend_G+1","Defend_G+1","Survivor","Neutralize","Crippling Poison+1","Dagger Spray","Bane","Catalyst+1","Leg Sweep","Backflip","Masterful Stab","Parasite","Malaise","Acrobatics","Reflex","Necronomicurse"],"relics":["Ring of the Snake","NeowsBlessing","Peace Pipe","Dota2Spire:BladeMail","War Paint","GremlinMask","Tiny House","Necronomicon"],"acts_visited":["Exordium","TheCity"],"potions_floor_usage":[6,6],"damage_taken":[{"damage":0,"enemies":"Small Slimes","floor":1,"turns":1},{"damage":0,"enemies":"Cultist","floor":4,"turns":1},{"damage":0,"enemies":"2 Louse","floor":5,"turns":1},{"damage":6,"enemies":"Gremlin Nob","floor":6,"turns":3},{"damage":16,"enemies":"Gremlin Gang","floor":7,"turns":3},{"damage":16,"enemies":"Large Slime","floor":8,"turns":6},{"damage":1,"enemies":"Blue Slaver","floor":13,"turns":4},{"damage":7,"enemies":"3 Louse","floor":14,"turns":3},{"damage":2,"enemies":"Hexaghost","floor":18,"turns":9},{"damage":15,"enemies":"3 Byrds","floor":20,"turns":5},{"damage":30,"enemies":"2 Thieves","floor":22,"turns":3}],"seed_played":"2943869241191772354","potions_obtained":[{"floor":1,"key":"CunningPotion"},{"floor":5,"key":"CunningPotion"},{"floor":13,"key":"Block Potion"},{"floor":18,"key":"Ancient Potion"}],"is_trial":false,"path_per_floor":["M","?","$","M","M","E","M","M","T","T","?","R","M","M","?","R","R","B",null,"M","?","M"],"character_chosen":"THE_SILENT","items_purchased":[],"campfire_rested":0,"item_purchase_floors":[],"current_hp_per_floor":[59,59,59,59,59,53,37,21,21,21,21,21,20,13,29,29,29,27,61,46,25,0,0],"gold":181,"neow_bonus":"THREE_ENEMY_KILL","is_daily":false,"chose_seed":false,"campfire_upgraded":1,"win_rate":0.0,"timestamp":1613569925,"path_taken":["M","?","$","?","M","E","M","M","T","T","?","R","M","?","?","R","R","BOSS","M","?","M"],"items_purchased_type":[],"build_version":"2020-12-22","purchased_purges":1,"victory":false,"max_hp_per_floor":[66,66,66,66,66,66,66,66,66,66,66,66,66,66,66,66,66,66,71,71,71,71,71],"card_choices":[{"not_picked":["Blur","Prepared"],"picked":"Crippling Poison","floor":1},{"not_picked":["Backflip","Quick Slash"],"picked":"Dagger Spray","floor":4},{"not_picked":["Underhanded Strike","All Out Attack","Deflect"],"picked":"SKIP","floor":5},{"not_picked":["Slice","Underhanded Strike"],"picked":"Bane","floor":6},{"not_picked":["Sucker Punch","Bane"],"picked":"Catalyst","floor":7},{"not_picked":["Venomology","Poisoned Stab"],"picked":"Leg Sweep","floor":8},{"not_picked":["Slice","Prepared"],"picked":"Backflip","floor":13},{"not_picked":["Eviscerate","Riddle With Holes"],"picked":"Masterful Stab","floor":14},{"not_picked":["Unload","Die Die Die"],"picked":"Malaise","floor":18},{"not_picked":["Dodge and Roll","Outmaneuver"],"picked":"Acrobatics","floor":19},{"not_picked":["Underhanded Strike+1","Heel Hook"],"picked":"Reflex","floor":20}],"player_experience":2449317,"relics_obtained":[{"floor":6,"key":"Peace Pipe"},{"floor":9,"key":"Dota2Spire:BladeMail"},{"floor":10,"key":"War Paint"},{"floor":21,"key":"Necronomicon"}],"event_choices":[{"damage_healed":0,"gold_gain":0,"player_choice":"Upgraded","damage_taken":0,"max_hp_gain":0,"max_hp_loss":0,"event_name":"Upgrade Shrine","floor":2,"gold_loss":0,"cards_upgraded":["Crippling Poison"]},{"damage_healed":0,"gold_gain":0,"player_choice":"Trade","damage_taken":0,"relics_obtained":["GremlinMask"],"max_hp_gain":0,"max_hp_loss":0,"event_name":"FaceTrader","floor":11,"gold_loss":0},{"damage_healed":16,"gold_gain":0,"player_choice":"Healed and dodged fight","damage_taken":0,"max_hp_gain":0,"max_hp_loss":0,"event_name":"Mushrooms","floor":15,"gold_loss":0,"cards_obtained":["Parasite"]},{"damage_healed":0,"gold_gain":0,"player_choice":"Obtained Book","damage_taken":21,"max_hp_gain":0,"max_hp_loss":0,"event_name":"Cursed Tome","floor":21,"gold_loss":0}],"is_beta":false,"boss_relics":[{"not_picked":["Ring of the Serpent","Busted Crown"],"picked":"Tiny House"}],"items_purged_floors":[3],"is_endless":false,"potions_floor_spawned":[1,5,13,18],"killed_by":"2 Thieves","ascension_level":20}}