{"host":"95opfxp0quumjm7q","time":1613575149,"event":{"mods":["2.2 Compatiblity","BaseMod","Hubris","Minty Spire (QoL Compilation)","StSLib"],"gold_per_floor":[115,129,142,142,162,190,140,173,173,199,199,212,212,231,231,332,332,352,63,63,81,99,133,168,168,168,168,202,127,226,236,236,336,336,381,431,446,69,69,103,121,121,121,121,156,171,188,188,188,188],"floor_reached":51,"language":"DEU","playtime":3258,"items_purged":["Defend_P"],"score":927,"play_id":"f6617f79-685b-4359-b82d-86cd654cddba","local_time":"20210217161909","is_ascension_mode":true,"campfire_choices":[{"data":"Eruption","floor":11.0,"key":"SMITH"},{"data":"WaveOfTheHand","floor":13.0,"key":"SMITH"},{"data":"ForeignInfluence","floor":15.0,"key":"SMITH"},{"floor":25.0,"key":"REST"},{"data":"Study","floor":27.0,"key":"SMITH"},{"floor":32,"key":"REST"},{"data":"1","floor":42,"key":"LIFT"},{"floor":49,"key":"REST"}],"circlet_count":0,"master_deck":["Strike_P","Strike_P","Strike_P+1","Strike_P","Defend_P","Defend_P+1","Eruption+1","Vigilance","FlurryOfBlows+1","CarveReality","Indignation","Wireheading+1","MentalFortress","WaveOfTheHand+1","ForeignInfluence+1","LessonLearned","Wallop+1","ClearTheMind+1","FlurryOfBlows","Study+1","Wish","BattleHymn+1","Inflame+1","MasterReality","BattleHymn+1","Weave+1"],"relics":["PureWater","FossilizedHelix","hubris:TenFootPole","Mango","Orichalcum","Pantograph","Philosopher\u0027s Stone","Prayer Wheel","WingedGreaves","Bottled Tornado","hubris:Metronome","hubris:DisguiseKit","Dead Branch","Fusion Hammer","Girya","hubris:MedicalManual","Bag of Preparation","Anchor","Frozen Egg 2"],"acts_visited":["Exordium","TheCity","TheBeyond"],"potions_floor_usage":[28,35,41,41,45],"damage_taken":[{"damage":0.0,"enemies":"Jaw Worm","floor":1.0,"turns":3.0},{"damage":0.0,"enemies":"Small Slimes","floor":2.0,"turns":2.0},{"damage":0.0,"enemies":"2 Louse","floor":3.0,"turns":1.0},{"damage":0.0,"enemies":"Gremlin Gang","floor":5.0,"turns":3.0},{"damage":0.0,"enemies":"Gremlin Nob","floor":6.0,"turns":3.0},{"damage":0.0,"enemies":"Lagavulin","floor":8.0,"turns":4.0},{"damage":0.0,"enemies":"Gremlin Nob","floor":10.0,"turns":3.0},{"damage":0.0,"enemies":"Large Slime","floor":12.0,"turns":4.0},{"damage":0.0,"enemies":"Red Slaver","floor":14.0,"turns":2.0},{"damage":6.0,"enemies":"The Guardian","floor":16.0,"turns":6.0},{"damage":0.0,"enemies":"Chosen","floor":18.0,"turns":3.0},{"damage":0.0,"enemies":"Shell Parasite","floor":21.0,"turns":3.0},{"damage":0.0,"enemies":"Sentry and Sphere","floor":22.0,"turns":3.0},{"damage":26.0,"enemies":"Book of Stabbing","floor":23.0,"turns":4.0},{"damage":52.0,"enemies":"Gremlin Leader","floor":24.0,"turns":5.0},{"damage":25,"enemies":"Slavers","floor":28,"turns":6},{"damage":0,"enemies":"Snake Plant","floor":31,"turns":3},{"damage":21,"enemies":"Collector","floor":33,"turns":7},{"damage":0,"enemies":"Orb Walker","floor":35,"turns":2},{"damage":0,"enemies":"Mind Bloom Boss Battle","floor":36,"turns":5},{"damage":0,"enemies":"3 Shapes","floor":37,"turns":5},{"damage":56,"enemies":"Nemesis","floor":40,"turns":5},{"damage":0,"enemies":"Jaw Worm Horde","floor":41,"turns":3},{"damage":0,"enemies":"Reptomancer","floor":45,"turns":3},{"damage":0,"enemies":"Spire Growth","floor":46,"turns":2},{"damage":0,"enemies":"Maw","floor":47,"turns":5},{"damage":22,"enemies":"Donu and Deca","floor":50,"turns":4}],"seed_played":"1344086704325669557","potions_obtained":[{"floor":1.0,"key":"PowerPotion"},{"floor":5.0,"key":"Dexterity Potion"},{"floor":10.0,"key":"Weak Potion"},{"floor":16.0,"key":"CultistPotion"},{"floor":23.0,"key":"ColorlessPotion"},{"floor":31,"key":"Swift Potion"},{"floor":35,"key":"Explosive Potion"},{"floor":36,"key":"BottledMiracle"},{"floor":40,"key":"Regen Potion"},{"floor":44,"key":"Ambrosia"},{"floor":44,"key":"Dexterity Potion"},{"floor":44,"key":"SteroidPotion"},{"floor":45,"key":"Fruit Juice"}],"is_trial":false,"path_per_floor":["M","M","M","?","M","E","?","E","T","E","R","M","R","M","R","B",null,"M","$","?","M","M","E","E","R","T","R","E","?","?","M","R","B",null,"M","?","M","$","?","E","M","R","T","?","E","M","M","T","R","B",null],"character_chosen":"WATCHER","items_purchased":["Prayer Wheel","hubris:MedicalManual"],"campfire_rested":3,"item_purchase_floors":[19,38],"current_hp_per_floor":[51,51,51,51,51,51,51,65,65,65,65,65,65,65,65,80,86,86,86,86,86,86,60,8,33,33,33,8,8,8,8,33,37,86,86,86,86,86,86,30,39,39,39,39,44,44,44,44,71,69],"gold":188,"neow_bonus":"ONE_RARE_RELIC","is_daily":false,"chose_seed":false,"campfire_upgraded":4,"win_rate":0.0,"timestamp":1613575149,"path_taken":["M","M","M","?","M","E","?","E","T","E","R","M","R","M","R","BOSS","M","$","?","M","M","E","E","R","T","R","E","?","?","M","R","BOSS","M","?","M","$","?","E","?","R","T","?","E","M","?","?","R","BOSS"],"items_purchased_type":["Relic","Relic"],"build_version":"2020-12-22","purchased_purges":1,"victory":true,"max_hp_per_floor":[72,72,72,72,72,72,72,86,86,86,86,86,86,86,86,86,86,86,86,86,86,86,86,86,86,86,86,86,86,86,86,86,86,86,86,86,86,86,86,86,86,86,86,86,91,91,91,91,91,91],"card_choices":[{"not_picked":["SignatureMove","Prostrate"],"picked":"FlurryOfBlows","floor":1.0},{"not_picked":["PathToVictory","SashWhip","Crescendo"],"picked":"SKIP","floor":2.0},{"not_picked":["BowlingBash","EmptyMind"],"picked":"CarveReality","floor":3.0},{"not_picked":["Perseverance","EmptyBody"],"picked":"Wireheading","floor":5.0},{"not_picked":["Protect","CarveReality","EmptyFist"],"picked":"SKIP","floor":6.0},{"not_picked":["SignatureMove","CutThroughFate","WheelKick"],"picked":"SKIP","floor":8.0},{"not_picked":["Collect","EmptyBody"],"picked":"MentalFortress","floor":10.0},{"not_picked":["EmptyBody","EmptyMind"],"picked":"WaveOfTheHand","floor":12.0},{"not_picked":["Meditate","Halt"],"picked":"ForeignInfluence","floor":14.0},{"not_picked":["DeusExMachina","Ragnarok"],"picked":"LessonLearned","floor":16.0},{"not_picked":["Worship","FollowUp"],"picked":"Wallop","floor":18.0},{"not_picked":["EmptyMind","MentalFortress"],"picked":"ClearTheMind+1","floor":21.0},{"not_picked":["Indignation+1","EmptyBody","DeceiveReality"],"picked":"SKIP","floor":21.0},{"not_picked":["CrushJoints","Prostrate"],"picked":"FlurryOfBlows","floor":22.0},{"not_picked":["LikeWater+1","Pray","MentalFortress"],"picked":"SKIP","floor":22.0},{"not_picked":["JustLucky","CutThroughFate"],"picked":"Study","floor":23.0},{"not_picked":["EmptyBody","CutThroughFate"],"picked":"Wish","floor":24.0},{"not_picked":["SashWhip","WreathOfFlame+1","True Grit"],"picked":"BattleHymn+1","floor":28},{"not_picked":["ClearTheMind","PathToVictory","Conclude"],"picked":"Inflame","floor":31},{"not_picked":["BowlingBash+1","Consecrate","Perseverance","Headbutt"],"picked":"SKIP","floor":31},{"not_picked":["Scrawl","DeusExMachina","Immolate"],"picked":"MasterReality","floor":33},{"not_picked":["Crescendo","Adaptation+1","Perfected Strike"],"picked":"BattleHymn+1","floor":35},{"not_picked":["BowlingBash","PathToVictory+1","DeceiveReality+1","Clash"],"picked":"SKIP","floor":35},{"not_picked":["Weave","FlurryOfBlows","Consecrate","Dropkick"],"picked":"SKIP","floor":37},{"not_picked":["Sanctity+1","ClearTheMind+1","FlyingSleeves+1","Clash"],"picked":"SKIP","floor":37},{"not_picked":["SpiritShield","Pray","InnerPeace+1","Shrug It Off"],"picked":"SKIP","floor":40},{"not_picked":["Wireheading","FlyingSleeves","Evaluate","Twin Strike"],"picked":"SKIP","floor":41},{"not_picked":["FlyingSleeves","SashWhip","CutThroughFate","Rupture"],"picked":"SKIP","floor":41},{"not_picked":["SashWhip+1","ThirdEye+1","Protect+1","Warcry"],"picked":"SKIP","floor":45},{"not_picked":["Devotion","Perseverance","Thunderclap"],"picked":"Weave+1","floor":46},{"not_picked":["Halt+1","Consecrate","Meditate","Armaments"],"picked":"SKIP","floor":46},{"not_picked":["SashWhip+1","FlurryOfBlows","JustLucky","Rampage"],"picked":"SKIP","floor":47},{"not_picked":["LikeWater+1","InnerPeace+1","PathToVictory","Clothesline"],"picked":"SKIP","floor":47}],"player_experience":577927,"relics_obtained":[{"floor":6.0,"key":"hubris:TenFootPole"},{"floor":8.0,"key":"Mango"},{"floor":9.0,"key":"Orichalcum"},{"floor":10.0,"key":"Pantograph"},{"floor":23.0,"key":"Bottled Tornado"},{"floor":24.0,"key":"hubris:Metronome"},{"floor":26.0,"key":"hubris:DisguiseKit"},{"floor":28,"key":"Dead Branch"},{"floor":36,"key":"Girya"},{"floor":40,"key":"Bag of Preparation"},{"floor":45,"key":"Anchor"},{"floor":48,"key":"Frozen Egg 2"}],"event_choices":[{"cards_removed":["Defend_P"],"damage_healed":0.0,"max_hp_gain":0.0,"max_hp_loss":0.0,"gold_gain":0.0,"event_name":"The Cleric","player_choice":"Card Removal","floor":7.0,"gold_loss":50.0,"damage_taken":0.0},{"damage_healed":0.0,"max_hp_gain":0.0,"max_hp_loss":0.0,"gold_gain":0.0,"event_name":"Addict","player_choice":"Stole Relic","floor":20.0,"gold_loss":0.0,"damage_taken":0.0,"relics_obtained":["WingedGreaves"],"cards_obtained":["Shame"]},{"cards_removed":["Shame"],"damage_healed":0,"gold_gain":0,"player_choice":"Gave Gold","damage_taken":0,"max_hp_gain":0,"max_hp_loss":0,"event_name":"Beggar","floor":29,"gold_loss":75},{"damage_healed":0,"gold_gain":99,"player_choice":"Stole From Cult","damage_taken":0,"max_hp_gain":0,"max_hp_loss":0,"event_name":"Nest","floor":30,"gold_loss":0},{"damage_healed":0,"gold_gain":0,"player_choice":"Fight","damage_taken":0,"max_hp_gain":0,"max_hp_loss":0,"event_name":"MindBloom","floor":36,"gold_loss":0},{"damage_healed":0,"gold_gain":0,"player_choice":"Ignored","damage_taken":0,"max_hp_gain":0,"max_hp_loss":0,"event_name":"SecretPortal","floor":39,"gold_loss":0},{"damage_healed":0,"gold_gain":0,"player_choice":"Got Potions","damage_taken":0,"max_hp_gain":0,"max_hp_loss":0,"event_name":"Lab","floor":44,"gold_loss":0}],"is_beta":false,"boss_relics":[{"not_picked":["SlaversCollar","Black Star"],"picked":"Philosopher\u0027s Stone"},{"not_picked":["Snecko Eye","Sozu"],"picked":"Fusion Hammer"}],"items_purged_floors":[38],"is_endless":false,"potions_floor_spawned":[1,5,10,16,18,23,31,35,36,40,45],"ascension_level":1}}