{"host":"nsc6ozq3atyrdr3m","time":1613595458,"event":{"mods":["BaseMod","Colored Map","Minty Spire (QoL Compilation)"],"gold_per_floor":[109,109,129,145,107,137,152,152,152,152,173,248,213,313,313,313,313],"floor_reached":16,"language":"FRA","playtime":404,"items_purged":[],"score":125,"play_id":"4d86fe1a-b30f-471d-bc50-77425a9a4dab","local_time":"20210217215738","is_ascension_mode":true,"campfire_choices":[{"data":"Loop","floor":8,"key":"SMITH"},{"data":"Capacitor","floor":10,"key":"SMITH"},{"floor":15,"key":"REST"}],"circlet_count":0,"master_deck":["Strike_B","Strike_B","Strike_B","Strike_B","Defend_B","Defend_B","Defend_B","Defend_B","Zap","Dualcast","Beam Cell","Loop+1","Leap","Capacitor+1","Hello World","Self Repair","Turbo","Chill"],"relics":["Cracked Core","Art of War","CeramicFish"],"acts_visited":["Exordium"],"potions_floor_usage":[7,16],"damage_taken":[{"damage":0,"enemies":"Cultist","floor":1,"turns":3},{"damage":7,"enemies":"Jaw Worm","floor":3,"turns":3},{"damage":4,"enemies":"Small Slimes","floor":4,"turns":3},{"damage":24,"enemies":"3 Sentries","floor":6,"turns":7},{"damage":0,"enemies":"Gremlin Gang","floor":7,"turns":2},{"damage":28,"enemies":"3 Louse","floor":11,"turns":4},{"damage":51,"enemies":"Hexaghost","floor":16,"turns":11}],"seed_played":"-7504245087848392919","potions_obtained":[{"floor":3,"key":"FearPotion"},{"floor":6,"key":"Explosive Potion"},{"floor":7,"key":"SkillPotion"}],"is_trial":false,"path_per_floor":["M","$","M","M","$","E","M","R","T","R","M","?","?","?","R","B"],"character_chosen":"DEFECT","items_purchased":["Hello World"],"campfire_rested":1,"item_purchase_floors":[5],"current_hp_per_floor":[75,75,68,64,64,40,40,40,40,40,19,8,26,26,48,0,0],"gold":313,"neow_bonus":"THREE_CARDS","is_daily":false,"chose_seed":false,"campfire_upgraded":2,"win_rate":0.0,"timestamp":1613595458,"path_taken":["M","$","M","M","$","E","?","R","T","R","M","?","?","?","R","BOSS"],"items_purchased_type":["Card"],"build_version":"2020-12-22","purchased_purges":0,"victory":false,"max_hp_per_floor":[75,75,75,75,75,75,75,75,75,75,75,75,75,75,75,75,75],"card_choices":[{"not_picked":["Barrage","Undo"],"picked":"Beam Cell","floor":0},{"not_picked":["Go for the Eyes","Conserve Battery"],"picked":"Loop","floor":1},{"not_picked":["Fusion","Sweeping Beam"],"picked":"Leap","floor":3},{"not_picked":["Go for the Eyes","Beam Cell"],"picked":"Capacitor","floor":4},{"not_picked":["Cold Snap","Biased Cognition"],"picked":"Self Repair","floor":6},{"not_picked":["Stack","Auto Shields"],"picked":"Turbo","floor":7},{"not_picked":["Capacitor","Leap"],"picked":"Chill","floor":11}],"player_experience":425365,"relics_obtained":[{"floor":6,"key":"Art of War"},{"floor":9,"key":"CeramicFish"}],"event_choices":[{"damage_healed":0,"gold_gain":75,"player_choice":"Gather Gold","damage_taken":11,"max_hp_gain":0,"max_hp_loss":0,"event_name":"World of Goop","floor":12,"gold_loss":0},{"damage_healed":18,"gold_gain":0,"player_choice":"Healed","damage_taken":0,"max_hp_gain":0,"max_hp_loss":0,"event_name":"The Cleric","floor":13,"gold_loss":35},{"damage_healed":0,"gold_gain":100,"player_choice":"Pray","damage_taken":0,"max_hp_gain":0,"max_hp_loss":0,"event_name":"Golden Shrine","floor":14,"gold_loss":0}],"is_beta":false,"boss_relics":[],"items_purged_floors":[],"is_endless":false,"potions_floor_spawned":[3,6,7],"killed_by":"Hexaghost","ascension_level":5}}