{"host":"63uc7iyb40dnlk3k","time":1613590166,"event":{"mods":["2.2 Compatiblity","AchievementEnabler","BaseMod","Defuse TimeMaze Blight","Downfall","Jorbs\u0027s Wanderer Trilogy","Minty Spire (QoL Compilation)","Random Character Button","StSLib"],"gold_per_floor":[99,99,114,127,143,153,153,153,169,169,204,204,104,132,142,247,247,147,161,86,86,86,111,180,195,195,211,236,236,57,92,111,216,216,116,134,149,149,165,192,245,277,59,90,90,105,105,105,116,116,116,143,23,23,23,23],"floor_reached":57,"language":"ENG","playtime":4877,"items_purged":["downfall:Malfunctioning","downfall:Bewildered","Slimebound:CorrosiveSpit","Slimebound:Tackle"],"score":1385,"play_id":"a2290bbb-9ed6-45f5-92a1-e760ae0ba158","local_time":"20210217212926","is_ascension_mode":false,"campfire_choices":[{"data":"Slimebound:Split","floor":1,"key":"SMITH"},{"data":"Slimebound:OneTwoCombo","floor":10,"key":"SMITH"},{"floor":13,"key":"RECALL"},{"data":"Slimebound:RallyTheTroops","floor":18,"key":"SMITH"},{"data":"Pride","floor":35,"key":"PURGE"},{"data":"Slimebound:MassRepurpose","floor":47,"key":"SMITH"},{"data":"Slimebound:SelfFormingGoo","floor":54,"key":"SMITH"}],"circlet_count":0,"master_deck":["Slimebound:Defend_Slimebound","Slimebound:Defend_Slimebound","Slimebound:Defend_Slimebound+1","Slimebound:Defend_Slimebound+1","Slimebound:Split+1","Slimebound:OneTwoCombo+1","Slimebound:ForwardTackle","Slimebound:Equalize+1","Slimebound:Repurpose","Slimebound:SplitBruiser","Slimebound:OneTwoCombo+1","Slimebound:SplitMire","Slimebound:RallyTheTroops+1","CurseOfTheBell","Slimebound:Dissolve+1","Slimebound:SplitLeeching+1","Slimebound:Schlurp","Slimebound:ProtectTheBoss","Slimebound:Repurpose","Slimebound:SelfFormingGoo+1","Slimebound:Nibble+1","Slimebound:Recycling","Slimebound:SplitMire+1","Slimebound:MassRepurpose+1","Slimebound:PressTheAttack+1","Slimebound:GoopSpray+1","Slimebound:LevelUp+1","Slimebound:SlimeBarrage+1","Slimebound:Equalize+1","Slimebound:FirmFortitude","Slimebound:LeadByExample"],"relics":["Slimebound:AbsorbEndCombat","Ornamental Fan","Meat on the Bone","downfall:HeartBlessingGreen","Slimebound:MaxSlimesRelic","Calling Bell","The Courier","Mango","Potion Belt","downfall:HeartBlessingRed","InkBottle","Gremlin Horn","sneckomod:BabySnecko","Darkstone Periapt","Molten Egg 2","PreservedInsect","Peace Pipe","Orichalcum","Empty Cage","downfall:HeartBlessingBlue","Singing Bowl","Girya","Bag of Preparation","Ice Cream","Medical Kit","Letter Opener","FossilizedHelix"],"acts_visited":["Exordium","TheCity","TheBeyond","TheEnding"],"potions_floor_usage":[27,28,30,33,33,40,56,56,56],"damage_taken":[{"damage":0,"enemies":"Small Slimes","floor":3,"turns":4},{"damage":3,"enemies":"2 Louse","floor":4,"turns":2},{"damage":1,"enemies":"Cultist","floor":5,"turns":3},{"damage":15,"enemies":"Exordium Thugs","floor":6,"turns":5},{"damage":7,"enemies":"Large Slime","floor":9,"turns":5},{"damage":6,"enemies":"Lagavulin","floor":11,"turns":6},{"damage":1,"enemies":"3 Sentries","floor":14,"turns":6},{"damage":0,"enemies":"2 Fungi Beasts","floor":15,"turns":2},{"damage":3,"enemies":"SI_SHIV_ARCHETYPE","floor":16,"turns":5},{"damage":10,"enemies":"Shell Parasite","floor":19,"turns":3},{"damage":0,"enemies":"downfall:FleeingMerchant","floor":20,"turns":4},{"damage":9,"enemies":"Slavers","floor":23,"turns":4},{"damage":17,"enemies":"downfall:LooterAlt2","floor":25,"turns":3},{"damage":0,"enemies":"Sentry and Sphere","floor":27,"turns":3},{"damage":19,"enemies":"Book of Stabbing","floor":28,"turns":5},{"damage":1,"enemies":"downfall:FleeingMerchant","floor":30,"turns":4},{"damage":13,"enemies":"Slavers","floor":31,"turns":2},{"damage":5,"enemies":"Shelled Parasite and Fungi","floor":32,"turns":3},{"damage":31,"enemies":"DF_ARCHETYPE_CLAW","floor":33,"turns":6},{"damage":6,"enemies":"Orb Walker","floor":36,"turns":3},{"damage":23,"enemies":"3 Darklings","floor":37,"turns":4},{"damage":12,"enemies":"Writhing Mass","floor":39,"turns":4},{"damage":40,"enemies":"Nemesis","floor":40,"turns":3},{"damage":0,"enemies":"Reptomancer","floor":42,"turns":2},{"damage":6,"enemies":"Giant Head","floor":44,"turns":7},{"damage":13,"enemies":"Giant Head","floor":45,"turns":2},{"damage":17,"enemies":"Jaw Worm Horde","floor":46,"turns":2},{"damage":0,"enemies":"Maw","floor":49,"turns":4},{"damage":31,"enemies":"WA_ARCHETYPE_DIVINITY","floor":50,"turns":7},{"damage":30,"enemies":"downfall:CharBossMerchant","floor":52,"turns":4},{"damage":0,"enemies":"downfall:NeowBoss","floor":55,"turns":8},{"damage":81,"enemies":"downfall:NeowBossFinal","floor":56,"turns":9}],"seed_played":"2045590398707543946","potions_obtained":[{"floor":3,"key":"hexamod:SoulburnPotion"},{"floor":4,"key":"Slimebound:SlimyTonguePotion"},{"floor":5,"key":"Slimebound:SpawnSlimePotion"},{"floor":14,"key":"Guardian:BlockOnCardUsePotion"},{"floor":23,"key":"ColorlessPotion"},{"floor":25,"key":"Energy Potion"},{"floor":27,"key":"hexamod:SoulburnPotion"},{"floor":31,"key":"Slimebound:SpawnSlimePotion"},{"floor":33,"key":"Ancient Potion"},{"floor":37,"key":"BlessingOfTheForge"},{"floor":39,"key":"SpeedPotion"},{"floor":44,"key":"SteroidPotion"},{"floor":46,"key":"AttackPotion"},{"floor":52,"key":"ColorlessPotion"}],"is_trial":false,"path_per_floor":["R","?","M","M","M","M","T","?","M","R","E","?","R","E","M","B",null,"R","M","$","T","?","E","T","M","?","M","E","?","$","E","M","B",null,"R","M","M","?","M","E","T","E","$","E","?","M","R","$","M","B",null,"E","$","R","B","B",null],"character_chosen":"SLIMEBOUND","items_purchased":["Slimebound:Repurpose","PreservedInsect","Peace Pipe","Medical Kit"],"campfire_rested":0,"item_purchase_floors":[30,30,30,43],"current_hp_per_floor":[65,65,65,62,65,64,64,64,60,60,65,65,65,64,65,65,79,79,79,79,79,64,69,69,58,58,64,49,55,74,65,64,49,90,100,100,97,97,91,57,57,65,65,81,86,75,75,75,95,71,102,84,84,84,92,55],"gold":23,"neow_bonus":"ONE_RANDOM_RARE_CARD","is_daily":false,"chose_seed":false,"campfire_upgraded":5,"win_rate":0.0,"timestamp":1613590166,"path_taken":["R","?","M","M","M","M","T","?","M","R","E","?","R","E","M","BOSS","R","M","?","?","?","E","T","M","?","M","E","?","$","E","M","BOSS","R","M","M","?","M","E","T","E","$","E","?","M","R","$","M","BOSS","E","$","R","BOSS","BOSS"],"items_purchased_type":["Card","Relic","Relic","Relic"],"build_version":"2020-12-22","purchased_purges":4,"victory":true,"max_hp_per_floor":[65,65,65,65,65,65,65,65,65,65,65,65,65,65,65,65,79,79,79,79,79,84,84,84,84,84,84,84,90,90,90,90,90,90,100,100,100,100,100,100,100,100,100,102,102,102,102,102,102,102,102,102,102,102,102,102],"card_choices":[{"not_picked":["Slimebound:SlimeSpikes","Slimebound:Equalize"],"picked":"Slimebound:ForwardTackle","floor":3},{"not_picked":["Slimebound:HauntingLick","Slimebound:GoopTackle","Slimebound:PressTheAttack"],"picked":"SKIP","floor":4},{"not_picked":["Slimebound:Grow","Slimebound:ProtectTheBoss"],"picked":"Slimebound:Equalize","floor":5},{"not_picked":["Slimebound:Gluttony","Slimebound:ComboTackle"],"picked":"Slimebound:Repurpose","floor":6},{"not_picked":["Slimebound:Chomp","Slimebound:LeechingTouch","Slimebound:RollThrough"],"picked":"SKIP","floor":9},{"not_picked":["Slimebound:ComboTackle","Slimebound:DouseInSlime"],"picked":"Slimebound:SplitBruiser","floor":11},{"not_picked":["Slimebound:SplitLeeching","Slimebound:ComboTackle"],"picked":"Slimebound:SplitMire","floor":14},{"not_picked":["Slimebound:ComboTackle","Slimebound:Overexert","Slimebound:LeechEnergy"],"picked":"SKIP","floor":15},{"not_picked":["Slimebound:MassFeed","Slimebound:OozeBath"],"picked":"Slimebound:RallyTheTroops","floor":16},{"not_picked":["Slimebound:FinishingTackle+1","Slimebound:PressTheAttack+1","Slimebound:LeechEnergy"],"picked":"SKIP","floor":19},{"not_picked":["Slimebound:LeechEnergy","Slimebound:PrepareCrush","Slimebound:DouseInSlime"],"picked":"SKIP","floor":20},{"not_picked":["Slimebound:PressTheAttack","Slimebound:GoopTackle","Slimebound:SplitAcid"],"picked":"SKIP","floor":23},{"not_picked":["Slimebound:SplitAcid+1","Slimebound:Replication"],"picked":"Slimebound:Dissolve+1","floor":25},{"not_picked":["Slimebound:SplitAcid","Slimebound:SplitBruiser+1"],"picked":"Slimebound:SplitLeeching+1","floor":27},{"not_picked":["Slimebound:GoopTackle","Slimebound:TongueLash"],"picked":"Slimebound:Schlurp","floor":28},{"not_picked":["Slimebound:FinishingTackle+1","Slimebound:DivideAndConquer+1"],"picked":"Slimebound:ProtectTheBoss","floor":30},{"not_picked":["Slimebound:LeechEnergy+1","Slimebound:Recollect"],"picked":"Slimebound:SelfFormingGoo","floor":31},{"not_picked":["Slimebound:SplitAcid+1","Slimebound:TongueLash+1"],"picked":"Slimebound:Nibble+1","floor":32},{"not_picked":["Slimebound:DouseInSlime","Slimebound:SelfFormingGoo"],"picked":"Slimebound:Recycling","floor":33},{"not_picked":["Slimebound:FinishingTackle+1","Slimebound:SplitLeeching"],"picked":"Slimebound:SplitMire+1","floor":36},{"not_picked":["Slimebound:SlimeBrawl+1","Slimebound:LeechingTouch+1"],"picked":"Slimebound:MassRepurpose","floor":37},{"not_picked":["Slimebound:RollThrough+1","Slimebound:FinishingTackle+1"],"picked":"Slimebound:PressTheAttack+1","floor":39},{"not_picked":["Slimebound:TongueLash+1","Slimebound:DisruptingSlam+1"],"picked":"Slimebound:GoopSpray+1","floor":40},{"not_picked":["Slimebound:SlimeSpikes","Slimebound:ProtectTheBoss"],"picked":"Slimebound:LevelUp+1","floor":42},{"not_picked":["Slimebound:ForwardTackle+1","Slimebound:LivingWall","Slimebound:SamplingLick"],"picked":"Singing Bowl","floor":44},{"not_picked":["Slimebound:DivideAndConquer+1","Slimebound:SplitAcid+1"],"picked":"Slimebound:SlimeBarrage+1","floor":45},{"not_picked":["Slimebound:RejuvenatingLick","Slimebound:BestDefense+1"],"picked":"Slimebound:Equalize+1","floor":46},{"not_picked":["Slimebound:DisruptingSlam+1","Slimebound:MegaLick"],"picked":"Slimebound:FirmFortitude","floor":49},{"not_picked":["Slimebound:TongueLash+1","Slimebound:Nibble+1"],"picked":"Slimebound:LeadByExample","floor":52}],"player_experience":386913,"relics_obtained":[{"floor":7,"key":"Ornamental Fan"},{"floor":11,"key":"Meat on the Bone"},{"floor":14,"key":"Slimebound:MaxSlimesRelic"},{"floor":17,"key":"The Courier"},{"floor":17,"key":"Mango"},{"floor":17,"key":"Potion Belt"},{"floor":23,"key":"InkBottle"},{"floor":24,"key":"Gremlin Horn"},{"floor":28,"key":"Darkstone Periapt"},{"floor":31,"key":"Orichalcum"},{"floor":38,"key":"Singing Bowl"},{"floor":40,"key":"Girya"},{"floor":41,"key":"Bag of Preparation"},{"floor":42,"key":"Ice Cream"},{"floor":44,"key":"Letter Opener"},{"floor":52,"key":"FossilizedHelix"}],"event_choices":[{"cards_removed":["Slimebound:Strike_Slimebound"],"damage_healed":0,"gold_gain":0,"player_choice":"Card Removal","damage_taken":0,"max_hp_gain":0,"max_hp_loss":0,"event_name":"The Cleric","floor":2,"gold_loss":0},{"damage_healed":0,"gold_gain":0,"player_choice":"Stole Relic","damage_taken":0,"relics_obtained":["Molten Egg 2"],"max_hp_gain":0,"max_hp_loss":0,"event_name":"Addict","floor":29,"gold_loss":0,"cards_obtained":["Pride"]}],"is_beta":false,"boss_relics":[{"not_picked":["Busted Crown","Velvet Choker"],"picked":"Calling Bell"},{"not_picked":["Runic Pyramid","bronze:MakeshiftBattery"],"picked":"Empty Cage"}],"items_purged_floors":[20,30,43,53],"is_endless":false,"potions_floor_spawned":[3,4,5,14,15,23,25,27,31,33,37,39,44,46,49,52],"ascension_level":0}}