{"host":"9czo1ewqehy3yunx","time":1613563183,"event":{"mods":["AchievementEnabler","Act Like it!","BaseMod","CapriCore","Colored Powertips","DeckTracker","GifTheSpireLib","GungeonMod","Hermit","Keyboard Shortcuts","Koishi","Lobotomy","Marisa£¨Ùöéë¡¡Øª×âÞÞ£©","Minty Spire (QoL Compilation)","Permanent Neow","Quick Restart","StSLib","SuperFastMode","Td1madao Mod","The Bug Knight","The Cursed","The Hierophant","The Immortal","The Jungle","The Poker Player","The Runesmith"],"gold_per_floor":[118,118,118,193,193,193,210,210,210,210,210,242,262,280,280,377,377,355,139,139,71,127,127,37,48,48,48,28,28],"floor_reached":28,"language":"KOR","playtime":1507,"items_purged":[],"score":231,"play_id":"6591cb5b-2174-46e1-8a65-b3c7cfc7bb2d","local_time":"20210217205943","is_ascension_mode":false,"campfire_choices":[{"floor":6.0,"key":"REST"},{"data":"DemoMod:TripleGun","floor":8.0,"key":"SMITH"},{"data":"DemoMod:PotionOfGunFriendShip","floor":15.0,"key":"SMITH"},{"data":"DemoMod:BlankBullets","floor":23.0,"key":"SMITH"},{"data":"DemoMod:ThirdPartyController","floor":27,"key":"SMITH"}],"circlet_count":0,"master_deck":["DemoMod:Strike_Huntress","DemoMod:Strike_Huntress","DemoMod:Strike_Huntress","DemoMod:Defend_Huntress","DemoMod:Defend_Huntress","DemoMod:Defend_Huntress+1","DemoMod:Defend_Huntress","DemoMod:Roll","DemoMod:ManualReload+1","DemoMod:RustySidearm+1","DemoMod:CrossBow","CherryBlossoms","DemoMod:FortunesFavor+1","Wellcheers","DemoMod:TripleGun+1","Freischutz","DemoMod:PotionOfGunFriendShip+1","DemoMod:TeaPot","OSAHOGD","DemoMod:MachoBrace","Porccubus","DemoMod:StickyCrossBow","DreamingCurrent","DemoMod:BlankBullets+1","GreedKing","DemoMod:Polaris","DemoMod:ShadowBullets+1","DemoMod:PracticeMakesPerfect+1","DemoMod:DirectionalPad+1","DemoMod:MachoBrace+1","DemoMod:ShadowBullets+1","Laetitia","DemoMod:SpreadAmmo+1","GalaxyChild","DemoMod:ThirdPartyController+1"],"relics":["DemoMod:Dog","CogitoBucket","DemoMod:MeltedRock","HollowMod:StagPassRelic","Blood Vial","Black Star","ResearcherNote","HollowMod:LifeEnderRelic","DemoMod:DecoyRelic"],"acts_visited":["Exordium","TheCity"],"potions_floor_usage":[],"damage_taken":[{"damage":3.0,"enemies":"Small Slimes","floor":1.0,"turns":3.0},{"damage":9.0,"enemies":"Jaw Worm","floor":7.0,"turns":5.0},{"damage":0.0,"enemies":"2 Louse","floor":12.0,"turns":2.0},{"damage":1.0,"enemies":"Large Slime","floor":13.0,"turns":7.0},{"damage":6.0,"enemies":"2 Fungi Beasts","floor":14.0,"turns":4.0},{"damage":27.0,"enemies":"Slime Boss","floor":16.0,"turns":5.0},{"damage":32.0,"enemies":"Spheric Guardian","floor":18.0,"turns":5.0},{"damage":55.0,"enemies":"Snecko","floor":22.0,"turns":10.0},{"damage":19,"enemies":"Snake Plant","floor":25,"turns":3},{"damage":57,"enemies":"Sentry and Sphere","floor":28,"turns":4}],"seed_played":"-5730693241601111030","potions_obtained":[{"floor":7.0,"key":"ColorlessPotion"},{"floor":14.0,"key":"LiquidBronze"},{"floor":16.0,"key":"SkillPotion"},{"floor":18.0,"key":"DemoMod:LeadSkinPotion"},{"floor":22.0,"key":"Swift Potion"}],"is_trial":false,"path_per_floor":["M","?","?","?","?","R","M","R","T","T","?","M","M","M","R","B",null,"M","$","?","$","M","R","?","M","T","R","M"],"character_chosen":"HUNTRESS","items_purchased":["DemoMod:ShadowBullets","DemoMod:PracticeMakesPerfect","DemoMod:DirectionalPad","DemoMod:MachoBrace","DemoMod:ShadowBullets"],"campfire_rested":1,"item_purchase_floors":[19,19,19,19,21],"current_hp_per_floor":[67,53,53,42,42,63,54,54,54,54,54,54,59,56,56,31,65,39,39,39,39,40,40,40,41,41,41,0,0],"gold":28,"neow_bonus":"","is_daily":false,"chose_seed":false,"campfire_upgraded":4,"win_rate":0.0,"timestamp":1613563183,"path_taken":["M","?","?","?","?","R","M","R","T","?","?","M","?","M","R","BOSS","M","$","?","$","M","R","?","?","T","R","M"],"items_purchased_type":["Card","Card","Card","Card","Card"],"build_version":"2020-12-22","purchased_purges":0,"victory":false,"max_hp_per_floor":[70,70,70,70,70,70,70,70,70,70,65,65,65,65,65,65,65,65,65,65,65,65,65,65,65,65,65,65,65],"card_choices":[{"not_picked":["CrumblingArmor","OldLady"],"picked":"CherryBlossoms","floor":1.0},{"not_picked":["DemoMod:BattleInHaste","DemoMod:JK47"],"picked":"DemoMod:FortunesFavor","floor":1.0},{"not_picked":["FairyFestival","WallGazer"],"picked":"Wellcheers","floor":7.0},{"not_picked":["DemoMod:Unmoved","DemoMod:GunstockTap"],"picked":"DemoMod:TripleGun","floor":7.0},{"not_picked":["Yin","BeautyBeast"],"picked":"Freischutz","floor":12.0},{"not_picked":["DemoMod:FastSwitch","DemoMod:SAA"],"picked":"DemoMod:PotionOfGunFriendShip","floor":12.0},{"not_picked":["DemoMod:SAA","DemoMod:CombinedRifle"],"picked":"DemoMod:TeaPot","floor":13.0},{"not_picked":["VoidDream","ShyLook"],"picked":"OSAHOGD","floor":13.0},{"not_picked":["DemoMod:FastSwitch","DemoMod:GunstockTap"],"picked":"DemoMod:MachoBrace","floor":13.0},{"not_picked":["VoidDream","MHz"],"picked":"Porccubus","floor":14.0},{"not_picked":["DemoMod:ConditionalReflex","DemoMod:DoubleSwitch"],"picked":"DemoMod:StickyCrossBow","floor":14.0},{"not_picked":["WallGazer","CrumblingArmor"],"picked":"DreamingCurrent","floor":16.0},{"not_picked":["DemoMod:FightSabre","DemoMod:BulletBore"],"picked":"DemoMod:BlankBullets","floor":16.0},{"not_picked":["FieryBird","Scorched"],"picked":"GreedKing","floor":18.0},{"not_picked":["DemoMod:HuntsMan","DemoMod:HardPowerCard"],"picked":"DemoMod:Polaris","floor":18.0},{"not_picked":["MeatLantern","FieryBird"],"picked":"Laetitia","floor":22.0},{"not_picked":["DemoMod:PotionOfGunFriendShip","DemoMod:BoxingGlove"],"picked":"DemoMod:SpreadAmmo+1","floor":22.0},{"not_picked":["MeatLantern","FieryBird"],"picked":"GalaxyChild","floor":25},{"not_picked":["DemoMod:SniperShot","DemoMod:StickyCrossBow+1"],"picked":"DemoMod:ThirdPartyController","floor":25}],"player_experience":241160,"relics_obtained":[{"floor":9.0,"key":"DemoMod:MeltedRock"},{"floor":10.0,"key":"HollowMod:StagPassRelic"},{"floor":14.0,"key":"Blood Vial"},{"floor":26,"key":"DemoMod:DecoyRelic"}],"event_choices":[{"damage_healed":0.0,"max_hp_gain":0.0,"max_hp_loss":0.0,"gold_gain":0.0,"event_name":"Shining Light","player_choice":"Entered Light","floor":2.0,"gold_loss":0.0,"damage_taken":14.0,"cards_upgraded":["DemoMod:Defend_Huntress","DemoMod:ManualReload"]},{"damage_healed":0.0,"max_hp_gain":0.0,"max_hp_loss":0.0,"gold_gain":0.0,"event_name":"Living Wall","player_choice":"Grow","floor":3.0,"gold_loss":0.0,"damage_taken":0.0,"cards_upgraded":["DemoMod:FortunesFavor"]},{"damage_healed":0.0,"max_hp_gain":0.0,"max_hp_loss":0.0,"gold_gain":75.0,"event_name":"World of Goop","player_choice":"Gather Gold","floor":4.0,"gold_loss":0.0,"damage_taken":11.0},{"damage_healed":0.0,"max_hp_gain":0.0,"max_hp_loss":0.0,"gold_gain":0.0,"event_name":"Golden Wing","player_choice":"Ignored","floor":5.0,"gold_loss":0.0,"damage_taken":0.0},{"damage_healed":0.0,"max_hp_gain":0.0,"max_hp_loss":0.0,"gold_gain":0.0,"event_name":"Addict","player_choice":"Stole Relic","floor":20.0,"gold_loss":0.0,"damage_taken":0.0,"relics_obtained":["HollowMod:LifeEnderRelic"],"cards_obtained":["Shame"]},{"cards_removed":["Shame"],"damage_healed":0.0,"max_hp_gain":0.0,"max_hp_loss":0.0,"gold_gain":0.0,"event_name":"Designer","player_choice":"Upgrade and Remove","floor":24.0,"gold_loss":90.0,"damage_taken":0.0,"cards_upgraded":["DemoMod:RustySidearm"]}],"is_beta":false,"boss_relics":[{"not_picked":["Snecko Eye","Coffee Dripper"],"picked":"Black Star"}],"items_purged_floors":[],"is_endless":false,"potions_floor_spawned":[7,14,16,18,22],"killed_by":"Sentry and Sphere","ascension_level":0}}