{"host":"q9718omregw4er46","time":1613527062,"event":{"mods":["BaseMod","Bestiary","Colored Powertips","Custom Start","Minty Spire (QoL Compilation)","Quick Restart","Relic Stats"],"gold_per_floor":[113,127,127,127,144,178,178,206,260,260,275,303,303,315,315,387,387,405,425,14,26,41,72,72,103,180,6,18,18,18,30,30,103,103,122,133,146,170,170,170,10,35,35,35,35],"floor_reached":44,"language":"ENG","playtime":2105,"items_purged":["Strike_P","Defend_P"],"score":1096,"play_id":"37b8beab-ff1c-4165-bf8e-f03499e5e266","local_time":"20210217065742","is_ascension_mode":true,"campfire_choices":[{"data":"Blasphemy","floor":10.0,"key":"SMITH"},{"data":"BattleHymn","floor":13.0,"key":"SMITH"},{"data":"ThirdEye","floor":15.0,"key":"SMITH"},{"data":"Conclude","floor":24,"key":"SMITH"},{"data":"CrushJoints","floor":30,"key":"SMITH"},{"data":"Tantrum","floor":32,"key":"SMITH"},{"data":"Adaptation","floor":40,"key":"SMITH"}],"circlet_count":0,"master_deck":["AscendersBane","Defend_P","Defend_P","Eruption","Vigilance","BattleHymn+1","Conclude+1","Blasphemy+1","FollowUp","SpiritShield","Tantrum+1","ClearTheMind","ThirdEye+1","Scrawl","FlurryOfBlows","Consecrate+1","CutThroughFate","Adaptation+1","CrushJoints+1","FlurryOfBlows","Establishment","Alpha+1","Judgement+1","CutThroughFate+1","MentalFortress+1"],"relics":["HolyWater","NeowsBlessing","StrikeDummy","Tiny Chest","HornCleat","Strawberry","Happy Flower","Potion Belt","Bronze Scales","Bag of Marbles","Akabeko","TeardropLocket","Astrolabe","Vajra","PreservedInsect","Sundial"],"acts_visited":["Exordium","TheCity","TheBeyond"],"potions_floor_usage":[28,33],"damage_taken":[{"damage":0.0,"enemies":"Jaw Worm","floor":1.0,"turns":1.0},{"damage":0.0,"enemies":"Cultist","floor":2.0,"turns":1.0},{"damage":0.0,"enemies":"2 Louse","floor":5.0,"turns":1.0},{"damage":0.0,"enemies":"Lagavulin","floor":6.0,"turns":4.0},{"damage":10.0,"enemies":"3 Sentries","floor":8.0,"turns":4.0},{"damage":0.0,"enemies":"2 Fungi Beasts","floor":11.0,"turns":3.0},{"damage":2.0,"enemies":"Gremlin Nob","floor":12.0,"turns":3.0},{"damage":0.0,"enemies":"Exordium Wildlife","floor":14.0,"turns":2.0},{"damage":14,"enemies":"The Guardian","floor":16,"turns":9},{"damage":0,"enemies":"Spheric Guardian","floor":18,"turns":2},{"damage":1,"enemies":"2 Thieves","floor":19,"turns":2},{"damage":5,"enemies":"Shelled Parasite and Fungi","floor":21,"turns":5},{"damage":0,"enemies":"Cultist and Chosen","floor":22,"turns":2},{"damage":1,"enemies":"Gremlin Leader","floor":23,"turns":4},{"damage":7,"enemies":"Book of Stabbing","floor":25,"turns":3},{"damage":0,"enemies":"Centurion and Healer","floor":28,"turns":1},{"damage":0,"enemies":"Snecko","floor":31,"turns":2},{"damage":4,"enemies":"Collector","floor":33,"turns":5},{"damage":13,"enemies":"3 Shapes","floor":35,"turns":6},{"damage":1,"enemies":"3 Darklings","floor":36,"turns":2},{"damage":0,"enemies":"Transient","floor":37,"turns":6},{"damage":48,"enemies":"Giant Head","floor":42,"turns":5},{"damage":28,"enemies":"Spire Growth","floor":44,"turns":2}],"seed_played":"-8046433766475897058","potions_obtained":[{"floor":5.0,"key":"BlessingOfTheForge"},{"floor":8.0,"key":"Strength Potion"},{"floor":12.0,"key":"SpeedPotion"},{"floor":16,"key":"DuplicationPotion"},{"floor":21,"key":"GamblersBrew"},{"floor":22,"key":"BlessingOfTheForge"},{"floor":31,"key":"Fire Potion"},{"floor":35,"key":"SpeedPotion"}],"is_trial":false,"path_per_floor":["M","M","?","?","M","E","?","E","T","R","M","E","R","M","R","B",null,"M","M","$","M","M","E","R","E","T","$","M","?","R","M","R","B",null,"M","M","M","T","?","R","$","E","T","M"],"character_chosen":"WATCHER","items_purchased":["Potion Belt","Bronze Scales","Adaptation","PreservedInsect"],"campfire_rested":0,"item_purchase_floors":[20,20,27,41],"current_hp_per_floor":[61,61,26,26,26,26,26,16,23,23,23,21,21,21,21,7,58,58,57,57,52,52,51,51,44,44,44,44,44,44,44,44,40,66,53,52,52,52,52,52,52,4,4,0,0],"gold":35,"neow_bonus":"THREE_ENEMY_KILL","is_daily":false,"chose_seed":false,"campfire_upgraded":7,"win_rate":0.0,"timestamp":1613527062,"path_taken":["M","M","?","?","?","E","?","E","T","R","M","E","R","M","R","BOSS","M","M","$","M","?","E","R","E","T","$","M","?","R","M","R","BOSS","M","M","M","?","?","R","?","E","T","M"],"items_purchased_type":["Relic","Relic","Card","Relic"],"build_version":"2020-12-22","purchased_purges":2,"victory":false,"max_hp_per_floor":[68,68,68,68,68,68,68,68,75,75,75,75,75,75,75,75,75,75,75,75,75,75,75,75,75,75,75,75,75,75,75,75,75,75,75,75,75,75,71,71,71,71,71,71,71],"relic_stats":{"Happy Flower":[19],"counters":[23,75],"Sundial":[0],"Bronze Scales":[78],"Astrolabe":["Alpha","Judgement","CutThroughFate"],"Tiny Chest":1,"PreservedInsect":163,"obtain_stats":[{"Potion Belt":20,"NeowsBlessing":0,"Happy Flower":12,"Astrolabe":34,"Vajra":38,"PreservedInsect":41,"TeardropLocket":26,"Akabeko":25,"HornCleat":8,"Sundial":42,"Strawberry":9,"Bronze Scales":20,"HolyWater":17,"Tiny Chest":6,"Bag of Marbles":23,"PureWater":0,"StrikeDummy":3},{"Potion Belt":11,"NeowsBlessing":0,"Happy Flower":7,"Astrolabe":18,"Vajra":21,"PreservedInsect":21,"TeardropLocket":15,"Akabeko":15,"HornCleat":5,"Sundial":22,"Strawberry":5,"Bronze Scales":11,"HolyWater":9,"Tiny Chest":4,"Bag of Marbles":14,"PureWater":0,"StrikeDummy":2},{"Potion Belt":32,"NeowsBlessing":0,"Happy Flower":17,"Astrolabe":54,"Vajra":68,"PreservedInsect":68,"TeardropLocket":46,"Akabeko":46,"HornCleat":11,"Sundial":73,"Strawberry":11,"Bronze Scales":32,"HolyWater":28,"Tiny Chest":7,"Bag of Marbles":43,"PureWater":0,"StrikeDummy":2}]},"card_choices":[{"not_picked":["SashWhip","Evaluate"],"picked":"BattleHymn","floor":1.0},{"not_picked":["LikeWater","Evaluate"],"picked":"Conclude","floor":2.0},{"not_picked":["Evaluate","Vengeance"],"picked":"FollowUp","floor":5.0},{"not_picked":["EmptyBody","Prostrate"],"picked":"SpiritShield","floor":6.0},{"not_picked":["CarveReality","SashWhip"],"picked":"Tantrum","floor":8.0},{"not_picked":["Consecrate","FlyingSleeves"],"picked":"ClearTheMind","floor":11.0},{"not_picked":["DeceiveReality","BowlingBash"],"picked":"ThirdEye","floor":12.0},{"not_picked":["EmptyFist","JustLucky","Protect"],"picked":"SKIP","floor":14.0},{"not_picked":["Judgement","Ragnarok"],"picked":"Scrawl","floor":16},{"not_picked":["EmptyFist","ReachHeaven"],"picked":"FlurryOfBlows","floor":18},{"not_picked":["Consecrate","EmptyBody","EmptyFist"],"picked":"SKIP","floor":19},{"not_picked":["Fasting2","Prostrate"],"picked":"Consecrate+1","floor":21},{"not_picked":["Perseverance","Nirvana","PathToVictory+1"],"picked":"SKIP","floor":22},{"not_picked":["Blasphemy","EmptyFist","ThirdEye"],"picked":"SKIP","floor":23},{"not_picked":["EmptyFist","Study"],"picked":"CutThroughFate","floor":25},{"not_picked":["CrushJoints","Consecrate","FollowUp"],"picked":"SKIP","floor":28},{"not_picked":["Consecrate","FollowUp"],"picked":"CrushJoints","floor":28},{"not_picked":["SashWhip","Prostrate","ClearTheMind"],"picked":"SKIP","floor":31},{"not_picked":["Judgement","Alpha"],"picked":"Establishment","floor":33},{"not_picked":["Study+1","Halt+1","WaveOfTheHand"],"picked":"SKIP","floor":35},{"not_picked":["Halt","Meditate"],"picked":"MentalFortress+1","floor":36},{"not_picked":["Evaluate","Crescendo","ClearTheMind+1"],"picked":"SKIP","floor":37},{"not_picked":["BowlingBash+1","FollowUp+1","EmptyBody"],"picked":"SKIP","floor":42}],"player_experience":812464,"relics_obtained":[{"floor":6.0,"key":"Tiny Chest"},{"floor":8.0,"key":"HornCleat"},{"floor":9.0,"key":"Strawberry"},{"floor":12.0,"key":"Happy Flower"},{"floor":23,"key":"Bag of Marbles"},{"floor":25,"key":"Akabeko"},{"floor":26,"key":"TeardropLocket"},{"floor":38,"key":"Vajra"},{"floor":42,"key":"Sundial"}],"event_choices":[{"damage_healed":0.0,"max_hp_gain":0.0,"max_hp_loss":0.0,"gold_gain":0.0,"event_name":"Scrap Ooze","player_choice":"Success","floor":3.0,"gold_loss":0.0,"damage_taken":35.0,"relics_obtained":["StrikeDummy"]},{"damage_healed":0.0,"max_hp_gain":0.0,"max_hp_loss":0.0,"gold_gain":0.0,"event_name":"Match and Keep!","player_choice":"1 cards matched","floor":4.0,"gold_loss":0.0,"damage_taken":0.0,"cards_obtained":["Blasphemy"]},{"cards_removed":["Strike_P"],"damage_healed":0.0,"max_hp_gain":0.0,"max_hp_loss":0.0,"gold_gain":0.0,"event_name":"Purifier","player_choice":"Purged","floor":7.0,"gold_loss":0.0,"damage_taken":0.0},{"damage_healed":0,"gold_gain":0,"player_choice":"Read","damage_taken":0,"max_hp_gain":0,"max_hp_loss":0,"event_name":"The Library","floor":29,"gold_loss":0,"cards_obtained":["FlurryOfBlows"]},{"damage_healed":0,"gold_gain":0,"player_choice":"Max HP","damage_taken":0,"max_hp_gain":0,"max_hp_loss":4,"event_name":"Winding Halls","floor":39,"gold_loss":0}],"is_beta":false,"boss_relics":[{"not_picked":["Ectoplasm","Calling Bell"],"picked":"HolyWater"},{"not_picked":["Coffee Dripper","Tiny House"],"picked":"Astrolabe"}],"items_purged_floors":[20,27],"is_endless":false,"potions_floor_spawned":[5,8,12,16,21,22,31,35],"killed_by":"Spire Growth","ascension_level":20}}