{"host":"rv17l6ilftf4fv77","time":1613562109,"event":{"mods":["BaseMod","Minty Spire (QoL Compilation)"],"gold_per_floor":[110,110,110,123,73,104,104,104,104,116,151,161,186,203,203,301,301,316,57,69,81,98,98,98,98,98,32,132,132,132],"floor_reached":29,"language":"ZHS","playtime":1064,"items_purged":["Strike_B"],"score":374,"play_id":"3214c3d7-ba32-489d-b37a-ad463e1fc9e4","local_time":"20210217194149","is_ascension_mode":true,"campfire_choices":[{"data":"Tempest","floor":8.0,"key":"SMITH"},{"floor":15.0,"key":"REST"},{"data":"Self Repair","floor":23.0,"key":"SMITH"},{"data":"Creative AI","floor":25.0,"key":"SMITH"}],"circlet_count":0,"master_deck":["Strike_B","Strike_B","Defend_B","Defend_B","Defend_B","Defend_B","Zap","Dualcast+1","Ball Lightning+1","Tempest+1","Cold Snap","Heatsinks","Coolheaded","Barrage+1","Steam","Creative AI+1","Conserve Battery","Self Repair+1","FTL+1"],"relics":["Cracked Core","NeowsBlessing","Juzu Bracelet","Gremlin Horn","Blue Candle","Pocketwatch","Molten Egg 2","Inserter","Lee\u0027s Waffle","FossilizedHelix","Akabeko","Gambling Chip","White Beast Statue"],"acts_visited":["Exordium","TheCity"],"potions_floor_usage":[28,28],"damage_taken":[{"damage":0.0,"enemies":"2 Louse","floor":1.0,"turns":1.0},{"damage":0.0,"enemies":"Jaw Worm","floor":4.0,"turns":1.0},{"damage":0.0,"enemies":"3 Sentries","floor":6.0,"turns":1.0},{"damage":0.0,"enemies":"Small Slimes","floor":10.0,"turns":2.0},{"damage":16.0,"enemies":"Lagavulin","floor":11.0,"turns":5.0},{"damage":11.0,"enemies":"3 Louse","floor":12.0,"turns":2.0},{"damage":12.0,"enemies":"3 Sentries","floor":13.0,"turns":7.0},{"damage":9.0,"enemies":"Red Slaver","floor":14.0,"turns":2.0},{"damage":26.0,"enemies":"The Guardian","floor":16.0,"turns":9.0},{"damage":32.0,"enemies":"3 Byrds","floor":18.0,"turns":4.0},{"damage":21.0,"enemies":"Spheric Guardian","floor":20.0,"turns":5.0},{"damage":29.0,"enemies":"Snake Plant","floor":21.0,"turns":4.0},{"damage":19.0,"enemies":"3 Cultists","floor":22.0,"turns":5.0},{"damage":0.0,"enemies":"Gremlin Leader","floor":24.0,"turns":1.0},{"damage":5,"enemies":"Colosseum Slavers","floor":28,"turns":4},{"damage":41,"enemies":"Colosseum Nobs","floor":28,"turns":6},{"damage":20,"enemies":"Book of Stabbing","floor":29,"turns":3}],"seed_played":"7507251810528631617","potions_obtained":[{"floor":1.0,"key":"SmokeBomb"},{"floor":6.0,"key":"DuplicationPotion"},{"floor":18.0,"key":"ColorlessPotion"},{"floor":28,"key":"Ancient Potion"}],"is_trial":false,"path_per_floor":["M","?","?","M","?","E","?","R","T","M","E","M","E","M","R","B",null,"M","$","M","M","M","R","E","R","T","?","?","E"],"character_chosen":"DEFECT","items_purchased":["Lee\u0027s Waffle","Self Repair"],"campfire_rested":1,"item_purchase_floors":[19,19],"current_hp_per_floor":[68,73,57,57,57,57,54,54,54,54,38,27,15,6,30,4,61,29,87,73,51,39,39,39,39,39,39,13,0,0],"gold":132,"neow_bonus":"THREE_ENEMY_KILL","is_daily":false,"chose_seed":false,"campfire_upgraded":3,"win_rate":0.0,"timestamp":1613562109,"path_taken":["M","?","?","M","?","E","?","R","T","M","E","M","E","M","R","BOSS","M","$","M","M","M","R","E","R","T","?","?","E"],"items_purchased_type":["Relic","Card"],"build_version":"2020-12-22","purchased_purges":1,"victory":false,"max_hp_per_floor":[75,80,80,80,80,80,80,80,80,80,80,80,80,80,80,80,80,80,87,87,87,87,87,87,87,87,87,87,87,87],"card_choices":[{"not_picked":["Glacier","Leap"],"picked":"Ball Lightning","floor":1.0},{"not_picked":["Turbo","Hologram"],"picked":"Tempest","floor":4.0},{"not_picked":["Echo Form","Force Field"],"picked":"Cold Snap","floor":6.0},{"not_picked":["Capacitor","Sweeping Beam"],"picked":"Heatsinks","floor":10.0},{"not_picked":["Sweeping Beam","Hologram"],"picked":"Coolheaded","floor":11.0},{"not_picked":["Capacitor","Static Discharge","Sweeping Beam"],"picked":"SKIP","floor":12.0},{"not_picked":["Sweeping Beam+1","Doom and Gloom+1"],"picked":"Barrage+1","floor":13.0},{"not_picked":["Aggregate","Redo"],"picked":"Steam","floor":14.0},{"not_picked":["Buffer","Echo Form"],"picked":"Creative AI","floor":16.0},{"not_picked":["Doom and Gloom+1","Ball Lightning+1"],"picked":"Conserve Battery","floor":18.0},{"not_picked":["Hologram","Streamline+1","Doom and Gloom+1"],"picked":"SKIP","floor":20.0},{"not_picked":["Rebound+1","Tempest","Reprogram+1"],"picked":"SKIP","floor":21.0},{"not_picked":["Rip and Tear+1","Go for the Eyes+1"],"picked":"FTL+1","floor":22.0}],"player_experience":226840,"relics_obtained":[{"floor":6.0,"key":"Juzu Bracelet"},{"floor":9.0,"key":"Blue Candle"},{"floor":11.0,"key":"Pocketwatch"},{"floor":13.0,"key":"Molten Egg 2"},{"floor":26.0,"key":"FossilizedHelix"},{"floor":28,"key":"Gambling Chip"},{"floor":28,"key":"White Beast Statue"}],"event_choices":[{"damage_healed":0.0,"max_hp_gain":5.0,"max_hp_loss":0.0,"gold_gain":0.0,"event_name":"Big Fish","player_choice":"Donut","floor":2.0,"gold_loss":0.0,"damage_taken":0.0},{"damage_healed":0.0,"max_hp_gain":0.0,"max_hp_loss":0.0,"gold_gain":0.0,"event_name":"Shining Light","player_choice":"Entered Light","floor":3.0,"gold_loss":0.0,"damage_taken":16.0,"cards_upgraded":["Dualcast","Ball Lightning"]},{"cards_removed":["Strike_B"],"damage_healed":0.0,"max_hp_gain":0.0,"max_hp_loss":0.0,"gold_gain":0.0,"event_name":"The Cleric","player_choice":"Card Removal","floor":5.0,"gold_loss":50.0,"damage_taken":0.0},{"damage_healed":0.0,"max_hp_gain":0.0,"max_hp_loss":0.0,"gold_gain":0.0,"event_name":"Scrap Ooze","player_choice":"Success","floor":7.0,"gold_loss":0.0,"damage_taken":3.0,"relics_obtained":["Gremlin Horn"]},{"damage_healed":0.0,"max_hp_gain":0.0,"max_hp_loss":0.0,"gold_gain":0.0,"event_name":"WeMeetAgain","player_choice":"Paid Gold","floor":27.0,"gold_loss":66.0,"damage_taken":0.0,"relics_obtained":["Akabeko"]},{"damage_healed":0,"gold_gain":0,"player_choice":"Fight","damage_taken":0,"max_hp_gain":0,"max_hp_loss":0,"event_name":"Colosseum","floor":28,"gold_loss":0},{"damage_healed":0,"gold_gain":0,"player_choice":"Fought Nobs","damage_taken":0,"max_hp_gain":0,"max_hp_loss":0,"event_name":"Colosseum","floor":28,"gold_loss":0}],"is_beta":false,"boss_relics":[{"not_picked":["SlaversCollar","Philosopher\u0027s Stone"],"picked":"Inserter"}],"items_purged_floors":[19],"is_endless":false,"potions_floor_spawned":[1,6,18,20,28],"killed_by":"Book of Stabbing","ascension_level":6}}