{"host":"p5nht1vx148lgsp8","time":1613564840,"event":{"mods":["AchievementEnabler","BaseMod","Better Altar","Better Match","Better Note","Better Sensory Stone","Better Skull","Better Third Choice","Colored Map","Colored Powertips","Curses Come First","Downfall","Googly Eyes","Hermit","Infinite Spire","Marisa????????","Minty Spire (QoL Compilation)","Permanent Neow","Quick Restart","Rare Cards Sparkle","Replay The Spire","StSLib","The Animator","The Bug Knight","The Cursed","The Servant 0.9.4","Waifu the Spire"],"gold_per_floor":[111,32,32,44,57,82,94,105,105,105,135,146,165,62,62,167,167,187,187,205,205,215,215,242,242,242,32,232,232,243,261,261,360,410,429,429,44,54,67,67,67],"floor_reached":40,"language":"ENG","playtime":4122,"items_purged":["HollowMod:NailStrikeStart"],"score":470,"play_id":"9429ce23-886a-4014-8788-cc30bb5660cb","local_time":"20210217122720","is_ascension_mode":false,"campfire_choices":[{"data":"HollowMod:MantisMark","floor":15,"key":"SMITH"},{"floor":23,"key":"REST"},{"floor":29,"key":"REST"},{"data":"HollowMod:MantisMark","floor":32,"key":"SMITH"}],"circlet_count":0,"master_deck":["HollowMod:NailStrikeStart","HollowMod:NailStrikeStart","HollowMod:NailStrikeStart","HollowMod:QuickDashStart+1","HollowMod:QuickDashStart","HollowMod:QuickDashStart","HollowMod:QuickDashStart","HollowMod:FocusHealStart+1","HollowMod:PogoStrike","HollowMod:MantisMark+1","HollowMod:MantisMark+1","HollowMod:HuntersJournal","HollowMod:QuirrelsAssistance","HollowMod:CornifersMapStart+1","HollowMod:theNailsmith+1","HollowMod:MantisMark+1","HollowMod:CloakDash+1","HollowMod:QuirrelsAssistance+1","HollowMod:Grubsong","HollowMod:CloakDash+1","HollowMod:GrimmsGift+1","HollowMod:VoidDash+1","HollowMod:MantisMark+1","HollowMod:SiblingsSouls+1","HollowMod:MantisMark+1","HollowMod:GreatSlash"],"relics":["HollowMod:VesselMask","Toxic Egg 2","Replay:Wax Seal","Replay:Mystery Machine","SacredBark","Mummified Hand","Pear","Replay:Rubber Ducky","Tiny House","DollysMirror","Orichalcum"],"acts_visited":["Exordium","TheCity","TheBeyond"],"potions_floor_usage":[6,11,11,16,16,16,22,24],"damage_taken":[{"damage":9,"enemies":"Cultist","floor":1,"turns":4},{"damage":0,"enemies":"Small Slimes","floor":4,"turns":3},{"damage":6,"enemies":"Jaw Worm","floor":5,"turns":2},{"damage":13,"enemies":"3 Sentries","floor":6,"turns":9},{"damage":14,"enemies":"Red Slaver","floor":7,"turns":4},{"damage":2,"enemies":"3 Louse","floor":8,"turns":4},{"damage":23,"enemies":"Lagavulin","floor":11,"turns":8},{"damage":4,"enemies":"Looter","floor":12,"turns":3},{"damage":16,"enemies":"Exordium Wildlife","floor":13,"turns":6},{"damage":46,"enemies":"The Guardian","floor":16,"turns":11},{"damage":38,"enemies":"3 Byrds","floor":18,"turns":7},{"damage":20,"enemies":"Spheric Guardian","floor":20,"turns":4},{"damage":13,"enemies":"Snake Plant","floor":22,"turns":3},{"damage":27,"enemies":"Gremlin Leader","floor":24,"turns":6},{"damage":15,"enemies":"Centurion and Healer","floor":30,"turns":6},{"damage":7,"enemies":"Shelled Parasite and Fungi","floor":31,"turns":5},{"damage":37,"enemies":"HollowMod:NKGrimm","floor":33,"turns":9},{"damage":60,"enemies":"3 Darklings","floor":35,"turns":11},{"damage":6,"enemies":"3 Shapes","floor":38,"turns":3},{"damage":3,"enemies":"Transient","floor":39,"turns":5},{"damage":43,"enemies":"Nemesis","floor":40,"turns":4}],"seed_played":"7030735558929720773","potions_obtained":[{"floor":1,"key":"SkillPotion"},{"floor":10,"key":"SpeedPotion"},{"floor":10,"key":"Cursed Concoction"},{"floor":10,"key":"SpeedPotion"},{"floor":11,"key":"Slimebound:ThreeZeroPotion"},{"floor":13,"key":"DuplicationPotion"},{"floor":20,"key":"LiquidBronze"},{"floor":22,"key":"AttackPotion"},{"floor":33,"key":"FearPotion"},{"floor":34,"key":"Dexterity Potion"},{"floor":35,"key":"champ:CounterPotion"}],"is_trial":false,"path_per_floor":["M","$","?","M","M","E","M","M","T","?","E","M","M","$","R","B",null,"M","?","M","?","M","R","E","T","T","$","?","R","M","M","R","B",null,"M","?","$","M","M","E"],"character_chosen":"THE_BUGKNIGHT","items_purchased":["HollowMod:MantisMark","CultistPotion","HollowMod:QuirrelsAssistance+1","HollowMod:Grubsong","DollysMirror","HollowMod:GreatSlash","Orichalcum"],"campfire_rested":2,"item_purchase_floors":[2,14,27,27,37,37,37],"current_hp_per_floor":[72,72,77,80,74,71,63,67,67,67,50,46,40,40,40,4,80,48,48,34,34,27,51,34,44,44,44,44,71,62,61,61,30,95,45,45,45,39,36,0,0],"gold":67,"neow_bonus":"UPGRADE_CARD","is_daily":false,"chose_seed":false,"campfire_upgraded":2,"win_rate":0.0,"timestamp":1613564840,"path_taken":["M","?","?","M","M","E","M","M","T","?","E","?","M","$","R","BOSS","M","?","M","?","?","R","E","?","T","$","?","R","?","M","R","BOSS","M","?","$","M","M","E"],"items_purchased_type":["Card","Potion","Card","Card","Relic","Card","Relic"],"build_version":"2020-12-22","purchased_purges":1,"victory":false,"max_hp_per_floor":[75,75,80,80,80,80,80,80,80,80,80,80,80,80,80,80,80,80,80,80,80,80,80,80,90,90,90,90,90,90,90,90,90,95,95,95,95,95,95,95,95],"card_choices":[{"not_picked":["HollowMod:SoulStrike","HollowMod:SiblingsSouls"],"picked":"HollowMod:MantisMark","floor":1},{"not_picked":["HollowMod:InfectedAttack","HollowMod:SoulShaman"],"picked":"HollowMod:HuntersJournal","floor":4},{"not_picked":["HollowMod:Grubsong","HollowMod:SiblingsShadow","HollowMod:SoulStrike"],"picked":"SKIP","floor":5},{"not_picked":["HollowMod:CycloneSlash","HollowMod:GrimmsGift+1"],"picked":"HollowMod:MawleksShell+1","floor":6},{"not_picked":["HollowMod:FastStrike","HollowMod:NewJinnsSoul+1","HollowMod:SharpenedShadows"],"picked":"SKIP","floor":7},{"not_picked":["HollowMod:FastStrike","HollowMod:NewJinnsSoul+1","HollowMod:SharpenedShadows"],"picked":"SKIP","floor":7},{"not_picked":["HollowMod:DashSlash","HollowMod:TaintedHusks+1"],"picked":"HollowMod:QuirrelsAssistance","floor":8},{"not_picked":["HollowMod:MothsMistake","HollowMod:InfectedAttack"],"picked":"HollowMod:CornifersMapStart+1","floor":11},{"not_picked":["HollowMod:NewJinnsSoul+1","HollowMod:RecoilStrike","HollowMod:LifebloodCocoon+1"],"picked":"SKIP","floor":12},{"not_picked":["HollowMod:CoiledNail","HollowMod:TaintedHusks+1","HollowMod:SharpenedNail"],"picked":"SKIP","floor":13},{"not_picked":["HollowMod:AwokenDreamNail","HollowMod:LifebloodCore+1"],"picked":"HollowMod:theNailsmith+1","floor":16},{"not_picked":["HollowMod:DashSlash","HollowMod:DungDefenderAura+1","HollowMod:CornifersMapStart+1"],"picked":"SKIP","floor":18},{"not_picked":["HollowMod:VengefulSpirit","HollowMod:MothsMistake","HollowMod:PerfectDash+1"],"picked":"SKIP","floor":20},{"not_picked":["HollowMod:SiblingsShadow+1","HollowMod:GrimmsGift+1"],"picked":"HollowMod:CloakDash+1","floor":22},{"not_picked":["HollowMod:NewGlowingWomb","HollowMod:BlackTendrils","HollowMod:TaintedHusks+1"],"picked":"SKIP","floor":24},{"not_picked":["HollowMod:DoubleDash+1","HollowMod:DashSlash"],"picked":"HollowMod:CloakDash+1","floor":30},{"not_picked":["HollowMod:DashSlash","HollowMod:SoulVessel+1"],"picked":"HollowMod:GrimmsGift+1","floor":31},{"not_picked":["HollowMod:NewInfectedGuardian+1","HollowMod:Hiveblood+1"],"picked":"HollowMod:VoidDash+1","floor":33},{"not_picked":["HollowMod:DoubleDash+1","HollowMod:NewJinnsSoul+1"],"picked":"HollowMod:MantisMark+1","floor":34},{"not_picked":["HollowMod:InfectedAttack","HollowMod:TaintedHusks+1"],"picked":"HollowMod:SiblingsSouls+1","floor":35},{"not_picked":["HollowMod:InfectedCysts","HollowMod:SoulSplash+1","HollowMod:InfectedAttack+1"],"picked":"SKIP","floor":38},{"not_picked":["HollowMod:NewInfectedGuardian+1","HollowMod:DashSlash","HollowMod:SharpenedNail"],"picked":"SKIP","floor":39}],"player_experience":202867,"relics_obtained":[{"floor":6,"key":"Toxic Egg 2"},{"floor":9,"key":"Replay:Wax Seal"},{"floor":11,"key":"Replay:Mystery Machine"},{"floor":24,"key":"Mummified Hand"},{"floor":25,"key":"Pear"},{"floor":26,"key":"Replay:Rubber Ducky"}],"event_choices":[{"damage_healed":0,"gold_gain":0,"player_choice":"Donut","damage_taken":0,"max_hp_gain":5,"max_hp_loss":0,"event_name":"Big Fish","floor":3,"gold_loss":0},{"damage_healed":0,"gold_gain":0,"player_choice":"Got Potions","damage_taken":0,"max_hp_gain":0,"max_hp_loss":0,"event_name":"Lab","floor":10,"gold_loss":0},{"damage_healed":0,"gold_gain":0,"player_choice":"Copied","damage_taken":0,"max_hp_gain":0,"max_hp_loss":0,"event_name":"Duplicator","floor":19,"gold_loss":0,"cards_obtained":["HollowMod:MantisMark"]},{"cards_removed":["HollowMod:MawleksShell"],"damage_healed":0,"gold_gain":0,"player_choice":"Purged","damage_taken":0,"max_hp_gain":0,"max_hp_loss":0,"event_name":"Purifier","floor":21,"gold_loss":0},{"damage_healed":0,"gold_gain":200,"player_choice":"Gold","damage_taken":0,"max_hp_gain":0,"max_hp_loss":0,"event_name":"Wheel of Change","floor":28,"gold_loss":0},{"damage_healed":0,"gold_gain":0,"player_choice":"Ignored","damage_taken":0,"max_hp_gain":0,"max_hp_loss":0,"event_name":"Mysterious Sphere","floor":36,"gold_loss":0}],"is_beta":false,"boss_relics":[{"not_picked":["Replay:Wanted Poster","Painkiller Herb"],"picked":"SacredBark"},{"not_picked":["bronze:MakeshiftBattery","Replay:Bronze Core"],"picked":"Tiny House"}],"items_purged_floors":[27],"is_endless":false,"potions_floor_spawned":[1,11,13,20,22,33,35,38],"killed_by":"Nemesis","ascension_level":0}}