{"host":"jz4ul6vrcxqkcr33","time":1613521424,"event":{"mods":["BaseMod","Minty Spire (QoL Compilation)","StSLib"],"gold_per_floor":[111,125,140,154,169,169,196,208,208,237,84,102,102,113,113,209,259,278,290,61,61,16,16,316,316,392,392,332,348,358,383,383,383,383],"floor_reached":33,"language":"ENG","playtime":1778,"items_purged":[],"score":457,"play_id":"181bd18d-8b62-445a-a97e-60f07a113ca9","local_time":"20210216192344","is_ascension_mode":true,"campfire_choices":[{"floor":6.0,"key":"REST"},{"floor":13.0,"key":"REST"},{"floor":15.0,"key":"REST"},{"data":"Fission","floor":23,"key":"SMITH"},{"data":"Buffer","floor":25,"key":"SMITH"},{"floor":27,"key":"REST"},{"floor":32,"key":"REST"}],"circlet_count":0,"master_deck":["AscendersBane","Strike_B","Strike_B","Strike_B","Strike_B","Defend_B","Defend_B","Defend_B","Defend_B","Zap","Dualcast","Go for the Eyes","Leap","Conserve Battery","Thunder Strike","Chill","Redo","Beam Cell","Fission+1","Cold Snap+1","Streamline","Buffer+1","Compile Driver","Beam Cell+1","FTL+1","Chill","Cold Snap","Sweeping Beam+1","FTL","Glacier"],"relics":["Inserter","Mango","InkBottle","Blood Vial","Lantern","Tiny House","Vajra","Old Coin","Bottled Flame"],"acts_visited":["Exordium","TheCity"],"potions_floor_usage":[19,29,31],"damage_taken":[{"damage":6.0,"enemies":"2 Louse","floor":1.0,"turns":5.0},{"damage":13.0,"enemies":"Small Slimes","floor":2.0,"turns":3.0},{"damage":1.0,"enemies":"Cultist","floor":3.0,"turns":4.0},{"damage":11.0,"enemies":"Gremlin Gang","floor":4.0,"turns":8.0},{"damage":1.0,"enemies":"Blue Slaver","floor":5.0,"turns":5.0},{"damage":39.0,"enemies":"3 Sentries","floor":7.0,"turns":18.0},{"damage":1.0,"enemies":"2 Fungi Beasts","floor":8.0,"turns":5.0},{"damage":18.0,"enemies":"Lagavulin","floor":10.0,"turns":10.0},{"damage":0.0,"enemies":"3 Louse","floor":12.0,"turns":7.0},{"damage":6.0,"enemies":"Lots of Slimes","floor":14.0,"turns":7.0},{"damage":55.0,"enemies":"The Guardian","floor":16.0,"turns":12.0},{"damage":8.0,"enemies":"3 Byrds","floor":18.0,"turns":9.0},{"damage":10,"enemies":"Chosen","floor":19,"turns":6},{"damage":0,"enemies":"Centurion and Healer","floor":29,"turns":9},{"damage":11,"enemies":"Sentry and Sphere","floor":30,"turns":6},{"damage":72,"enemies":"Gremlin Leader","floor":31,"turns":7},{"damage":53,"enemies":"Champ","floor":33,"turns":10}],"seed_played":"2479765272464237218","potions_obtained":[{"floor":2.0,"key":"ColorlessPotion"},{"floor":3.0,"key":"LiquidMemories"},{"floor":4.0,"key":"Swift Potion"},{"floor":8.0,"key":"FocusPotion"},{"floor":10.0,"key":"SteroidPotion"},{"floor":14.0,"key":"ColorlessPotion"},{"floor":17.0,"key":"Block Potion"},{"floor":19,"key":"Fruit Juice"},{"floor":29,"key":"FearPotion"}],"is_trial":false,"path_per_floor":["M","M","M","M","M","R","E","M","T","E","$","M","R","M","R","B",null,"M","M","$","?","$","R","?","R","T","R","?","M","M","E","R","B"],"character_chosen":"DEFECT","items_purchased":["Lantern","Vajra","Chill","Cold Snap"],"campfire_rested":5,"item_purchase_floors":[11,20,20,22],"current_hp_per_floor":[62,49,48,37,36,58,33,32,32,14,14,16,42,38,64,11,75,69,66,66,66,66,66,66,66,66,95,95,97,88,18,47,0,0],"gold":383,"neow_bonus":"BOSS_RELIC","is_daily":false,"chose_seed":false,"campfire_upgraded":2,"win_rate":0.0,"timestamp":1613521424,"path_taken":["M","M","M","M","M","R","E","M","T","E","$","M","R","M","R","BOSS","M","M","$","?","$","R","?","R","T","R","?","M","M","E","R","BOSS"],"items_purchased_type":["Relic","Relic","Card","Card"],"build_version":"2020-12-13","purchased_purges":0,"victory":false,"max_hp_per_floor":[75,75,75,75,75,75,89,89,89,89,89,89,89,89,89,89,94,94,99,99,99,99,99,99,99,99,99,99,99,99,99,99,99,99],"card_choices":[{"not_picked":["Stack","Force Field"],"picked":"Go for the Eyes","floor":1.0},{"not_picked":["Recycle","Reprogram"],"picked":"Leap","floor":2.0},{"not_picked":["Reinforced Body","Hologram"],"picked":"Conserve Battery","floor":3.0},{"not_picked":["Undo","Scrape"],"picked":"Thunder Strike","floor":4.0},{"not_picked":["Doom and Gloom","Force Field"],"picked":"Chill","floor":5.0},{"not_picked":["Turbo","Hello World"],"picked":"Redo","floor":7.0},{"not_picked":["Heatsinks","Aggregate"],"picked":"Beam Cell","floor":8.0},{"not_picked":["Skim","Consume"],"picked":"Fission","floor":10.0},{"not_picked":["Sunder","Turbo"],"picked":"Cold Snap","floor":12.0},{"not_picked":["Capacitor","Force Field"],"picked":"Streamline","floor":14.0},{"not_picked":["Thunder Strike","Machine Learning"],"picked":"Buffer","floor":16.0},{"not_picked":["Rebound","White Noise"],"picked":"Compile Driver","floor":17.0},{"not_picked":["Heatsinks","Hologram+1"],"picked":"Beam Cell+1","floor":18.0},{"not_picked":["White Noise","Go for the Eyes"],"picked":"FTL+1","floor":19},{"not_picked":["Streamline","Redo+1"],"picked":"Sweeping Beam+1","floor":29},{"not_picked":["Undo+1","Gash+1"],"picked":"FTL","floor":30},{"not_picked":["Sweeping Beam","Compile Driver"],"picked":"Glacier","floor":31}],"player_experience":253618,"relics_obtained":[{"floor":7.0,"key":"Mango"},{"floor":9.0,"key":"InkBottle"},{"floor":10.0,"key":"Blood Vial"},{"floor":31,"key":"Bottled Flame"}],"event_choices":[{"damage_healed":0,"gold_gain":0,"player_choice":"Ignored","damage_taken":0,"max_hp_gain":0,"max_hp_loss":0,"event_name":"Ghosts","floor":21,"gold_loss":0},{"damage_healed":0,"gold_gain":0,"player_choice":"Opened","damage_taken":0,"relics_obtained":["Old Coin"],"max_hp_gain":0,"max_hp_loss":0,"event_name":"The Mausoleum","floor":24,"gold_loss":0,"cards_obtained":["Writhe"]},{"cards_removed":["Writhe"],"damage_healed":0,"gold_gain":0,"player_choice":"Single Remove","damage_taken":0,"max_hp_gain":0,"max_hp_loss":0,"event_name":"Designer","floor":28,"gold_loss":60}],"is_beta":false,"boss_relics":[{"not_picked":["Busted Crown","Cursed Key"],"picked":"Tiny House"}],"items_purged_floors":[],"is_endless":false,"potions_floor_spawned":[2,3,4,8,10,14,18,19,29],"killed_by":"Champ","ascension_level":11}}