{"host":"q4axc00jr2bozlh9","time":1613590923,"event":{"mods":["AchievementEnabler","BaseMod","Bestiary","Colored Map","Colored Powertips","Curses Come First","Minty Spire (QoL Compilation)","Relic Stats","StSLib","SuperFastMode","UnlockEverythingMod"],"gold_per_floor":[19,33,51,66,85,112,37,48,48,75,90,106,131,163,175,287,299,323,335,347,373,412,454,466,493,505,457,488,533,559,605,617,731,743,775,52,69,69,69,100,113,147,147,165,165,185,230,240,240,240],"floor_reached":51,"language":"ENG","playtime":3822,"items_purged":["Strike_R","Defend_R"],"score":885,"play_id":"bac8783c-88e0-47dc-b569-91465989c017","local_time":"20210217204203","is_ascension_mode":false,"campfire_choices":[{"floor":15.0,"key":"REST"},{"floor":24.0,"key":"REST"},{"floor":32.0,"key":"REST"},{"floor":49,"key":"REST"}],"circlet_count":0,"master_deck":["Strike_R","Strike_R","Defend_R","Defend_R","Defend_R+1","Bash+1","Apotheosis","Headbutt","Carnage","Seeing Red","True Grit","Metallicize","Battle Trance","Ghostly Armor","Thunderclap+1","Infernal Blade","Exhume","Spot Weakness+1","Ghostly+1","Ghostly","Ghostly","Ghostly","Ghostly","Feel No Pain","Inflame+1","Demon Form","Double Tap","Inflame+1","Mayhem","Enlightenment","Madness","Madness","Madness","Metallicize+1","Intimidate","Flex+1"],"relics":["Burning Blood","Tiny Chest","StrikeDummy","Odd Mushroom","MawBank","Sozu","PreservedInsect","Gremlin Horn","Matryoshka","Darkstone Periapt","SlaversCollar","Lee\u0027s Waffle","Incense Burner","Paper Frog","Blue Candle","Dream Catcher","Whetstone","War Paint","Sundial","Bird Faced Urn"],"acts_visited":["Exordium","TheCity","TheBeyond"],"potions_floor_usage":[],"damage_taken":[{"damage":3.0,"enemies":"Jaw Worm","floor":1.0,"turns":4.0},{"damage":1.0,"enemies":"2 Louse","floor":2.0,"turns":3.0},{"damage":0.0,"enemies":"Cultist","floor":3.0,"turns":2.0},{"damage":11.0,"enemies":"Large Slime","floor":4.0,"turns":4.0},{"damage":22.0,"enemies":"Lots of Slimes","floor":5.0,"turns":5.0},{"damage":11.0,"enemies":"3 Sentries","floor":6.0,"turns":12.0},{"damage":11.0,"enemies":"Looter","floor":8.0,"turns":3.0},{"damage":3.0,"enemies":"The Mushroom Lair","floor":10.0,"turns":6.0},{"damage":4.0,"enemies":"Blue Slaver","floor":11.0,"turns":4.0},{"damage":12.0,"enemies":"Exordium Wildlife","floor":12.0,"turns":4.0},{"damage":14.0,"enemies":"Gremlin Nob","floor":13.0,"turns":4.0},{"damage":6.0,"enemies":"Looter","floor":14.0,"turns":3.0},{"damage":42.0,"enemies":"The Guardian","floor":16.0,"turns":11.0},{"damage":16.0,"enemies":"Chosen","floor":18.0,"turns":6.0},{"damage":5.0,"enemies":"3 Byrds","floor":21.0,"turns":9.0},{"damage":20.0,"enemies":"Book of Stabbing","floor":23.0,"turns":7.0},{"damage":0.0,"enemies":"Snecko","floor":25.0,"turns":5.0},{"damage":0.0,"enemies":"Snake Plant","floor":28.0,"turns":7.0},{"damage":8.0,"enemies":"Slavers","floor":29.0,"turns":9.0},{"damage":2.0,"enemies":"Shelled Parasite and Fungi","floor":30.0,"turns":7.0},{"damage":22.0,"enemies":"Book of Stabbing","floor":31.0,"turns":7.0},{"damage":0.0,"enemies":"Collector","floor":33.0,"turns":10.0},{"damage":0.0,"enemies":"3 Darklings","floor":35.0,"turns":7.0},{"damage":1.0,"enemies":"3 Shapes","floor":37.0,"turns":6.0},{"damage":0.0,"enemies":"Giant Head","floor":40.0,"turns":7.0},{"damage":0.0,"enemies":"Transient","floor":41.0,"turns":5.0},{"damage":6.0,"enemies":"Nemesis","floor":42.0,"turns":7.0},{"damage":0.0,"enemies":"3 Darklings","floor":44.0,"turns":6.0},{"damage":0.0,"enemies":"Spire Growth","floor":46.0,"turns":7.0},{"damage":26.0,"enemies":"2 Orb Walkers","floor":47.0,"turns":9.0},{"damage":12.0,"enemies":"4 Shapes","floor":48.0,"turns":8.0},{"damage":25,"enemies":"Awakened One","floor":50,"turns":10}],"seed_played":"-4554580040980069420","potions_obtained":[{"floor":3.0,"key":"DuplicationPotion"},{"floor":5.0,"key":"Energy Potion"},{"floor":6.0,"key":"AttackPotion"},{"floor":8.0,"key":"ColorlessPotion"},{"floor":12.0,"key":"Regen Potion"}],"is_trial":false,"path_per_floor":["M","M","M","M","M","E","$","M","T","?","M","M","E","M","R","B",null,"M","?","?","M","T","E","R","M","T","?","M","E","M","E","R","B",null,"M","$","M","?","T","E","M","E","T","M","?","M","?","M","R","B",null],"character_chosen":"IRONCLAD","items_purchased":["Lee\u0027s Waffle","Incense Burner","Mayhem"],"campfire_rested":4,"item_purchase_floors":[36,36,36],"current_hp_per_floor":[80,80,80,75,59,54,54,49,49,52,54,48,40,40,64,43,80,70,40,40,40,40,26,38,40,40,40,40,38,40,24,36,40,40,40,47,47,42,42,47,47,47,47,47,41,47,27,31,45,38],"gold":240,"neow_bonus":"RANDOM_COLORLESS_2","is_daily":false,"chose_seed":false,"campfire_upgraded":0,"win_rate":0.0,"timestamp":1613590923,"path_taken":["M","M","M","M","M","E","$","M","T","?","M","M","E","M","R","BOSS","M","?","?","M","?","E","R","M","T","?","M","E","M","E","R","BOSS","M","?","M","?","?","E","M","E","T","?","?","M","?","M","R","BOSS"],"items_purchased_type":["Relic","Relic","Card"],"build_version":"2020-12-22","purchased_purges":2,"victory":true,"max_hp_per_floor":[80,80,80,80,80,80,80,80,80,80,80,80,80,80,80,80,80,80,40,40,40,40,40,40,40,40,40,40,40,40,40,40,40,40,40,47,47,47,47,47,47,47,47,47,47,47,47,47,47,47],"relic_stats":{"Darkstone Periapt":0,"Lee\u0027s Waffle":7,"Gremlin Horn":[15,20],"counters":[32,204],"Blue Candle":[0],"PreservedInsect":292,"Whetstone":["Thunderclap","Bash"],"War Paint":["Defend_R","Ghostly"],"MawBank":276,"Burning Blood":139,"Sozu":9,"Dream Catcher":1,"Sundial":[4],"Bird Faced Urn":[22],"Tiny Chest":2,"obtain_stats":[{"Darkstone Periapt":31,"Lee\u0027s Waffle":36,"Gremlin Horn":23,"Blue Candle":39,"PreservedInsect":22,"Incense Burner":36,"Whetstone":42,"Odd Mushroom":10,"War Paint":43,"MawBank":13,"Burning Blood":0,"Sozu":17,"SlaversCollar":34,"Dream Catcher":40,"Matryoshka":29,"Sundial":43,"Bird Faced Urn":47,"Tiny Chest":6,"StrikeDummy":9,"Paper Frog":39},{"Darkstone Periapt":21,"Lee\u0027s Waffle":23,"Gremlin Horn":16,"Blue Candle":24,"PreservedInsect":15,"Incense Burner":23,"Whetstone":27,"Odd Mushroom":8,"War Paint":27,"MawBank":11,"Burning Blood":0,"Sozu":13,"SlaversCollar":22,"Dream Catcher":25,"Matryoshka":19,"Sundial":27,"Bird Faced Urn":30,"Tiny Chest":6,"StrikeDummy":7,"Paper Frog":24},{"Darkstone Periapt":122,"Lee\u0027s Waffle":139,"Gremlin Horn":87,"Blue Candle":145,"PreservedInsect":80,"Incense Burner":139,"Whetstone":164,"Odd Mushroom":39,"War Paint":164,"MawBank":51,"Burning Blood":0,"Sozu":65,"SlaversCollar":132,"Dream Catcher":152,"Matryoshka":108,"Sundial":164,"Bird Faced Urn":186,"Tiny Chest":30,"StrikeDummy":33,"Paper Frog":145}]},"card_choices":[{"not_picked":["Magnetism","Master of Strategy"],"picked":"Apotheosis","floor":0.0},{"not_picked":["Armaments","Dual Wield"],"picked":"Headbutt","floor":1.0},{"not_picked":["Pommel Strike","Power Through"],"picked":"Carnage","floor":2.0},{"not_picked":["Cleave","Body Slam"],"picked":"Seeing Red","floor":3.0},{"not_picked":["Bloodletting","Perfected Strike"],"picked":"True Grit","floor":4.0},{"not_picked":["Dual Wield","Thunderclap"],"picked":"Metallicize","floor":5.0},{"not_picked":["Perfected Strike","True Grit"],"picked":"Battle Trance","floor":6.0},{"not_picked":["Wild Strike","Dark Embrace"],"picked":"Ghostly Armor","floor":8.0},{"not_picked":["Iron Wave","Heavy Blade"],"picked":"Thunderclap","floor":11.0},{"not_picked":["True Grit","Carnage","Clothesline"],"picked":"SKIP","floor":12.0},{"not_picked":["Body Slam","Cleave","Second Wind"],"picked":"SKIP","floor":13.0},{"not_picked":["Clash","Dark Embrace"],"picked":"Infernal Blade","floor":14.0},{"not_picked":["Corruption","Immolate"],"picked":"Exhume","floor":16.0},{"not_picked":["Anger","Uppercut"],"picked":"Spot Weakness+1","floor":18.0},{"not_picked":["Thunderclap","Cleave","Body Slam"],"picked":"SKIP","floor":21.0},{"not_picked":["Body Slam","Whirlwind","Headbutt+1"],"picked":"SKIP","floor":23.0},{"not_picked":["Bloodletting","Battle Trance"],"picked":"Inflame+1","floor":25.0},{"not_picked":["Armaments","Searing Blow","Perfected Strike+1"],"picked":"SKIP","floor":28.0},{"not_picked":["Cleave","Impervious"],"picked":"Demon Form","floor":29.0},{"not_picked":["Warcry","Twin Strike","Feel No Pain"],"picked":"SKIP","floor":30.0},{"not_picked":["Body Slam","Carnage","Feel No Pain"],"picked":"SKIP","floor":31.0},{"not_picked":["Juggernaut","Offering"],"picked":"Double Tap","floor":33.0},{"not_picked":["Clothesline","True Grit"],"picked":"Inflame+1","floor":35.0},{"not_picked":["Uppercut","Wild Strike+1","Anger+1"],"picked":"SKIP","floor":37.0},{"not_picked":["Apotheosis","Blind"],"picked":"Enlightenment","floor":38.0},{"not_picked":["Thinking Ahead","Dramatic Entrance"],"picked":"Madness","floor":38.0},{"not_picked":["Sever Soul+1","Havoc+1","True Grit"],"picked":"SKIP","floor":40.0},{"not_picked":["Whirlwind+1","Sentinel+1","Body Slam"],"picked":"SKIP","floor":41.0},{"not_picked":["Warcry","Brutality","Burning Pact+1"],"picked":"SKIP","floor":42.0},{"not_picked":["Havoc+1","Wild Strike+1","Headbutt"],"picked":"SKIP","floor":44.0},{"not_picked":["Bloodletting+1","Battle Trance+1"],"picked":"Metallicize+1","floor":46.0},{"not_picked":["Sever Soul","Rupture"],"picked":"Intimidate","floor":47.0},{"not_picked":["Heavy Blade","Hemokinesis","Anger+1"],"picked":"SKIP","floor":48.0},{"not_picked":["Shockwave","Anger+1"],"picked":"Flex+1","floor":49}],"player_experience":272016,"relics_obtained":[{"floor":6.0,"key":"Tiny Chest"},{"floor":9.0,"key":"StrikeDummy"},{"floor":10.0,"key":"Odd Mushroom"},{"floor":13.0,"key":"MawBank"},{"floor":22.0,"key":"PreservedInsect"},{"floor":23.0,"key":"Gremlin Horn"},{"floor":29.0,"key":"Matryoshka"},{"floor":31.0,"key":"Darkstone Periapt"},{"floor":39.0,"key":"Paper Frog"},{"floor":39.0,"key":"Blue Candle"},{"floor":40.0,"key":"Dream Catcher"},{"floor":42.0,"key":"Whetstone"},{"floor":43.0,"key":"War Paint"},{"floor":43.0,"key":"Sundial"},{"floor":47.0,"key":"Bird Faced Urn"}],"event_choices":[{"damage_healed":0.0,"max_hp_gain":0.0,"max_hp_loss":0.0,"gold_gain":0.0,"event_name":"Mushrooms","player_choice":"Fought Mushrooms","floor":10.0,"gold_loss":0.0,"damage_taken":0.0},{"damage_healed":0.0,"max_hp_gain":0.0,"max_hp_loss":40.0,"gold_gain":0.0,"event_name":"Ghosts","player_choice":"Became a Ghost","floor":19.0,"gold_loss":0.0,"damage_taken":0.0,"cards_obtained":["Ghostly","Ghostly","Ghostly","Ghostly","Ghostly"]},{"damage_healed":0.0,"max_hp_gain":0.0,"max_hp_loss":0.0,"gold_gain":0.0,"cards_transformed":["Strike_R"],"event_name":"Transmorgrifier","player_choice":"Transformed","floor":20.0,"gold_loss":0.0,"damage_taken":0.0,"cards_obtained":["Feel No Pain"]},{"cards_removed":["Strike_R"],"damage_healed":0.0,"max_hp_gain":0.0,"max_hp_loss":0.0,"gold_gain":0.0,"event_name":"Designer","player_choice":"Single Remove","floor":27.0,"gold_loss":60.0,"damage_taken":0.0},{"damage_healed":0.0,"max_hp_gain":0.0,"max_hp_loss":0.0,"gold_gain":0.0,"event_name":"SensoryStone","player_choice":"Memory 2","floor":38.0,"gold_loss":0.0,"damage_taken":5.0},{"damage_healed":0.0,"max_hp_gain":0.0,"max_hp_loss":0.0,"gold_gain":0.0,"event_name":"Winding Halls","player_choice":"Embrace Madness","floor":45.0,"gold_loss":0.0,"damage_taken":6.0,"cards_obtained":["Madness","Madness"]},{"damage_healed":0.0,"max_hp_gain":0.0,"max_hp_loss":0.0,"gold_gain":0.0,"event_name":"Mysterious Sphere","player_choice":"Fight","floor":47.0,"gold_loss":0.0,"damage_taken":0.0}],"is_beta":false,"boss_relics":[{"not_picked":["Runic Cube","Astrolabe"],"picked":"Sozu"},{"not_picked":["Tiny House","Runic Pyramid"],"picked":"SlaversCollar"}],"items_purged_floors":[7,36],"is_endless":false,"potions_floor_spawned":[3,5,6,8,10,12,21,25,29,30,31,40,41,42,47],"ascension_level":0}}