{"host":"31s8hzukbhz1k6i6","time":1613533098,"event":{"mods":["AchievementEnabler","BaseMod","Bestiary","Colored Map","Filter the Spire","Minty Spire (QoL Compilation)","Relic Stats"],"gold_per_floor":[369,369,156,169,169,169,197,197,223,223,248,261,272,172,172,246,246,259,269,159,175,225,225,225,243,243,243,243,243],"floor_reached":28,"language":"ENG","playtime":1049,"items_purged":["Strike_G","Finisher"],"score":452,"play_id":"cadbb68f-8df9-4a7f-a598-36f14eb14064","local_time":"20210216193818","is_ascension_mode":true,"campfire_choices":[{"data":"Poisoned Stab","floor":6,"key":"SMITH"},{"data":"Dagger Spray","floor":8,"key":"SMITH"},{"data":"Catalyst","floor":10,"key":"SMITH"},{"floor":15,"key":"REST"},{"data":"Burst","floor":23,"key":"SMITH"},{"floor":27,"key":"REST"}],"circlet_count":0,"master_deck":["AscendersBane","Defend_G+1","Defend_G+1","Defend_G+1","Defend_G+1","Survivor","Neutralize","Poisoned Stab+1","Catalyst+1","Dagger Spray+1","Terror+1","Calculated Gamble","Deadly Poison","Burst+1","Flying Knee+1","Endless Agony+1","Well Laid Plans+1","Footwork"],"relics":["Ring of the Snake","Darkstone Periapt","Nunchaku","Astrolabe","Paper Crane"],"acts_visited":["Exordium","TheCity"],"potions_floor_usage":[19,25],"damage_taken":[{"damage":3,"enemies":"Jaw Worm","floor":1,"turns":7},{"damage":1,"enemies":"Cultist","floor":4,"turns":3},{"damage":39,"enemies":"3 Sentries","floor":7,"turns":12},{"damage":8,"enemies":"Gremlin Nob","floor":11,"turns":3},{"damage":0,"enemies":"2 Louse","floor":12,"turns":2},{"damage":6,"enemies":"Red Slaver","floor":13,"turns":3},{"damage":7,"enemies":"The Guardian","floor":16,"turns":9},{"damage":8,"enemies":"Chosen","floor":18,"turns":5},{"damage":9,"enemies":"2 Thieves","floor":19,"turns":4},{"damage":1,"enemies":"Snake Plant","floor":21,"turns":3},{"damage":22,"enemies":"Sentry and Sphere","floor":25,"turns":6},{"damage":55,"enemies":"Slavers","floor":28,"turns":6}],"seed_played":"7329604642654191007","potions_obtained":[{"floor":1,"key":"FairyPotion"},{"floor":11,"key":"Energy Potion"},{"floor":19,"key":"ColorlessPotion"},{"floor":21,"key":"GamblersBrew"}],"is_trial":false,"path_per_floor":["M","?","$","M","?","R","E","R","T","R","E","M","M","$","R","B",null,"M","M","?","M","?","R","?","M","T","R","E"],"character_chosen":"THE_SILENT","items_purchased":["Poisoned Stab","Catalyst"],"campfire_rested":2,"item_purchase_floors":[3,3],"current_hp_per_floor":[56,56,56,55,55,55,16,16,16,16,8,8,2,2,21,14,53,45,36,36,35,35,35,35,13,13,32,0,0],"gold":243,"neow_bonus":"TWO_FIFTY_GOLD","is_daily":false,"chose_seed":false,"campfire_upgraded":4,"win_rate":0.0,"timestamp":1613533098,"path_taken":["M","?","?","M","?","R","E","R","T","R","E","M","M","$","R","BOSS","M","M","?","?","?","R","?","M","T","R","E"],"items_purchased_type":["Card","Card"],"build_version":"2020-12-22","purchased_purges":2,"victory":false,"max_hp_per_floor":[66,66,66,66,66,66,66,66,66,66,66,66,66,66,66,66,66,66,66,66,66,66,66,66,66,66,66,66,66],"relic_stats":{"Darkstone Periapt":0,"Nunchaku":[5],"counters":[12,63],"Astrolabe":["Flying Knee","Endless Agony","Well Laid Plans"],"obtain_stats":[{"Darkstone Periapt":7,"Nunchaku":11,"Astrolabe":17,"Paper Crane":26,"Ring of the Snake":0},{"Darkstone Periapt":3,"Nunchaku":4,"Astrolabe":7,"Paper Crane":11,"Ring of the Snake":0},{"Darkstone Periapt":22,"Nunchaku":25,"Astrolabe":39,"Paper Crane":57,"Ring of the Snake":0}],"Ring of the Snake":[24]},"card_choices":[{"not_picked":["Underhanded Strike","Bane"],"picked":"Finisher","floor":1},{"not_picked":["Doppelganger","Finisher"],"picked":"Dagger Spray","floor":4},{"not_picked":["Footwork","Outmaneuver"],"picked":"Calculated Gamble","floor":7},{"not_picked":["Outmaneuver","Underhanded Strike"],"picked":"Deadly Poison","floor":11},{"not_picked":["Backflip","Bane","Dodge and Roll"],"picked":"SKIP","floor":12},{"not_picked":["Deadly Poison","Deflect","Quick Slash"],"picked":"SKIP","floor":13},{"not_picked":["Unload","Storm of Steel"],"picked":"Burst","floor":16},{"not_picked":["Blur","Finisher"],"picked":"Footwork","floor":18},{"not_picked":["Dagger Spray","All Out Attack","Accuracy"],"picked":"SKIP","floor":19},{"not_picked":["Sucker Punch","Cloak And Dagger","PiercingWail"],"picked":"SKIP","floor":21},{"not_picked":["PiercingWail","Flying Knee","Blade Dance"],"picked":"SKIP","floor":25}],"player_experience":225920,"relics_obtained":[{"floor":7,"key":"Darkstone Periapt"},{"floor":11,"key":"Nunchaku"},{"floor":26,"key":"Paper Crane"}],"event_choices":[{"cards_removed":["Normality"],"damage_healed":0,"gold_gain":0,"player_choice":"Removed Curses","damage_taken":0,"max_hp_gain":0,"max_hp_loss":0,"event_name":"Fountain of Cleansing","floor":2,"gold_loss":0},{"damage_healed":0,"gold_gain":0,"cards_transformed":["Strike_G"],"player_choice":"Change","damage_taken":0,"max_hp_gain":0,"max_hp_loss":0,"event_name":"Living Wall","floor":5,"gold_loss":0,"cards_obtained":["Terror"]},{"cards_removed":["Defend_G"],"damage_healed":0,"gold_gain":0,"player_choice":"Upgrade and Remove","damage_taken":0,"max_hp_gain":0,"max_hp_loss":0,"event_name":"Designer","floor":20,"gold_loss":110,"cards_upgraded":["Terror"]},{"damage_healed":0,"gold_gain":50,"player_choice":"Stole From Cult","damage_taken":0,"max_hp_gain":0,"max_hp_loss":0,"event_name":"Nest","floor":22,"gold_loss":0},{"damage_healed":0,"gold_gain":0,"player_choice":"Simplicity","damage_taken":0,"max_hp_gain":0,"max_hp_loss":0,"event_name":"Back to Basics","floor":24,"gold_loss":0,"cards_upgraded":["Defend_G","Defend_G","Defend_G","Defend_G"]}],"is_beta":false,"boss_relics":[{"not_picked":["Busted Crown","HoveringKite"],"picked":"Astrolabe"}],"items_purged_floors":[3,14],"is_endless":false,"potions_floor_spawned":[1,11,19,21],"killed_by":"Slavers","ascension_level":20}}