{"host":"za1qviwhp34x909e","time":1613551881,"event":{"mods":["Act Like it!","BaseMod","Colored Map","Colored Powertips","Downfall","Highlight Path","Hubris","Koishi","Marisa????????","Minty Spire (QoL Compilation)","Quick Restart","Remilia??????","Replay The Spire","StSLib","The Servant 0.9.4"],"gold_per_floor":[359,5,24,124,135,135,151,183,183,210,210,225,260,276,276,276,276],"floor_reached":16,"language":"ENG","playtime":815,"items_purged":["Pain"],"score":128,"play_id":"02611ea6-7998-439d-8bb5-19df7e1ab2c2","local_time":"20210217025121","is_ascension_mode":true,"campfire_choices":[{"data":"Koishi:HauntingSlash","floor":6,"key":"SMITH"},{"floor":11,"key":"REST"},{"floor":15,"key":"REST"}],"circlet_count":0,"master_deck":["Koishi:BasicStrike","Koishi:BasicStrike","Koishi:BasicStrike","Koishi:BasicStrike","Koishi:BasicDefend","Koishi:BasicDefend","Koishi:BasicDefend","Koishi:BasicDefend","Koishi:Provoke","Koishi:HauntingSlash+1","Koishi:IdleWhim","Koishi:BramblyRoseGarden","Koishi:Prune","Koishi:MindNumbingTerror","Koishi:ParalyzingFear","Koishi:RacingHeart","Koishi:FourthEye","Koishi:EmbryosDream","Koishi:JumpScare","Koishi:BramblyRoseGarden","Koishi:Catatonia"],"relics":["Koishi:ImaginaryFriend","Omamori","hubris:OldNail","Replay:Baseball","MealTicket","Calipers","Frozen Eye"],"acts_visited":["Exordium"],"potions_floor_usage":[10,10,13,14],"damage_taken":[{"damage":6,"enemies":"Small Slimes","floor":1,"turns":4},{"damage":2,"enemies":"Cultist","floor":3,"turns":5},{"damage":8,"enemies":"2 Louse","floor":5,"turns":4},{"damage":10,"enemies":"Large Slime","floor":7,"turns":6},{"damage":31,"enemies":"Gremlin Nob","floor":8,"turns":5},{"damage":2,"enemies":"Lagavulin","floor":10,"turns":5},{"damage":12,"enemies":"Exordium Wildlife","floor":12,"turns":5},{"damage":21,"enemies":"Gremlin Nob","floor":13,"turns":3},{"damage":13,"enemies":"2 Fungi Beasts","floor":14,"turns":3},{"damage":23,"enemies":"The Guardian","floor":16,"turns":8}],"seed_played":"7372704686053281084","potions_obtained":[{"floor":3,"key":"FearPotion"},{"floor":5,"key":"LifebloodPotion"},{"floor":7,"key":"BlessingOfTheForge"},{"floor":13,"key":"Weak Potion"}],"is_trial":false,"path_per_floor":["M","$","M","?","M","R","M","E","T","E","R","M","E","M","R","B"],"character_chosen":"KOISHI","items_purchased":["Koishi:BramblyRoseGarden","Koishi:Prune","Omamori"],"campfire_rested":2,"item_purchase_floors":[2,2,2],"current_hp_per_floor":[55,55,55,55,47,47,39,12,12,18,36,26,11,2,20,0,0],"gold":276,"neow_bonus":"TWO_FIFTY_GOLD","is_daily":false,"chose_seed":false,"campfire_upgraded":1,"win_rate":0.0,"timestamp":1613551881,"path_taken":["M","$","M","?","M","R","M","E","T","E","R","M","E","M","R","BOSS"],"items_purchased_type":["Card","Card","Relic"],"build_version":"2020-12-22","purchased_purges":1,"victory":false,"max_hp_per_floor":[60,60,60,60,60,60,60,60,60,60,60,60,60,60,60,60,60],"card_choices":[{"not_picked":["Koishi:GeneticsOfTheUnconscious","Koishi:EmbryosDream"],"picked":"Koishi:IdleWhim","floor":1},{"not_picked":["Koishi:SpiritedAway","Koishi:DNAsFlaw"],"picked":"Koishi:MindNumbingTerror","floor":3},{"not_picked":["Koishi:FleetingPhantom","Koishi:Jaunt"],"picked":"Koishi:ParalyzingFear","floor":5},{"not_picked":["Koishi:TremblingHands","Koishi:EmbryosDream"],"picked":"Koishi:RacingHeart","floor":7},{"not_picked":["Koishi:GrowingPain","Koishi:ReflexRadar"],"picked":"Koishi:FourthEye","floor":8},{"not_picked":["Koishi:UnansweredLove","Koishi:Possession"],"picked":"Koishi:EmbryosDream","floor":10},{"not_picked":["Koishi:CatchAndRose","Koishi:SubterraneanRose"],"picked":"Koishi:JumpScare","floor":12},{"not_picked":["Koishi:FleetingPhantom","Koishi:SpiritedAway"],"picked":"Koishi:BramblyRoseGarden","floor":13},{"not_picked":["Koishi:HeartfeltFancy","Koishi:FidgetySnatcher"],"picked":"Koishi:Catatonia","floor":14}],"player_experience":765664,"relics_obtained":[{"floor":8,"key":"hubris:OldNail"},{"floor":9,"key":"Replay:Baseball"},{"floor":10,"key":"MealTicket"},{"floor":13,"key":"Calipers"}],"event_choices":[{"damage_healed":0,"gold_gain":100,"player_choice":"Pray","damage_taken":0,"max_hp_gain":0,"max_hp_loss":0,"event_name":"Golden Shrine","floor":4,"gold_loss":0}],"is_beta":false,"boss_relics":[],"items_purged_floors":[2],"is_endless":false,"potions_floor_spawned":[3,5,7,13],"killed_by":"The Guardian","ascension_level":1}}