{"host":"avq773cl9g5msfol","time":1613572758,"event":{"mods":["100% Spire Juice","AchievementEnabler","Act Like it!","Ascension Unlocker","Aspiration","Astrologer","Bard","Bartender","BaseMod","Better Altar","Better Third Choice","BetterRewards","CapriCore","ChefMod","Colored Map","Colored Powertips","Conspire","Dio Mod","Downfall","Elementarium","Energized Spire","Extra Virgin Snecko Oil","Gensokyo","GifTheSpireLib","Hallownest","Hermit","Highlight Path","Hubris","Humility","Infinite Spire","Jorbs\u0027s Wanderer Trilogy","Koishi","Magitek Elite","Marisa????????","Marked Mod","Menagerie","Minty Spire (QoL Compilation)","Pale of the Ancients","Potionbrewer","Quarter Circle Forward PUNCH!","Rare Cards Sparkle","Reimu??????","Relic Stats","Reliquary","Remilia??????","Replay The Spire","Robot Space Explorer","SacredBarkPlus","Shade Mod","Shapeshifter Mod","Somnambulant","Spicy Shops","Spire Arcade","StSLib","The Administrix","The Blue Laboratory","The Bug Knight","The Construct","The Cursed","The Disciple","The Dragon Tamer","The Exalted","The Hayseed","The Hierophant","The Hydrologist","The Immortal","The Marked","The Mystic","The Problem Sleuth","The Runesmith","The Senshi","The Vixen","The Wild Card","TheFirefly","Wandering Minibosses","Wide Potions","vexMod"],"gold_per_floor":[4163,116,116,103,119,138,138,138,151,179,204,234,234,234,249,322,322,322,336,352,421,421,421,421,421,441,476,476,487,522,542,552,626,626,626,642,652,159,159,194,194,206,206,217,217,217,217,235,249,249],"floor_reached":51,"language":"ENG","playtime":3758,"items_purged":["bronze:NullPointer+1","bronze:Repulsor+1","bronze:MaxOutput+1","bronze:TinkerersToolbox+1","expansioncontent:DashGenerateEvil+1","bronze:BronzeArmor+1","expansioncontent:YouAreMine+1","bronze:Flail+1","Wrath_TH"],"score":2908,"play_id":"0bec41e0-9662-4d44-b085-cbe33155933a","local_time":"20210217213918","is_ascension_mode":true,"campfire_choices":[{"data":"bronze:Goto","floor":1,"key":"SMITH"},{"data":"bronze:Replicate","floor":8,"key":"SMITH"},{"floor":23,"key":"REST"},{"data":"EndlessPower","floor":35,"key":"SMITH"},{"data":"Gensokyo:RedCapeBlueCape","floor":45,"key":"SMITH"},{"data":"bronze:OilSpill","floor":47,"key":"SMITH"}],"circlet_count":0,"master_deck":["AscendersBane","bronze:Replicate+1","bronze:Goto+1","bronze:HardenedForm+1","bronze:Virus+1","bronze:Boost+1","bronze:Return+1","bronze:FollowUp+1","Sadistic Nature+1","Panacea+1","bronze:Flail+1","bronze:Shell+1","bronze:BronzeArmor+1","bronze:Shield+1","bronze:Repulsor+1","bronze:ItsAFeature+1","bronze:Constructor+1","bronze:DarkDash+1","bronze:BuggyMess+1","bronze:MaxOutput+1","bronze:FineTuning+1","bronze:TinkerersToolbox+1","bronze:BronzeOrb+1","bronze:ChildClass+1","bronze:Allocate+1","bronze:AlphaBuild+1","bronze:FindAndReplace+1","bronze:Frontload+1","expansioncontent:DashGenerateEvil+1","Replay:SS_forest_2+1","expansioncontent:StudyTheSpire+1","bronze:OilSpill+1","bronze:Turbo","bronze:GetLatest","bronze:BurnOut+1","bronze:Fortify+1","EndlessPower+1","bronze:SpaghettiCode+1","bronze:RecursiveStrike+1","Gensokyo:RedCapeBlueCape+1"],"relics":["bronze:PlatinumCore","Golden Egg","Quantum Egg","RuthlessExorcism:ReiMu","champ:DuelingGlove","hubris:CrystalStatue","Membership Card","bronze:Mallet","bronze:ProtectiveGoggles","OrangePellets","Chemical X","Runesmith:AutoHammer","ReplayTheSpireMod:TigerMarble","bronze:DonusWashers","Mummified Hand","Hallownest:DreamNailRelic","Bromod:ArcaneNullifier","reliquary:RosewoodLute","Hallownest:SalubrasBlessingRelic","Hallownest:SheosBrushRelic","vexMod:EndlessSickness","Nilry\u0027s Codex","Bloody Idol","conspire:Dentures","Blue Candle","reliquary:FingerTrap","reliquary:CitrusReamer","construct:BoolHorns","vexMod:FocusSash","hubris:Towel","wanderingMiniBosses:CarrionFlame"],"acts_visited":["Hallownest:Greenpath","TheCity","Gensokyo:Gensokyoest"],"potions_floor_usage":[4,10,19,19,19,27,27,30,30,37,50],"damage_taken":[{"damage":0,"enemies":"2_ Uuma","floor":2,"turns":1},{"damage":0,"enemies":"downfall:FleeingMerchant","floor":4,"turns":4},{"damage":0,"enemies":"Hallownest:2_MossCreeps","floor":5,"turns":1},{"damage":0,"enemies":"Hallownest:2_Baldur","floor":6,"turns":1},{"damage":0,"enemies":"Hallownest:MossCreep_and_Mosskin","floor":9,"turns":2},{"damage":0,"enemies":"Hallownest:eliteCrystalGuardian","floor":10,"turns":2},{"damage":0,"enemies":"Hallownest:eliteVengeflyKing","floor":12,"turns":2},{"damage":0,"enemies":"Hallownest:Guard_and_Warrior","floor":15,"turns":1},{"damage":0,"enemies":"SI_SHIV_ARCHETYPE","floor":16,"turns":4},{"damage":0,"enemies":"conspire:FuzzyDice","floor":19,"turns":5},{"damage":0,"enemies":"downfall:LooterAlt2","floor":20,"turns":1},{"damage":0,"enemies":"downfall:FleeingMerchant","floor":21,"turns":4},{"damage":0,"enemies":"Snake Plant","floor":26,"turns":2},{"damage":8,"enemies":"Slavers","floor":27,"turns":3},{"damage":5,"enemies":"Snecko","floor":29,"turns":2},{"damage":0,"enemies":"HollowMod:Nosk","floor":30,"turns":2},{"damage":7,"enemies":"Centurion and Healer","floor":31,"turns":3},{"damage":0,"enemies":"conspire:HollyBat","floor":32,"turns":9},{"damage":1,"enemies":"WA_ARCHETYPE_CALM","floor":33,"turns":4},{"damage":0,"enemies":"Gensokyo:AncientGuardian","floor":36,"turns":1},{"damage":6,"enemies":"Gensokyo:3_Boulders","floor":37,"turns":3},{"damage":0,"enemies":"Gensokyo:Kasen","floor":40,"turns":3},{"damage":0,"enemies":"Gensokyo:SeedOfUnknown","floor":42,"turns":2},{"damage":0,"enemies":"Gensokyo:Rafflesia","floor":44,"turns":2},{"damage":0,"enemies":"Gensokyo:Sharpion","floor":48,"turns":3},{"damage":0,"enemies":"Gensokyo:SeedOfUnknown","floor":49,"turns":2},{"damage":25,"enemies":"DF_ARCHETYPE_ORBS","floor":50,"turns":6}],"seed_played":"4716141157493947760","potions_obtained":[{"floor":6,"key":"ColorlessPotion"},{"floor":10,"key":"Cursed Concoction"},{"floor":16,"key":"blueLaboratory:CorrosionFlask"},{"floor":19,"key":"blueLaboratory:FrostheartPotion"},{"floor":20,"key":"blueLaboratory:ImpenetrablePotion"},{"floor":29,"key":"Fire Potion"},{"floor":33,"key":"SkillPotion"},{"floor":37,"key":"potionbrewer:CleansingPotion"}],"is_trial":false,"path_per_floor":["R_BF","M","?","$","M","M","T","R","M","E","T","E","?","?","M","B",null,"R_BF","M","M","$","?","R","T","?","M","E","?","M","E","M","M","B",null,"R_BF","M","M","COS","?","E","T","M","?","M","R","AVR","R","M","M","B",null],"character_chosen":"THE_AUTOMATON","items_purchased":["Sadistic Nature","Panacea","RuthlessExorcism:ReiMu","bronze:Flail","Languid Potion","champ:DuelingGlove","hubris:CrystalStatue","Membership Card","bronze:Shell","bronze:BronzeArmor","bronze:Shield","bronze:Repulsor","bronze:ItsAFeature","bronze:Mallet","bronze:Constructor","bronze:DarkDash","expansioncontent:DashGenerateEvil","bronze:ProtectiveGoggles","OrangePellets","ColorlessPotion","bronze:BuggyMess","bronze:MaxOutput","bronze:FineTuning","bronze:TinkerersToolbox","bronze:BronzeOrb","bronze:ChildClass","bronze:Allocate","Chemical X","bronze:AlphaBuild","bronze:FindAndReplace","bronze:Frontload","Runesmith:AutoHammer","ReplayTheSpireMod:TigerMarble","expansioncontent:DashGenerateEvil+1","bronze:BronzeArmor","bronze:DonusWashers","Mummified Hand","Replay:SS_forest_2","expansioncontent:YouAreMine","expansioncontent:StudyTheSpire","bronze:Fortify"],"campfire_rested":1,"item_purchase_floors":[0,0,0,0,0,0,0,0,0,0,0,0,0,0,0,0,0,0,0,0,0,0,0,0,0,0,0,0,0,0,0,0,0,0,0,0,0,0,0,0,21],"current_hp_per_floor":[57,57,57,57,57,57,57,57,57,57,57,57,57,57,57,57,62,41,43,43,47,11,32,32,32,39,36,31,31,36,34,39,43,63,63,68,67,67,69,69,69,69,69,69,69,69,69,69,69,44],"gold":249,"neow_bonus":"","is_daily":false,"chose_seed":false,"campfire_upgraded":5,"win_rate":0.0,"timestamp":1613572758,"path_taken":["R_BF","M","?","$","M","M","T","R","?","E","?","E","?","?","M","BOSS","R_BF","M","M","?","?","R","T","?","M","E","?","M","E","M","M","BOSS","R_BF","M","M","COS","?","E","T","?","?","M","R","AVR","R","M","M","BOSS"],"items_purchased_type":["Card","Card","Relic","Card","Potion","Relic","Relic","Relic","Card","Card","Card","Card","Card","Relic","Card","Card","Card","Relic","Relic","Potion","Card","Card","Card","Card","Card","Card","Card","Relic","Card","Card","Card","Relic","Relic","Card","Card","Relic","Relic","Card","Card","Card","Card"],"build_version":"2020-12-22","purchased_purges":9,"victory":true,"max_hp_per_floor":[63,63,63,63,63,63,63,63,63,63,63,63,63,63,63,63,63,63,63,63,65,65,67,67,67,69,69,69,69,69,69,69,69,69,69,69,69,69,69,69,69,69,69,69,69,69,69,69,69,69],"relic_stats":{"OrangePellets":[25],"counters":[61,167],"Mummified Hand":[126],"Bloody Idol":45,"Blue Candle":[1],"Chemical X":[9],"obtain_stats":[{"Golden Egg":0,"champ:DuelingGlove":0,"hubris:CrystalStatue":0,"Bromod:ArcaneNullifier":11,"Nilry\u0027s Codex":18,"downfall:HeartBlessingGreen":27,"wanderingMiniBosses:OtherGremlinHorn":21,"Replay:Ringing Soul":43,"reliquary:CitrusReamer":38,"vexMod:EndlessSickness":17,"reliquary:FingerTrap":38,"Toxic Egg 2":1,"conspire:Dentures":24,"conspire:TreasureMap":21,"vexMod:ScavengeHelm":53,"Blue Candle":28,"downfall:HeartsMalice":0,"Du-Vu Doll":17,"OrangePellets":0,"Shuriken":22,"Molten Egg 2":1,"Pandora\u0027s Box":1,"ReplayTheSpireMod:TigerMarble":0,"Grinning Jar":6,"Abe\u0027s Treasure":17,"bronze:MakeshiftBattery":34,"construct:BoolHorns":40,"bronze:PlatinumCore":34,"bronze:BronzeCore":0,"Hallownest:DreamNailRelic":3,"bronze:Mallet":0,"hubris:EmptyBottle":46,"Hallownest:SheosBrushRelic":14,"downfall:HeartBlessingBlue":18,"Mummified Hand":52,"bronze:Timepiece":13,"Toolbox":53,"reliquary:RoseTintedGlasses":8,"hubris:CuriousFeather":46,"Chemical X":0,"Hallownest:SalubrasBlessingRelic":13,"bronze:DonusWashers":0,"downfall:HeartBlessingRed":18,"Quantum Egg":0,"infinitespire:Lucky Rock":53,"vexMod:FocusSash":41,"Frozen Egg 2":1,"hubris:Towel":45,"reliquary:RosewoodLute":12,"bronze:BronzeIdol":26,"Anchor":40,"bronze:ProtectiveGoggles":0,"wanderingMiniBosses:CarrionFlame":48,"vexMod:HeadHunter":3,"Bloody Idol":22,"Art of War":48,"Membership Card":3,"Runesmith:AutoHammer":0,"FossilizedHelix":3,"reliquary:PurpleTingedLeaf":28,"hubris:BottledRain":24,"RuthlessExorcism:ReiMu":0},{"Golden Egg":34,"champ:DuelingGlove":34,"hubris:CrystalStatue":34,"Bromod:ArcaneNullifier":40,"Nilry\u0027s Codex":43,"downfall:HeartBlessingGreen":17,"wanderingMiniBosses:OtherGremlinHorn":14,"Replay:Ringing Soul":26,"reliquary:CitrusReamer":55,"vexMod:EndlessSickness":43,"reliquary:FingerTrap":55,"Toxic Egg 2":0,"conspire:Dentures":46,"conspire:TreasureMap":14,"vexMod:ScavengeHelm":32,"Blue Candle":48,"downfall:HeartsMalice":0,"Du-Vu Doll":11,"OrangePellets":34,"Shuriken":15,"Molten Egg 2":0,"Pandora\u0027s Box":0,"ReplayTheSpireMod:TigerMarble":34,"Grinning Jar":4,"Abe\u0027s Treasure":11,"bronze:MakeshiftBattery":21,"construct:BoolHorns":56,"bronze:PlatinumCore":53,"bronze:BronzeCore":0,"Hallownest:DreamNailRelic":35,"bronze:Mallet":34,"hubris:EmptyBottle":28,"Hallownest:SheosBrushRelic":41,"downfall:HeartBlessingBlue":11,"Mummified Hand":32,"bronze:Timepiece":8,"Toolbox":32,"reliquary:RoseTintedGlasses":5,"hubris:CuriousFeather":28,"Chemical X":34,"Hallownest:SalubrasBlessingRelic":41,"bronze:DonusWashers":34,"downfall:HeartBlessingRed":11,"Quantum Egg":34,"infinitespire:Lucky Rock":32,"vexMod:FocusSash":56,"Frozen Egg 2":0,"hubris:Towel":27,"reliquary:RosewoodLute":41,"bronze:BronzeIdol":17,"Anchor":24,"bronze:ProtectiveGoggles":34,"wanderingMiniBosses:CarrionFlame":59,"vexMod:HeadHunter":2,"Bloody Idol":46,"Art of War":29,"Membership Card":2,"Runesmith:AutoHammer":34,"FossilizedHelix":2,"reliquary:PurpleTingedLeaf":18,"hubris:BottledRain":15,"RuthlessExorcism:ReiMu":34},{"Golden Egg":92,"champ:DuelingGlove":92,"hubris:CrystalStatue":92,"Bromod:ArcaneNullifier":103,"Nilry\u0027s Codex":110,"downfall:HeartBlessingGreen":39,"wanderingMiniBosses:OtherGremlinHorn":33,"Replay:Ringing Soul":59,"reliquary:CitrusReamer":149,"vexMod:EndlessSickness":110,"reliquary:FingerTrap":149,"Toxic Egg 2":0,"conspire:Dentures":120,"conspire:TreasureMap":33,"vexMod:ScavengeHelm":81,"Blue Candle":125,"downfall:HeartsMalice":0,"Du-Vu Doll":24,"OrangePellets":92,"Shuriken":35,"Molten Egg 2":0,"Pandora\u0027s Box":0,"ReplayTheSpireMod:TigerMarble":92,"Grinning Jar":3,"Abe\u0027s Treasure":24,"bronze:MakeshiftBattery":49,"construct:BoolHorns":152,"bronze:PlatinumCore":145,"bronze:BronzeCore":0,"Hallownest:DreamNailRelic":93,"bronze:Mallet":92,"hubris:EmptyBottle":62,"Hallownest:SheosBrushRelic":105,"downfall:HeartBlessingBlue":24,"Mummified Hand":81,"bronze:Timepiece":12,"Toolbox":81,"reliquary:RoseTintedGlasses":6,"hubris:CuriousFeather":62,"Chemical X":92,"Hallownest:SalubrasBlessingRelic":105,"bronze:DonusWashers":92,"downfall:HeartBlessingRed":24,"Quantum Egg":92,"infinitespire:Lucky Rock":81,"vexMod:FocusSash":152,"Frozen Egg 2":0,"hubris:Towel":60,"reliquary:RosewoodLute":105,"bronze:BronzeIdol":39,"Anchor":55,"bronze:ProtectiveGoggles":92,"wanderingMiniBosses:CarrionFlame":159,"vexMod:HeadHunter":0,"Bloody Idol":120,"Art of War":69,"Membership Card":0,"Runesmith:AutoHammer":92,"FossilizedHelix":0,"reliquary:PurpleTingedLeaf":42,"hubris:BottledRain":35,"RuthlessExorcism:ReiMu":92}]},"card_choices":[{"not_picked":["bronze:Constructor","bronze:ChosenStrike","bronze:DelayedSlice"],"picked":"SKIP","floor":2},{"not_picked":["bronze:Deprecate","bronze:Repulsor","bronze:Constructor"],"picked":"SKIP","floor":4},{"not_picked":["bronze:DelayedGuard","bronze:Allocate","bronze:BugBarrage"],"picked":"SKIP","floor":5},{"not_picked":["bronze:CutThrough","bronze:FineTuning","bronze:BitShift"],"picked":"SKIP","floor":6},{"not_picked":["bronze:MaxOutput","bronze:Deprecate"],"picked":"bronze:OilSpill","floor":9},{"not_picked":["bronze:BugBarrage","bronze:Virus"],"picked":"bronze:Turbo","floor":10},{"not_picked":["bronze:Iterate","bronze:Separator"],"picked":"bronze:GetLatest","floor":12},{"not_picked":["bronze:CloningBeam","bronze:CutThrough","bronze:BugBarrage"],"picked":"SKIP","floor":15},{"not_picked":["bronze:RecursiveStrike","bronze:FindAndReplace"],"picked":"bronze:BurnOut","floor":16},{"not_picked":["bronze:ChosenStrike","bronze:Separator","bronze:WildBeam"],"picked":"SKIP","floor":19},{"not_picked":["bronze:MaxOutput","bronze:Invalidate","bronze:Frontload"],"picked":"SKIP","floor":20},{"not_picked":["bronze:Deprecate","bronze:WildBeam","bronze:OilSpill"],"picked":"SKIP","floor":21},{"not_picked":["bronze:Shield","bronze:ItsAFeature"],"picked":"bronze:SpaghettiCode","floor":26},{"not_picked":["bronze:Turbo","bronze:ClassDefault+1","bronze:Separator"],"picked":"SKIP","floor":27},{"not_picked":["bronze:BronzeOrb","bronze:CutThrough","bronze:WildBeam"],"picked":"SKIP","floor":29},{"not_picked":["bronze:InfiniteBeams+1","bronze:Turbo","bronze:Separator"],"picked":"SKIP","floor":30},{"not_picked":["bronze:WildBeam","bronze:Frontload","bronze:Return"],"picked":"SKIP","floor":31},{"not_picked":["bronze:Separator","bronze:Iterate","bronze:FollowUp"],"picked":"SKIP","floor":32},{"not_picked":["bronze:ThunderWave","bronze:BurnOut"],"picked":"bronze:RecursiveStrike","floor":33},{"not_picked":["bronze:Deprecate","bronze:DelayedSlice+1","bronze:ForceShield"],"picked":"SKIP","floor":36},{"not_picked":["bronze:DelayedGuard","bronze:Shield+1","bronze:ItsAFeature"],"picked":"SKIP","floor":37},{"not_picked":["bronze:DelayedGuard","bronze:Constructor","bronze:InfiniteLoop"],"picked":"SKIP","floor":40},{"not_picked":["bronze:Invalidate+1","bronze:BugBarrage+1","bronze:Turbo"],"picked":"SKIP","floor":42},{"not_picked":["bronze:Backtrace","bronze:HardenedForm","bronze:Separator"],"picked":"SKIP","floor":44},{"not_picked":["bronze:WildBeam","bronze:Deprecate","bronze:BronzeOrb+1"],"picked":"SKIP","floor":48},{"not_picked":["bronze:Branch","bronze:Repair","bronze:ChosenStrike"],"picked":"SKIP","floor":49}],"player_experience":1459397,"relics_obtained":[{"floor":11,"key":"Bromod:ArcaneNullifier"},{"floor":12,"key":"reliquary:RosewoodLute"},{"floor":18,"key":"Nilry\u0027s Codex"},{"floor":24,"key":"conspire:Dentures"},{"floor":40,"key":"construct:BoolHorns"},{"floor":41,"key":"vexMod:FocusSash"},{"floor":48,"key":"wanderingMiniBosses:CarrionFlame"}],"event_choices":[{"damage_healed":0,"gold_gain":0,"player_choice":" Idol ","damage_taken":36,"relics_obtained":["Bloody Idol"],"max_hp_gain":47,"max_hp_loss":11,"event_name":"betterAltar:BetterAltar","floor":22,"potions_obtained":[],"relics_lost":[],"gold_loss":0}],"is_beta":false,"boss_relics":[{"not_picked":["aspiration:PoetsPen","energizedSpire:EnergizedDie"],"picked":"vexMod:EndlessSickness"},{"not_picked":["vexMod:RockOfEvil","Painkiller Herb"],"picked":"bronze:PlatinumCore"}],"items_purged_floors":[0,0,0,0,0,0,0,21,46],"is_endless":false,"potions_floor_spawned":[5,6,10,16,19,20,29,31,33,37,40,44,49],"ascension_level":20,"is_humility":true}}