{"host":"nia1zwr35jsu5y7h","time":1613581076,"event":{"mods":["2.2 Compatiblity","Abigail Mod","Bard","BaseMod","Colored Map","Conspire","Downfall","Friendly Minions","Hermit","Highlight Path","Hubris","Infinite Spire","Kiyohime????","Koishi","Marisa????????","Minty Spire (QoL Compilation)","Quick Restart","Replay The Spire","Shade Mod","Shop Mod","StSLib","The Animator","The Construct","The Cursed","The Disciple","The Mystic","The Necromancer","The Servant 0.9.4"],"gold_per_floor":[116,116,116,128,40,68,68,68,120,147,147,167,110,125,125,125,125],"floor_reached":16,"language":"ENG","playtime":345,"items_purged":[],"score":266,"play_id":"c4420446-d24a-4d09-91be-2d9b0b1d5a39","local_time":"20210217085756","is_ascension_mode":true,"campfire_choices":[{"data":"KidneyShot","floor":7,"key":"SMITH"},{"data":"infinitespire:Menacing","floor":11,"key":"SMITH"}],"circlet_count":0,"master_deck":["AscendersBane","Strike_S","Strike_S","Strike_S","Strike_S","Defend_S","Defend_S","Defend_S","KidneyShot+1","Exchange","SurpressingFire","infinitespire:Menacing+1","Luminosity","SurpressingFire","Rearm","Misdirection+1","Potential"],"relics":["Uniform","NeowsBlessing","ReplayTheSpireMod:Lightbulb","Incense Burner","Bag of Marbles","Anchor"],"acts_visited":["Exordium"],"potions_floor_usage":[16],"damage_taken":[{"damage":0,"enemies":"Small Slimes","floor":1,"turns":1},{"damage":0,"enemies":"2 Louse","floor":4,"turns":1},{"damage":0,"enemies":"Lagavulin","floor":6,"turns":1},{"damage":12,"enemies":"Gremlin Nob","floor":10,"turns":5},{"damage":9,"enemies":"Jaw Worm","floor":12,"turns":4},{"damage":0,"enemies":"Exordium Thugs","floor":14,"turns":6},{"damage":34,"enemies":"Slime Boss","floor":16,"turns":11}],"seed_played":"-5034493182242889818","potions_obtained":[{"floor":6,"key":"FearPotion"},{"floor":10,"key":"BlessingOfTheForge"}],"is_trial":false,"path_per_floor":["M","?","?","M","$","E","R","T","T","E","R","M","?","M","R_BF","B"],"character_chosen":"THE_SERVANT","items_purchased":["SurpressingFire"],"campfire_rested":0,"item_purchase_floors":[5],"current_hp_per_floor":[54,47,32,32,32,32,32,32,32,20,20,11,11,11,29,0,0],"gold":125,"neow_bonus":"THREE_ENEMY_KILL","is_daily":false,"chose_seed":false,"campfire_upgraded":2,"win_rate":0.0,"timestamp":1613581076,"path_taken":["M","?","?","M","$","E","R","?","T","E","R","?","?","M","R_BF","BOSS"],"items_purchased_type":["Card"],"build_version":"2020-12-22","purchased_purges":0,"victory":false,"max_hp_per_floor":[60,60,60,60,60,60,60,60,60,60,60,60,60,60,60,60,60],"card_choices":[{"not_picked":["Replace","Spin"],"picked":"SurpressingFire","floor":1},{"not_picked":["infinitespire:SealOfDarkness+","infinitespire:NeuralNetwork"],"picked":"infinitespire:Menacing","floor":3},{"not_picked":["Rewind","Unruled"],"picked":"Luminosity","floor":4},{"not_picked":["Defy","Alleviate","Rewind"],"picked":"SKIP","floor":6},{"not_picked":["Spin","ShiftingGears"],"picked":"Rearm","floor":10},{"not_picked":["Starlight","TrueSight"],"picked":"Misdirection","floor":12},{"not_picked":["Rewind","Reset"],"picked":"Potential","floor":14}],"player_experience":2202546,"relics_obtained":[{"floor":6,"key":"ReplayTheSpireMod:Lightbulb"},{"floor":8,"key":"Incense Burner"},{"floor":9,"key":"Bag of Marbles"},{"floor":10,"key":"Anchor"}],"event_choices":[{"cards_removed":["Defend_S"],"damage_healed":0,"gold_gain":0,"player_choice":"Card Removal","damage_taken":7,"max_hp_gain":0,"max_hp_loss":0,"event_name":"Golden Wing","floor":2,"gold_loss":0},{"damage_healed":0,"gold_gain":0,"player_choice":"Left Gold","damage_taken":0,"max_hp_gain":0,"max_hp_loss":0,"event_name":"World of Goop","floor":13,"gold_loss":57}],"is_beta":false,"boss_relics":[],"items_purged_floors":[],"is_endless":false,"potions_floor_spawned":[6,10,12],"killed_by":"Slime Boss","ascension_level":20}}