{"host":"vc42n08di9czm3e7","time":1613583472,"event":{"mods":["AchievementEnabler","BaseMod","Downfall","GifTheSpireLib","Minty Spire (QoL Compilation)","StSLib"],"gold_per_floor":[109,119,138,154,168,186,29,29,29,29,54,64,77,77,77],"floor_reached":14,"language":"ENG","playtime":727,"items_purged":[],"score":101,"play_id":"48d6eb77-0a76-4be0-8e55-be8079a7ec06","local_time":"20210217123752","is_ascension_mode":true,"campfire_choices":[{"floor":10,"key":"REST"}],"circlet_count":0,"master_deck":["Strike_B","Strike_B","Strike_B","Strike_B","Defend_B","Defend_B","Defend_B","Defend_B","Zap","Dualcast","White Noise","Cold Snap","Consume+1","Coolheaded","Capacitor","Leap","Doom and Gloom","Genetic Algorithm","Chill","Go for the Eyes"],"relics":["Cracked Core","NeowsBlessing","Bottled Flame","Meat on the Bone"],"acts_visited":["Exordium"],"potions_floor_usage":[6,6,11,13,14],"damage_taken":[{"damage":0,"enemies":"Cultist","floor":1,"turns":1},{"damage":0,"enemies":"Small Slimes","floor":2,"turns":1},{"damage":0,"enemies":"2 Louse","floor":3,"turns":1},{"damage":9,"enemies":"Large Slime","floor":4,"turns":5},{"damage":23,"enemies":"Exordium Wildlife","floor":5,"turns":6},{"damage":15,"enemies":"Lots of Slimes","floor":6,"turns":4},{"damage":2,"enemies":"Lagavulin","floor":11,"turns":8},{"damage":9,"enemies":"Large Slime","floor":12,"turns":6},{"damage":0,"enemies":"Gremlin Gang","floor":13,"turns":5},{"damage":39,"enemies":"Gremlin Nob","floor":14,"turns":6}],"seed_played":"-7823744082001411318","potions_obtained":[{"floor":2,"key":"EntropicBrew"},{"floor":4,"key":"Slimebound:ThreeZeroPotion"}],"is_trial":false,"path_per_floor":["M","M","M","M","M","M","$","?","T","R","E","M","M","E"],"character_chosen":"DEFECT","items_purchased":["Doom and Gloom","Genetic Algorithm"],"campfire_rested":1,"item_purchase_floors":[7,7],"current_hp_per_floor":[75,75,75,66,43,28,28,28,28,50,48,39,39,0,0],"gold":77,"neow_bonus":"THREE_ENEMY_KILL","is_daily":false,"chose_seed":false,"campfire_upgraded":0,"win_rate":0.0,"timestamp":1613583472,"path_taken":["M","M","M","M","M","M","?","?","T","R","E","M","M","E"],"items_purchased_type":["Card","Card"],"build_version":"2020-12-22","purchased_purges":0,"victory":false,"max_hp_per_floor":[75,75,75,75,75,75,75,75,75,75,75,75,75,75,75],"card_choices":[{"not_picked":["Gash","Rebound"],"picked":"White Noise","floor":1},{"not_picked":["Sweeping Beam","Stack"],"picked":"Cold Snap","floor":2},{"not_picked":["Doom and Gloom","Beam Cell"],"picked":"Consume","floor":3},{"not_picked":["Ball Lightning","Self Repair"],"picked":"Coolheaded","floor":4},{"not_picked":["Fusion","Coolheaded"],"picked":"Capacitor","floor":5},{"not_picked":["Hyperbeam","Steam"],"picked":"Leap","floor":6},{"not_picked":["Capacitor","Lockon"],"picked":"Chill","floor":11},{"not_picked":["Tempest","Leap","Recycle"],"picked":"SKIP","floor":12},{"not_picked":["Genetic Algorithm","Coolheaded"],"picked":"Go for the Eyes","floor":13}],"player_experience":331701,"relics_obtained":[{"floor":9,"key":"Bottled Flame"},{"floor":11,"key":"Meat on the Bone"}],"event_choices":[{"damage_healed":0,"gold_gain":0,"player_choice":"Grow","damage_taken":0,"max_hp_gain":0,"max_hp_loss":0,"event_name":"Living Wall","floor":8,"gold_loss":0,"cards_upgraded":["Consume"]}],"is_beta":false,"boss_relics":[],"items_purged_floors":[],"is_endless":false,"potions_floor_spawned":[2,4,6],"killed_by":"Gremlin Nob","ascension_level":1}}