{"host":"pyjsji1xtq3ga0i3","time":1613597778,"event":{"mods":["AchievementEnabler","BaseMod","Block Reminder","Colored Map","Colored Powertips","Highlight Path","Minty Spire (QoL Compilation)","Relic Sorter"],"gold_per_floor":[115,115,190,207,77,77,92,111,111,125,183,183,139,139,139,216,216,231,247,193,193,193,193,208,242,242,35,35,48,48,63,63,137,137,149,168,193,207,207,207,217,217,267,279,339,351,105,105,105,105],"floor_reached":51,"language":"ENG","playtime":4673,"items_purged":["Defend_G","Doubt"],"score":1243,"play_id":"baf735f0-0498-43d3-946a-0792a91354a9","local_time":"20210217163618","is_ascension_mode":true,"campfire_choices":[{"data":"Finisher","floor":6.0,"key":"SMITH"},{"data":"Leg Sweep","floor":15.0,"key":"SMITH"},{"data":"Blade Dance","floor":23.0,"key":"SMITH"},{"data":"Burst","floor":28.0,"key":"SMITH"},{"data":"Blade Dance","floor":30.0,"key":"SMITH"},{"data":"Blade Dance","floor":32.0,"key":"SMITH"},{"data":"Cloak And Dagger","floor":40,"key":"SMITH"},{"data":"Blade Dance","floor":42,"key":"SMITH"},{"data":"Cloak And Dagger","floor":44,"key":"SMITH"},{"data":"Cloak And Dagger","floor":46,"key":"SMITH"},{"data":"A Thousand Cuts","floor":49,"key":"SMITH"}],"circlet_count":0,"master_deck":["AscendersBane","Strike_G","Strike_G","Strike_G","Defend_G","Defend_G","Defend_G","Defend_G","Survivor","Neutralize","Finisher+1","Cloak And Dagger+1","Cloak And Dagger+1","Blade Dance+1","PiercingWail","Leg Sweep+1","Predator","Blade Dance+1","Infinite Blades","A Thousand Cuts+1","All Out Attack+1","Cloak And Dagger+1","Blade Dance+1","Backstab","Burst+1","Accuracy","Slice+1","Sucker Punch+1","Prepared+1","Cloak And Dagger","Blade Dance+1"],"relics":["Ring of the Snake","Meat on the Bone","Ornamental Fan","Pantograph","Sozu","Paper Crane","Mercury Hourglass","Cursed Key","Peace Pipe","MawBank","The Specimen","Anchor"],"acts_visited":["Exordium","TheCity","TheBeyond"],"potions_floor_usage":[50],"damage_taken":[{"damage":0.0,"enemies":"2 Louse","floor":1.0,"turns":2.0},{"damage":8.0,"enemies":"Jaw Worm","floor":4.0,"turns":6.0},{"damage":0.0,"enemies":"Cultist","floor":7.0,"turns":3.0},{"damage":0.0,"enemies":"2 Fungi Beasts","floor":8.0,"turns":2.0},{"damage":3.0,"enemies":"Looter","floor":10.0,"turns":3.0},{"damage":2.0,"enemies":"3 Sentries","floor":11.0,"turns":9.0},{"damage":42.0,"enemies":"Hexaghost","floor":16.0,"turns":11.0},{"damage":0.0,"enemies":"3 Byrds","floor":18.0,"turns":5.0},{"damage":1.0,"enemies":"Spheric Guardian","floor":19.0,"turns":3.0},{"damage":2.0,"enemies":"3 Cultists","floor":24.0,"turns":4.0},{"damage":35.0,"enemies":"Book of Stabbing","floor":25.0,"turns":7.0},{"damage":0.0,"enemies":"Shelled Parasite and Fungi","floor":29.0,"turns":2.0},{"damage":0.0,"enemies":"Sentry and Sphere","floor":31.0,"turns":2.0},{"damage":50.0,"enemies":"Collector","floor":33.0,"turns":8.0},{"damage":0.0,"enemies":"3 Shapes","floor":35.0,"turns":3.0},{"damage":2.0,"enemies":"3 Darklings","floor":36.0,"turns":4.0},{"damage":0,"enemies":"Mind Bloom Boss Battle","floor":37,"turns":5},{"damage":13,"enemies":"Writhing Mass","floor":38,"turns":8},{"damage":4,"enemies":"Spire Growth","floor":41,"turns":3},{"damage":0,"enemies":"2 Orb Walkers","floor":45,"turns":4},{"damage":23,"enemies":"Donu and Deca","floor":50,"turns":8}],"seed_played":"-8395684873570987111","potions_obtained":[{"floor":8.0,"key":"LiquidMemories"},{"floor":16.0,"key":"Explosive Potion"}],"is_trial":false,"path_per_floor":["M","?","?","M","$","R","M","M","T","M","?","T","$","?","R","B",null,"M","M","$","?","?","R","M","E","T","$","R","M","R","M","R","B",null,"M","M","?","M","?","R","M","R","T","R","?","R","$","?","R","B",null],"character_chosen":"THE_SILENT","items_purchased":["Blade Dance","Infinite Blades","Cloak And Dagger","Burst","Accuracy","Anchor"],"campfire_rested":0,"item_purchase_floors":[5,13,20,27,27,47],"current_hp_per_floor":[59,52,41,33,33,33,33,33,33,42,40,40,40,40,40,35,58,58,57,57,57,57,57,55,32,32,32,32,44,44,44,44,28,57,57,55,66,53,53,53,49,49,49,49,49,49,49,49,49,40],"gold":105,"neow_bonus":"TRANSFORM_CARD","is_daily":false,"chose_seed":false,"campfire_upgraded":11,"win_rate":0.0,"timestamp":1613597778,"path_taken":["M","?","?","M","$","R","?","M","T","M","?","?","$","?","R","BOSS","M","M","?","?","?","R","M","E","T","$","R","M","R","M","R","BOSS","M","M","?","M","?","R","M","R","T","R","?","R","$","?","R","BOSS"],"items_purchased_type":["Card","Card","Card","Card","Card","Relic"],"build_version":"2020-12-22","purchased_purges":2,"victory":true,"max_hp_per_floor":[66,66,66,66,66,66,66,66,66,66,66,66,66,66,66,66,66,66,66,66,66,66,66,66,66,66,66,66,66,66,66,66,66,66,66,66,66,66,66,66,66,66,66,66,66,66,66,63,63,63],"card_choices":[{"not_picked":["Prepared","Outmaneuver"],"picked":"Cloak And Dagger","floor":1.0},{"not_picked":["Underhanded Strike","Slice"],"picked":"Cloak And Dagger","floor":4.0},{"not_picked":["Acrobatics","Prepared"],"picked":"PiercingWail","floor":7.0},{"not_picked":["Setup","Caltrops"],"picked":"Leg Sweep","floor":8.0},{"not_picked":["Acrobatics","Bouncing Flask"],"picked":"Predator","floor":10.0},{"not_picked":["Bane","Dodge and Roll"],"picked":"Blade Dance","floor":11.0},{"not_picked":["Grand Finale","Wraith Form v2"],"picked":"A Thousand Cuts","floor":16.0},{"not_picked":["Finisher","Deflect","PiercingWail"],"picked":"SKIP","floor":18.0},{"not_picked":["Setup","Crippling Poison"],"picked":"All Out Attack+1","floor":19.0},{"not_picked":["Slice","Deflect","Dagger Throw"],"picked":"SKIP","floor":24.0},{"not_picked":["Dagger Throw","Catalyst"],"picked":"Backstab","floor":25.0},{"not_picked":["Skewer","Predator"],"picked":"Slice+1","floor":29.0},{"not_picked":["Poisoned Stab","Outmaneuver","Noxious Fumes"],"picked":"SKIP","floor":31.0},{"not_picked":["Underhanded Strike+1","Terror"],"picked":"Sucker Punch+1","floor":35.0},{"not_picked":["Dodge and Roll+1","Masterful Stab+1","Escape Plan"],"picked":"SKIP","floor":36.0},{"not_picked":["Choke","Dash+1"],"picked":"Prepared+1","floor":37},{"not_picked":["Sucker Punch","Finisher"],"picked":"Cloak And Dagger","floor":38},{"not_picked":["Caltrops","Prepared"],"picked":"Blade Dance","floor":41}],"player_experience":489525,"relics_obtained":[{"floor":9.0,"key":"Meat on the Bone"},{"floor":11.0,"key":"Ornamental Fan"},{"floor":12.0,"key":"Pantograph"},{"floor":25.0,"key":"Paper Crane"},{"floor":26.0,"key":"Mercury Hourglass"},{"floor":37,"key":"Peace Pipe"},{"floor":43,"key":"MawBank"},{"floor":45,"key":"The Specimen"}],"event_choices":[{"cards_removed":["Strike_G"],"damage_healed":0.0,"max_hp_gain":0.0,"max_hp_loss":0.0,"gold_gain":0.0,"event_name":"Golden Wing","player_choice":"Card Removal","floor":2.0,"gold_loss":0.0,"damage_taken":7.0},{"damage_healed":0.0,"max_hp_gain":0.0,"max_hp_loss":0.0,"gold_gain":75.0,"event_name":"World of Goop","player_choice":"Gather Gold","floor":3.0,"gold_loss":0.0,"damage_taken":11.0},{"damage_healed":0.0,"max_hp_gain":0.0,"max_hp_loss":0.0,"gold_gain":0.0,"event_name":"Dead Adventurer","player_choice":"Searched \u00272\u0027 times","floor":11.0,"gold_loss":0.0,"damage_taken":0.0},{"damage_healed":0.0,"max_hp_gain":0.0,"max_hp_loss":0.0,"gold_gain":0.0,"event_name":"Match and Keep!","player_choice":"0 cards matched","floor":14.0,"gold_loss":0.0,"damage_taken":0.0,"cards_obtained":[]},{"damage_healed":0.0,"max_hp_gain":0.0,"max_hp_loss":0.0,"gold_gain":0.0,"event_name":"The Library","player_choice":"Read","floor":21.0,"gold_loss":0.0,"damage_taken":0.0,"cards_obtained":["Blade Dance"]},{"damage_healed":0.0,"max_hp_gain":0.0,"max_hp_loss":0.0,"gold_gain":0.0,"event_name":"Ghosts","player_choice":"Ignored","floor":22.0,"gold_loss":0.0,"damage_taken":0.0},{"damage_healed":0,"gold_gain":0,"player_choice":"Fight","damage_taken":0,"max_hp_gain":0,"max_hp_loss":0,"event_name":"MindBloom","floor":37,"gold_loss":0},{"damage_healed":0,"gold_gain":0,"player_choice":"Ignored","damage_taken":0,"max_hp_gain":0,"max_hp_loss":0,"event_name":"Tomb of Lord Red Mask","floor":39,"gold_loss":0},{"damage_healed":0,"gold_gain":0,"player_choice":"Fight","damage_taken":0,"max_hp_gain":0,"max_hp_loss":0,"event_name":"Mysterious Sphere","floor":45,"gold_loss":0},{"damage_healed":0,"gold_gain":0,"player_choice":"Max HP","damage_taken":0,"max_hp_gain":0,"max_hp_loss":3,"event_name":"Winding Halls","floor":48,"gold_loss":0}],"is_beta":false,"boss_relics":[{"not_picked":["Empty Cage","Astrolabe"],"picked":"Sozu"},{"not_picked":["Pandora\u0027s Box","SlaversCollar"],"picked":"Cursed Key"}],"items_purged_floors":[5,47],"is_endless":false,"potions_floor_spawned":[8,16,18,19,29,33,38,41],"ascension_level":18}}