{"host":"cmxkjr0hek4mqvmn","time":1613603346,"event":{"mods":["BaseMod","Beaked The Cultist","Better Match","Better Skull","Better Third Choice","BetterRewards","Bossed Relics","Clawfect","Colored Map","Displayed Cursed Tome","GifTheSpireLib","Hermit","Hubris","JesterMod","Mimic Mod","Minty Spire (QoL Compilation)","Quick Restart","Robot Space Explorer","StSLib","The Bladedancer","The Blue Laboratory","The Cursed","Thieving Mod","Waifu the Spire","Wide Potions"],"gold_per_floor":[118,132,149,160,160,160,294,413,438,438,438,468,479,439,439,534,534,550,567,601,601,635,635,173,173,197,197,197,224,247,265,265,265,265],"floor_reached":33,"language":"ENG","playtime":2156,"items_purged":[],"score":255,"play_id":"c994a5f8-8fb2-40ff-a227-54450e39900d","local_time":"20210217180906","is_ascension_mode":false,"campfire_choices":[{"floor":6.0,"key":"RECALL"},{"data":"hermit:Maintenance","floor":11.0,"key":"SMITH"},{"data":"hermit:FromBeyond","floor":15.0,"key":"SMITH"},{"floor":23,"key":"REST"},{"data":"Dramatic Entrance","floor":25,"key":"SMITH"},{"data":"hermit:CursedWeapon","floor":32,"key":"SMITH"}],"circlet_count":0,"master_deck":["hermit:Strike_Hermit","hermit:Strike_Hermit","hermit:Strike_Hermit","hermit:Strike_Hermit","hermit:Defend_Hermit","hermit:Defend_Hermit","hermit:Defend_Hermit","hermit:Defend_Hermit","hermit:Snapshot","hermit:Covet","hermit:Ricochet","hermit:Glare","hermit:Maintenance+1","hermit:FromBeyond+1","hermit:Glare","hermit:BlackWind+1","hermit:Glare","hermit:GoldenBullet+1","hermit:Gambit","hermit:CursedWeapon+1","Apotheosis","Dramatic Entrance+1","hermit:Gestalt+1"],"relics":["hermit:Momento","NeowsBlessing","hubris:Icosahedron","Strawberry","Ornamental Fan","Tiny Chest","SacredBark","Sundial","Red Mask","CeramicFish","Nunchaku","hermit:RyeStalk"],"acts_visited":["Exordium","TheCity"],"potions_floor_usage":[19],"damage_taken":[{"damage":0.0,"enemies":"Cultist","floor":1.0,"turns":1.0},{"damage":0.0,"enemies":"2 Louse","floor":2.0,"turns":1.0},{"damage":0.0,"enemies":"Small Slimes","floor":3.0,"turns":1.0},{"damage":8.0,"enemies":"Gremlin Gang","floor":4.0,"turns":5.0},{"damage":17.0,"enemies":"Lagavulin","floor":7.0,"turns":6.0},{"damage":4.0,"enemies":"Exordium Wildlife","floor":8.0,"turns":5.0},{"damage":13.0,"enemies":"3 Sentries","floor":12.0,"turns":7.0},{"damage":6.0,"enemies":"Blue Slaver","floor":13.0,"turns":3.0},{"damage":52.0,"enemies":"Slime Boss","floor":16.0,"turns":13.0},{"damage":2,"enemies":"Shell Parasite","floor":18,"turns":4},{"damage":3,"enemies":"2 Thieves","floor":19,"turns":4},{"damage":10,"enemies":"Chosen and Byrds","floor":20,"turns":8},{"damage":13,"enemies":"Masked Bandits","floor":22,"turns":4},{"damage":13,"enemies":"Chosen and Byrds","floor":29,"turns":3},{"damage":3,"enemies":"3 Cultists","floor":31,"turns":4},{"damage":70,"enemies":"Collector","floor":33,"turns":7}],"seed_played":"-1529434200300982542","potions_obtained":[{"floor":2.0,"key":"LiquidMemories"},{"floor":3.0,"key":"SkillPotion"},{"floor":13.0,"key":"LiquidBronze"},{"floor":14.0,"key":"SkillPotion"},{"floor":18,"key":"SpeedPotion"},{"floor":22,"key":"SteroidPotion"}],"is_trial":false,"path_per_floor":["M","M","M","M","?","R","E","M","T","?","R","E","M","?","R","B",null,"M","M","MIM","?","?","R","$","R","T","$","?","M","T","M","R","B"],"character_chosen":"HERMIT","items_purchased":["Apotheosis","Dramatic Entrance","blueLaboratory:FrostheartPotion","CeramicFish"],"campfire_rested":1,"item_purchase_floors":[24,24,24,24],"current_hp_per_floor":[75,75,75,67,67,67,57,53,53,53,53,69,63,63,63,11,82,80,77,67,67,54,78,78,78,78,78,78,65,65,62,62,0,0],"gold":265,"neow_bonus":"THREE_ENEMY_KILL","is_daily":false,"chose_seed":false,"campfire_upgraded":4,"win_rate":0.0,"timestamp":1613603346,"path_taken":["M","?","M","M","?","R","E","M","T","?","R","E","?","?","R","BOSS","M","?","?","?","?","R","$","R","T","$","?","M","?","M","R","BOSS"],"items_purchased_type":["Card","Card","Potion","Relic"],"build_version":"2020-12-22","purchased_purges":0,"victory":false,"max_hp_per_floor":[75,75,75,75,75,75,82,82,82,82,82,82,82,82,82,82,82,82,82,82,82,82,82,82,82,82,82,82,82,82,82,82,82,82],"card_choices":[{"not_picked":["hermit:LowProfile","hermit:Spite"],"picked":"hermit:Ricochet","floor":1.0},{"not_picked":["hermit:LowProfile","hermit:LuckOfTheDraw"],"picked":"hermit:Determination","floor":2.0},{"not_picked":["hermit:Ricochet","hermit:LowProfile"],"picked":"hermit:Glare","floor":3.0},{"not_picked":["hermit:LuckOfTheDraw","hermit:Misfire"],"picked":"hermit:Maintenance","floor":4.0},{"not_picked":["hermit:FlashPowder","hermit:Roulette"],"picked":"hermit:FromBeyond","floor":7.0},{"not_picked":["hermit:CalledShot","hermit:Misfire","hermit:Headshot"],"picked":"SKIP","floor":8.0},{"not_picked":["hermit:LuckOfTheDraw","hermit:TakeAim","hermit:DeadMansHand"],"picked":"SKIP","floor":12.0},{"not_picked":["hermit:Malice","hermit:Coalescence"],"picked":"hermit:Glare","floor":13.0},{"not_picked":["hermit:Purgatory","hermit:DeadOrAlive"],"picked":"hermit:BlackWind","floor":16.0},{"not_picked":["hermit:Quickdraw","hermit:HoleUp"],"picked":"hermit:Glare","floor":18},{"not_picked":["hermit:Glare","hermit:Roulette+1"],"picked":"hermit:GoldenBullet+1","floor":19},{"not_picked":["hermit:Vantage","hermit:ItchyTrigger"],"picked":"hermit:Gambit","floor":20},{"not_picked":["hermit:DeadMansHand","hermit:Roulette"],"picked":"hermit:CursedWeapon","floor":22},{"not_picked":["hermit:HighCaliber","hermit:Glare+1"],"picked":"hermit:Gestalt+1","floor":29},{"not_picked":["hermit:Cheat","hermit:BigShot","hermit:Midnight"],"picked":"SKIP","floor":31}],"player_experience":812442,"relics_obtained":[{"floor":7.0,"key":"Strawberry"},{"floor":12.0,"key":"Tiny Chest"},{"floor":20,"key":"Sundial"},{"floor":22,"key":"Red Mask"},{"floor":26,"key":"Nunchaku"},{"floor":30,"key":"hermit:RyeStalk"}],"event_choices":[{"cards_removed":["hermit:Determination"],"damage_healed":0.0,"max_hp_gain":0.0,"max_hp_loss":0.0,"gold_gain":0.0,"event_name":"WeMeetAgain","player_choice":"Gave Card","floor":10.0,"gold_loss":0.0,"damage_taken":0.0,"relics_obtained":["Ornamental Fan"]},{"damage_healed":0.0,"max_hp_gain":0.0,"max_hp_loss":0.0,"gold_gain":0.0,"event_name":"The Woman in Blue","player_choice":"Bought 3 Potions","floor":14.0,"gold_loss":0.0,"damage_taken":0.0},{"damage_healed":0,"gold_gain":0,"player_choice":"Fought Bandits","damage_taken":0,"max_hp_gain":0,"max_hp_loss":0,"event_name":"Masked Bandits","floor":22,"gold_loss":0}],"is_beta":false,"boss_relics":[{"not_picked":["beaked:MawFillet","hubris:VirtuousBlindfold"],"picked":"SacredBark"}],"items_purged_floors":[],"is_endless":false,"potions_floor_spawned":[2,3,13,18,22,31],"killed_by":"Collector","ascension_level":0}}