{"host":"cd7awanv0x2msn9z","time":1613546321,"event":{"mods":["BaseMod","Downfall","Minty Spire (QoL Compilation)","Replay The Spire","StSLib","SuperFastMode"],"gold_per_floor":[115,135,135,135,410,437,455,455,482,516,516,536,161,171,171,171,171],"floor_reached":16,"language":"ZHS","playtime":250,"items_purged":["Regret"],"score":142,"play_id":"2d7b5710-285d-4407-aaa7-4ad1937ce239","local_time":"20210217151841","is_ascension_mode":true,"campfire_choices":[{"data":"PiercingWail","floor":11.0,"key":"SMITH"},{"floor":15.0,"key":"REST"}],"circlet_count":0,"master_deck":["Strike_G","Strike_G","Strike_G","Strike_G","Defend_G","Defend_G","Defend_G","Defend_G","Defend_G","Survivor","Neutralize","Poisoned Stab","Deadly Poison","Bane","PiercingWail+1"],"relics":["Ring of the Snake","NeowsBlessing","ReplayFunnel","ReplayTheSpireMod:Lightbulb","Oddly Smooth Stone","Potion Belt","Tingsha"],"acts_visited":["Exordium"],"potions_floor_usage":[],"damage_taken":[{"damage":0.0,"enemies":"Small Slimes","floor":1.0,"turns":1.0},{"damage":0.0,"enemies":"Jaw Worm","floor":2.0,"turns":1.0},{"damage":0.0,"enemies":"3 Sentries","floor":6.0,"turns":1.0},{"damage":8.0,"enemies":"Cultist","floor":7.0,"turns":3.0},{"damage":34.0,"enemies":"Gremlin Nob","floor":10.0,"turns":5.0},{"damage":5.0,"enemies":"Looter","floor":12.0,"turns":4.0},{"damage":8.0,"enemies":"Large Slime","floor":14.0,"turns":7.0},{"damage":0,"enemies":"Fading Forest","floor":16,"turns":1}],"seed_played":"-7948072914347625407","potions_obtained":[{"floor":10.0,"key":"SteroidPotion"}],"is_trial":false,"path_per_floor":["M","M","$","?","?","E","M","?","T","E","R","M","$","M","R","B"],"character_chosen":"THE_SILENT","items_purchased":["Tingsha"],"campfire_rested":1,"item_purchase_floors":[13],"current_hp_per_floor":[70,70,70,70,70,70,62,55,55,21,21,16,16,8,29,29,29],"gold":171,"neow_bonus":"THREE_ENEMY_KILL","is_daily":false,"chose_seed":false,"campfire_upgraded":1,"win_rate":0.0,"timestamp":1613546321,"path_taken":["M","M","$","?","?","E","?","?","T","E","R","M","$","M","R","BOSS"],"items_purchased_type":["Relic"],"build_version":"2020-12-22","purchased_purges":1,"victory":false,"max_hp_per_floor":[70,70,70,70,70,70,70,70,70,70,70,70,70,70,70,70,70],"card_choices":[{"not_picked":["Outmaneuver","Masterful Stab"],"picked":"Poisoned Stab","floor":1.0},{"not_picked":["Endless Agony","ReplayTheSpireMod:Speed Training"],"picked":"Deadly Poison","floor":2.0},{"not_picked":["Replay:Poison Smokescreen","Choke"],"picked":"Bane","floor":6.0},{"not_picked":["ReplayTheSpireMod:Shiv Toss","Sucker Punch"],"picked":"PiercingWail","floor":7.0},{"not_picked":["Deflect","Infinite Blades","Slice"],"picked":"SKIP","floor":10.0},{"not_picked":["PiercingWail","Dodge and Roll","Underhanded Strike"],"picked":"SKIP","floor":12.0},{"not_picked":["Deflect","Quick Slash","Underhanded Strike"],"picked":"SKIP","floor":14.0}],"player_experience":78530,"relics_obtained":[{"floor":6.0,"key":"ReplayFunnel"},{"floor":9.0,"key":"Oddly Smooth Stone"},{"floor":10.0,"key":"Potion Belt"}],"event_choices":[{"damage_healed":0.0,"max_hp_gain":0.0,"max_hp_loss":0.0,"gold_gain":275.0,"event_name":"Golden Shrine","player_choice":"Desecrate","floor":5.0,"gold_loss":0.0,"damage_taken":0.0,"cards_obtained":["Regret"]},{"damage_healed":0.0,"max_hp_gain":0.0,"max_hp_loss":0.0,"gold_gain":0.0,"event_name":"Scrap Ooze","player_choice":"Success","floor":8.0,"gold_loss":0.0,"damage_taken":7.0,"relics_obtained":["ReplayTheSpireMod:Lightbulb"]}],"is_beta":false,"boss_relics":[],"items_purged_floors":[13],"is_endless":false,"potions_floor_spawned":[10],"killed_by":"Fading Forest","ascension_level":1}}