{"host":"7gewg82ormp6yt4e","time":1613578499,"event":{"mods":["BaseMod","Block Reminder","Colored Map","DeckTracker","Highlight Path","Minty Spire (QoL Compilation)","Relic Stats","StSLib","ojb\u0027s Info Mod"],"gold_per_floor":[219,219,50,67,67,95,95,122,122,154,67,79,79,108,108,185,185,198,198,123,138,158,158,70,70,70,70,101,114,114,139,139,210,210,225,225,242,78,78,113,113,160,160,171,183,183,212,212,212,212,212,212,212,32,60,60],"floor_reached":57,"language":"JPN","playtime":4873,"items_purged":["Strike_P","Defend_P"],"score":2869,"play_id":"9b5f8f38-5389-4eba-85a9-74a97141d6c8","local_time":"20210218011459","is_ascension_mode":true,"campfire_choices":[{"data":"Blasphemy","floor":7.0,"key":"SMITH"},{"data":"TalkToTheHand","floor":15.0,"key":"SMITH"},{"floor":23.0,"key":"REST"},{"data":"SandsOfTime","floor":25.0,"key":"SMITH"},{"data":"CrushJoints","floor":27.0,"key":"SMITH"},{"floor":30.0,"key":"REST"},{"data":"MentalFortress","floor":32.0,"key":"SMITH"},{"floor":41,"key":"RECALL"},{"data":"Vault","floor":46,"key":"SMITH"},{"data":"Nirvana","floor":49,"key":"SMITH"},{"floor":53,"key":"REST"}],"circlet_count":0,"master_deck":["AscendersBane","Strike_P","Strike_P","Defend_P","Eruption","Vigilance","CutThroughFate","SandsOfTime+1","ThirdEye","Vengeance","Blasphemy+1","TalkToTheHand+1","MentalFortress+1","Nirvana+1","WheelKick","DeusExMachina","CrushJoints+1","Vault+1","Halt+1","Conclude+1","Adaptation","FearNoEvil","Swivel+1","Omniscience+1","Wallop","Omniscience+1","EmptyBody+1","MentalFortress","FlurryOfBlows+1","EmptyBody+1","Madness+1","Madness+1","InnerPeace+1"],"relics":["PureWater","Girya","Pantograph","Mango","StrikeDummy","Unceasing Top","Lizard Tail","VioletLotus","Toxic Egg 2","Bottled Lightning","Vajra","Runic Pyramid","Bag of Marbles","CaptainsWheel","Mummified Hand","TeardropLocket","Thread and Needle"],"acts_visited":["Exordium","TheCity","TheBeyond","TheEnding"],"potions_floor_usage":[45,56,56,56,56],"damage_taken":[{"damage":2.0,"enemies":"Jaw Worm","floor":1.0,"turns":4.0},{"damage":0.0,"enemies":"Small Slimes","floor":4.0,"turns":4.0},{"damage":20.0,"enemies":"3 Sentries","floor":6.0,"turns":5.0},{"damage":0.0,"enemies":"Lagavulin","floor":8.0,"turns":4.0},{"damage":0.0,"enemies":"Gremlin Nob","floor":10.0,"turns":2.0},{"damage":0.0,"enemies":"2 Louse","floor":12.0,"turns":4.0},{"damage":15.0,"enemies":"Lagavulin","floor":14.0,"turns":6.0},{"damage":23.0,"enemies":"Hexaghost","floor":16.0,"turns":10.0},{"damage":29.0,"enemies":"2 Thieves","floor":18.0,"turns":4.0},{"damage":0.0,"enemies":"Chosen","floor":21.0,"turns":4.0},{"damage":20.0,"enemies":"Centurion and Healer","floor":22.0,"turns":7.0},{"damage":26.0,"enemies":"Book of Stabbing","floor":28.0,"turns":4.0},{"damage":10.0,"enemies":"Shelled Parasite and Fungi","floor":29.0,"turns":3.0},{"damage":22.0,"enemies":"Gremlin Leader","floor":31.0,"turns":4.0},{"damage":42.0,"enemies":"Collector","floor":33.0,"turns":10.0},{"damage":6.0,"enemies":"Orb Walker","floor":35.0,"turns":3.0},{"damage":0.0,"enemies":"3 Shapes","floor":37.0,"turns":5.0},{"damage":11,"enemies":"Giant Head","floor":40,"turns":8},{"damage":0,"enemies":"2 Orb Walkers","floor":42,"turns":1},{"damage":0,"enemies":"Sphere and 2 Shapes","floor":44,"turns":4},{"damage":0,"enemies":"Spire Growth","floor":45,"turns":4},{"damage":1,"enemies":"Reptomancer","floor":47,"turns":6},{"damage":10,"enemies":"Donu and Deca","floor":50,"turns":12},{"damage":110,"enemies":"Time Eater","floor":51,"turns":17},{"damage":11,"enemies":"Shield and Spear","floor":55,"turns":13},{"damage":42,"enemies":"The Heart","floor":56,"turns":11}],"seed_played":"4284034039216345493","potions_obtained":[{"floor":1.0,"key":"Strength Potion"},{"floor":8.0,"key":"Dexterity Potion"},{"floor":10.0,"key":"Block Potion"},{"floor":21.0,"key":"Weak Potion"},{"floor":22.0,"key":"StancePotion"},{"floor":28.0,"key":"AttackPotion"},{"floor":31.0,"key":"DistilledChaos"},{"floor":40,"key":"FairyPotion"},{"floor":44,"key":"StancePotion"},{"floor":47,"key":"EntropicBrew"}],"is_trial":false,"path_per_floor":["M","?","$","M","?","E","R","E","T","E","$","M","?","E","R","B",null,"M","?","?","M","M","R","$","R","T","R","E","M","R","E","R","B",null,"M","?","M","$","T","E","R","?","T","M","M","R","E","?","R","B","B",null,"R","$","E","B",null],"character_chosen":"WATCHER","items_purchased":["SandsOfTime","BlessingOfTheForge","ThirdEye","MentalFortress","Adaptation","MentalFortress","Ancient Potion"],"campfire_rested":3,"item_purchase_floors":[3,3,3,11,24,38,54],"current_hp_per_floor":[59,41,41,41,46,26,26,40,40,40,40,40,40,25,25,27,72,43,43,43,43,23,49,49,49,49,49,23,13,39,17,17,43,76,70,70,70,70,70,59,59,59,59,59,59,59,58,42,42,57,2,66,87,87,76,45],"gold":60,"neow_bonus":"HUNDRED_GOLD","is_daily":false,"chose_seed":false,"campfire_upgraded":7,"win_rate":0.0,"timestamp":1613578499,"path_taken":["M","?","$","M","?","E","R","E","T","E","?","M","?","E","R","BOSS","M","?","?","M","M","R","$","R","T","R","E","M","R","E","R","BOSS","M","?","?","$","?","E","R","?","T","M","M","R","E","?","R","BOSS","BOSS","R","$","E","BOSS"],"items_purchased_type":["Card","Potion","Card","Card","Card","Card","Potion"],"build_version":"2020-12-22","purchased_purges":2,"victory":true,"max_hp_per_floor":[68,68,68,68,73,73,73,87,87,87,87,87,87,87,87,87,87,87,87,87,87,87,87,87,87,87,87,87,87,87,87,87,87,87,87,87,87,87,87,87,87,87,87,87,87,87,87,87,87,87,87,87,87,87,87,87],"relic_stats":{"Lizard Tail":43,"counters":[26,159],"Mummified Hand":[44],"Pantograph":111,"VioletLotus":[49],"obtain_stats":[{"Girya":2,"Vajra":31,"Mango":8,"Thread and Needle":55,"TeardropLocket":47,"Lizard Tail":14,"CaptainsWheel":42,"Mummified Hand":43,"Pantograph":6,"VioletLotus":17,"Bag of Marbles":40,"Bottled Lightning":28,"PureWater":0,"Toxic Egg 2":26,"StrikeDummy":9,"Unceasing Top":10,"Runic Pyramid":34},{"Girya":1,"Vajra":14,"Mango":4,"Thread and Needle":25,"TeardropLocket":22,"Lizard Tail":7,"CaptainsWheel":19,"Mummified Hand":19,"Pantograph":3,"VioletLotus":8,"Bag of Marbles":18,"Bottled Lightning":12,"PureWater":0,"Toxic Egg 2":11,"StrikeDummy":4,"Unceasing Top":5,"Runic Pyramid":15},{"Girya":4,"Vajra":65,"Mango":17,"Thread and Needle":148,"TeardropLocket":106,"Lizard Tail":29,"CaptainsWheel":92,"Mummified Hand":92,"Pantograph":13,"VioletLotus":39,"Bag of Marbles":91,"Bottled Lightning":58,"PureWater":0,"Toxic Egg 2":54,"StrikeDummy":17,"Unceasing Top":19,"Runic Pyramid":75}],"Unceasing Top":[0]},"card_choices":[{"not_picked":["Pray","FlurryOfBlows"],"picked":"CutThroughFate","floor":1.0},{"not_picked":["BattleHymn","CutThroughFate"],"picked":"Vengeance","floor":4.0},{"not_picked":["ForeignInfluence","EmptyFist"],"picked":"Blasphemy","floor":6.0},{"not_picked":["CarveReality","Study"],"picked":"TalkToTheHand","floor":8.0},{"not_picked":["WindmillStrike","PathToVictory","SandsOfTime"],"picked":"SKIP","floor":10.0},{"not_picked":["BowlingBash","CutThroughFate"],"picked":"Nirvana","floor":12.0},{"not_picked":["FollowUp","Evaluate"],"picked":"WheelKick","floor":14.0},{"not_picked":["Brilliance","MasterReality"],"picked":"DeusExMachina","floor":16.0},{"not_picked":["Nirvana","CrushJoints","ForeignInfluence+1"],"picked":"SKIP","floor":18.0},{"not_picked":["FlyingSleeves","PathToVictory"],"picked":"Halt+1","floor":21.0},{"not_picked":["Protect","ClearTheMind+1"],"picked":"Conclude+1","floor":22.0},{"not_picked":["Perseverance+1","EmptyFist","Pray+1"],"picked":"SKIP","floor":28.0},{"not_picked":["Tantrum","ClearTheMind+1"],"picked":"FearNoEvil","floor":29.0},{"not_picked":["Establishment","CutThroughFate"],"picked":"Swivel+1","floor":31.0},{"not_picked":["Wish+1","LessonLearned"],"picked":"Omniscience+1","floor":33.0},{"not_picked":["JustLucky+1","Prostrate+1"],"picked":"Wallop","floor":35.0},{"not_picked":["ThirdEye+1","WheelKick"],"picked":"EmptyBody+1","floor":37.0},{"not_picked":["EmptyFist","BowlingBash","CutThroughFate"],"picked":"SKIP","floor":40},{"not_picked":["SashWhip","Crescendo+1","LessonLearned"],"picked":"SKIP","floor":44},{"not_picked":["CrushJoints","ClearTheMind+1"],"picked":"FlurryOfBlows+1","floor":45},{"not_picked":["FlurryOfBlows","Wallop"],"picked":"EmptyBody+1","floor":47},{"not_picked":["PathToVictory+1","BowlingBash"],"picked":"InnerPeace+1","floor":55}],"player_experience":2869304,"relics_obtained":[{"floor":6.0,"key":"Pantograph"},{"floor":8.0,"key":"Mango"},{"floor":9.0,"key":"StrikeDummy"},{"floor":10.0,"key":"Unceasing Top"},{"floor":14.0,"key":"Lizard Tail"},{"floor":26.0,"key":"Toxic Egg 2"},{"floor":28.0,"key":"Bottled Lightning"},{"floor":31.0,"key":"Vajra"},{"floor":40,"key":"Bag of Marbles"},{"floor":42,"key":"CaptainsWheel"},{"floor":43,"key":"Mummified Hand"},{"floor":47,"key":"TeardropLocket"},{"floor":55,"key":"Thread and Needle"}],"event_choices":[{"damage_healed":0.0,"max_hp_gain":0.0,"max_hp_loss":0.0,"gold_gain":0.0,"event_name":"Scrap Ooze","player_choice":"Success","floor":2.0,"gold_loss":0.0,"damage_taken":18.0,"relics_obtained":["Girya"]},{"damage_healed":0.0,"max_hp_gain":5.0,"max_hp_loss":0.0,"gold_gain":0.0,"event_name":"Big Fish","player_choice":"Donut","floor":5.0,"gold_loss":0.0,"damage_taken":0.0},{"damage_healed":0.0,"max_hp_gain":0.0,"max_hp_loss":0.0,"gold_gain":0.0,"event_name":"Liars Game","player_choice":"Ignored","floor":13.0,"gold_loss":0.0,"damage_taken":0.0},{"damage_healed":0.0,"max_hp_gain":0.0,"max_hp_loss":0.0,"gold_gain":0.0,"cards_transformed":["Defend_P","Strike_P"],"event_name":"Drug Dealer","player_choice":"Became Test Subject","floor":19.0,"gold_loss":0.0,"damage_taken":0.0,"cards_obtained":["CrushJoints","Vault"]},{"cards_removed":["Defend_P"],"damage_healed":0.0,"max_hp_gain":0.0,"max_hp_loss":0.0,"gold_gain":0.0,"event_name":"Beggar","player_choice":"Gave Gold","floor":20.0,"gold_loss":75.0,"damage_taken":0.0},{"damage_healed":0.0,"max_hp_gain":0.0,"max_hp_loss":0.0,"gold_gain":0.0,"event_name":"Duplicator","player_choice":"Copied","floor":36.0,"gold_loss":0.0,"damage_taken":0.0,"cards_obtained":["Omniscience"]},{"damage_healed":0,"gold_gain":0,"player_choice":"Fight","damage_taken":0,"max_hp_gain":0,"max_hp_loss":0,"event_name":"Mysterious Sphere","floor":42,"gold_loss":0},{"damage_healed":0,"gold_gain":0,"player_choice":"Embrace Madness","damage_taken":16,"max_hp_gain":0,"max_hp_loss":0,"event_name":"Winding Halls","floor":48,"gold_loss":0,"cards_obtained":["Madness","Madness"]}],"is_beta":false,"boss_relics":[{"not_picked":["Velvet Choker","Busted Crown"],"picked":"VioletLotus"},{"not_picked":["Philosopher\u0027s Stone","Calling Bell"],"picked":"Runic Pyramid"}],"items_purged_floors":[38,54],"is_endless":false,"potions_floor_spawned":[1,8,10,14,21,22,28,31,40,44,47],"ascension_level":20}}