{"host":"Sylvester","time":1613542075,"event":{"mods":["AchievementEnabler","BaseMod","Filter the Spire","Lobotomy","Minty Spire (QoL Compilation)","Replay The Spire","StSLib"],"gold_per_floor":[112,112,130,180,195,195,224,224,274,288,304,325,352,371,371,371,371],"floor_reached":16,"language":"ENG","playtime":507,"items_purged":[],"score":224,"play_id":"c0f96fe6-6b5d-4151-b2d6-d9170ad1af1e","local_time":"20210216220755","is_ascension_mode":true,"campfire_choices":[{"data":"Sweeping Beam","floor":6,"key":"SMITH"},{"data":"Auto Shields","floor":8,"key":"SMITH"},{"floor":15,"key":"REST"}],"circlet_count":0,"master_deck":["AscendersBane","Strike_B","Strike_B","Strike_B","Strike_B","Defend_B","Defend_B+1","Defend_B","Defend_B","Zap","Dualcast","Hologram+1","Sweeping Beam+1","FTL","Auto Shields+1","FTL","Ball Lightning","Chaos","Cold Snap","Cold Snap"],"relics":["Painkiller Herb","Gremlin Food","Replay:Wax Seal","Odd Mushroom","Mirror"],"acts_visited":["Exordium"],"potions_floor_usage":[7,13,16],"damage_taken":[{"damage":15.0,"enemies":"Small Slimes","floor":1.0,"turns":4.0},{"damage":0,"enemies":"2 Louse","floor":3,"turns":3},{"damage":2,"enemies":"Cultist","floor":5,"turns":4},{"damage":20,"enemies":"Lagavulin","floor":7,"turns":5},{"damage":1,"enemies":"2 Fungi Beasts","floor":10,"turns":3},{"damage":0,"enemies":"Large Slime","floor":11,"turns":4},{"damage":4,"enemies":"The Mushroom Lair","floor":12,"turns":4},{"damage":6,"enemies":"Gremlin Nob","floor":13,"turns":4},{"damage":0,"enemies":"Looter","floor":14,"turns":2},{"damage":38,"enemies":"Slime Boss","floor":16,"turns":6}],"seed_played":"-7270389235708529357","potions_obtained":[{"floor":3,"key":"Fire Potion"},{"floor":7,"key":"ColorlessPotion"},{"floor":10,"key":"Languid Potion"},{"floor":13,"key":"PowerPotion"}],"is_trial":false,"path_per_floor":["?","?","?","?","?","T","E","T","T","?","?","?","E","?","T","B"],"character_chosen":"DEFECT","items_purchased":[],"campfire_rested":1,"item_purchase_floors":[],"current_hp_per_floor":[49,49,49,49,47,47,27,27,27,26,26,22,16,16,37,0,0],"gold":371,"neow_bonus":"BOSS_RELIC","is_daily":false,"chose_seed":false,"campfire_upgraded":2,"win_rate":0.0,"timestamp":1613542075,"path_taken":["?","?","?","?","?","T","E","T","T","?","?","?","E","?","T","BOSS"],"items_purchased_type":[],"build_version":"2020-11-17","purchased_purges":0,"victory":false,"max_hp_per_floor":[71,71,71,71,71,71,71,71,71,71,71,71,71,71,71,71,71],"card_choices":[{"not_picked":["Steam","Stack"],"picked":"Hologram","floor":1.0},{"not_picked":["Stack","Compile Driver"],"picked":"Sweeping Beam","floor":3},{"not_picked":["Leap","Coolheaded"],"picked":"FTL","floor":5},{"not_picked":["Panic Button","Fission"],"picked":"Auto Shields","floor":7},{"not_picked":["Skim","Scrape"],"picked":"FTL","floor":10},{"not_picked":["BasicCrystalCard","Stack"],"picked":"Ball Lightning","floor":11},{"not_picked":["Go for the Eyes","Beam Cell"],"picked":"Chaos","floor":12},{"not_picked":["Steam","Thunder Strike"],"picked":"Cold Snap","floor":13},{"not_picked":["ReplayTheSpireMod:Repulse","Go for the Eyes"],"picked":"Cold Snap","floor":14}],"player_experience":274039,"relics_obtained":[{"floor":7,"key":"Gremlin Food"},{"floor":9,"key":"Replay:Wax Seal"},{"floor":12,"key":"Odd Mushroom"},{"floor":13,"key":"Mirror"}],"event_choices":[{"damage_healed":0,"gold_gain":0,"player_choice":"Grow","damage_taken":0,"max_hp_gain":0,"max_hp_loss":0,"event_name":"Living Wall","floor":2,"gold_loss":0,"cards_upgraded":["Hologram"]},{"damage_healed":0,"gold_gain":50,"player_choice":"Pray","damage_taken":0,"max_hp_gain":0,"max_hp_loss":0,"event_name":"Golden Shrine","floor":4,"gold_loss":0},{"damage_healed":0,"gold_gain":0,"player_choice":"Fought Mushrooms","damage_taken":0,"max_hp_gain":0,"max_hp_loss":0,"event_name":"Mushrooms","floor":12,"gold_loss":0}],"is_beta":true,"boss_relics":[],"items_purged_floors":[],"is_endless":false,"potions_floor_spawned":[3,7,10,13],"killed_by":"Slime Boss","ascension_level":20}}