{"host":"h0xw20cia6ppa69g","time":1613548667,"event":{"mods":["AchievementEnabler","BaseMod","Colored Map","Filter the Spire","Googly Eyes","Minty Spire (QoL Compilation)","Relic Stats","StSLib","The Awakened One except there are too many feathers","everything is the same but u backflip on backflip"],"gold_per_floor":[109,184,2,21,21,48,63,12,12,28,56,56,56,73,73,171,171,185,205,222,222,234,261,261,296,296,308,336,336,54,65,65,65,65],"floor_reached":33,"language":"ENG","playtime":1114,"items_purged":["Strike_R","Strike_R"],"score":333,"play_id":"7a829cc5-e45b-456a-b7ca-14c53190676e","local_time":"20210217015747","is_ascension_mode":true,"campfire_choices":[{"data":"Uppercut","floor":13.0,"key":"SMITH"},{"data":"Inflame","floor":15.0,"key":"SMITH"},{"data":"Limit Break","floor":24.0,"key":"SMITH"},{"data":"Fiend Fire","floor":29.0,"key":"SMITH"},{"data":"Evolve","floor":32,"key":"SMITH"}],"circlet_count":0,"master_deck":["Strike_R","Defend_R","Defend_R","Defend_R","Bash","Battle Trance","Fiend Fire+1","Cleave","Inflame+1","Wild Strike","Uppercut+1","Exhume","Sword Boomerang","Immolate","Feel No Pain","Limit Break+1","Flame Barrier","Thunderclap","Evolve+1","Headbutt","Impervious","Metallicize","True Grit"],"relics":["Burning Blood","Membership Card","Akabeko","Paper Frog","Question Card","FaceOfCleric","Black Star","Calipers","Eternal Feather","Toy Ornithopter","White Beast Statue","Pen Nib","Dead Branch","Omamori","Sling","InkBottle"],"acts_visited":["Exordium","TheCity"],"potions_floor_usage":[31,33],"damage_taken":[{"damage":3.0,"enemies":"Small Slimes","floor":1.0,"turns":2.0},{"damage":1.0,"enemies":"2 Louse","floor":4.0,"turns":2.0},{"damage":32.0,"enemies":"Gremlin Nob","floor":6.0,"turns":4.0},{"damage":0.0,"enemies":"Cultist","floor":7.0,"turns":2.0},{"damage":7.0,"enemies":"Blue Slaver","floor":10.0,"turns":2.0},{"damage":13.0,"enemies":"Lagavulin","floor":11.0,"turns":4.0},{"damage":0.0,"enemies":"Red Slaver","floor":14.0,"turns":1.0},{"damage":28.0,"enemies":"Hexaghost","floor":16.0,"turns":6.0},{"damage":10.0,"enemies":"3 Byrds","floor":18.0,"turns":3.0},{"damage":7.0,"enemies":"2 Thieves","floor":19.0,"turns":4.0},{"damage":18.0,"enemies":"Chosen and Byrds","floor":20.0,"turns":6.0},{"damage":0.0,"enemies":"Snecko","floor":22.0,"turns":2.0},{"damage":13.0,"enemies":"Gremlin Leader","floor":23.0,"turns":5.0},{"damage":28.0,"enemies":"Slavers","floor":25.0,"turns":5.0},{"damage":0.0,"enemies":"Snake Plant","floor":27.0,"turns":1.0},{"damage":78.0,"enemies":"Book of Stabbing","floor":28.0,"turns":8.0},{"damage":6,"enemies":"3 Cultists","floor":31,"turns":4},{"damage":53,"enemies":"Automaton","floor":33,"turns":6}],"seed_played":"-4805926621603078438","potions_obtained":[{"floor":7.0,"key":"Fire Potion"},{"floor":11.0,"key":"Dexterity Potion"},{"floor":14.0,"key":"Block Potion"},{"floor":19.0,"key":"BlessingOfTheForge"},{"floor":23.0,"key":"Fire Potion"},{"floor":27.0,"key":"SteroidPotion"},{"floor":28.0,"key":"Explosive Potion"},{"floor":31,"key":"Block Potion"}],"is_trial":false,"path_per_floor":["M","?","$","M","?","E","M","$","T","M","E","?","R","M","R","B",null,"M","M","M","?","M","E","R","E","T","M","E","R","$","M","R","B"],"character_chosen":"IRONCLAD","items_purchased":["Membership Card","Inflame","Sword Boomerang","Sling","Metallicize","InkBottle"],"campfire_rested":0,"item_purchase_floors":[3,3,8,30,30,30],"current_hp_per_floor":[72,61,61,66,71,45,51,51,51,50,43,43,43,50,50,29,79,76,76,65,65,72,66,78,57,57,69,8,20,20,26,38,0,0],"gold":65,"neow_bonus":"TRANSFORM_TWO_CARDS","is_daily":false,"chose_seed":false,"campfire_upgraded":5,"win_rate":0.0,"timestamp":1613548667,"path_taken":["M","?","$","M","?","E","M","$","T","M","E","?","R","M","R","BOSS","M","?","M","?","?","E","R","E","T","?","E","R","$","?","R","BOSS"],"items_purchased_type":["Relic","Card","Card","Relic","Card","Relic"],"build_version":"2020-12-22","purchased_purges":2,"victory":false,"max_hp_per_floor":[72,72,72,72,77,77,77,77,77,77,77,77,77,78,78,79,79,80,81,82,82,83,84,84,85,85,86,87,87,87,88,88,88,88],"relic_stats":{"FaceOfCleric":11,"counters":[18,67],"Dead Branch":[18],"Eternal Feather":36,"Pen Nib":[1],"Black Star":3,"Question Card":11,"obtain_stats":[{"Calipers":23,"Dead Branch":28,"Eternal Feather":23,"Pen Nib":26,"Omamori":28,"Question Card":11,"Sling":30,"Burning Blood":0,"Akabeko":6,"White Beast Statue":25,"FaceOfCleric":12,"Black Star":17,"Membership Card":3,"Toy Ornithopter":25,"InkBottle":30,"Paper Frog":9},{"Calipers":13,"Dead Branch":16,"Eternal Feather":13,"Pen Nib":14,"Omamori":16,"Question Card":6,"Sling":16,"Burning Blood":0,"Akabeko":3,"White Beast Statue":14,"FaceOfCleric":6,"Black Star":8,"Membership Card":1,"Toy Ornithopter":14,"InkBottle":16,"Paper Frog":4},{"Calipers":43,"Dead Branch":57,"Eternal Feather":43,"Pen Nib":48,"Omamori":57,"Question Card":16,"Sling":57,"Burning Blood":0,"Akabeko":8,"White Beast Statue":48,"FaceOfCleric":16,"Black Star":23,"Membership Card":2,"Toy Ornithopter":48,"InkBottle":57,"Paper Frog":10}],"Burning Blood":99,"Toy Ornithopter":25,"InkBottle":[2]},"card_choices":[{"not_picked":["Body Slam","True Grit"],"picked":"Cleave","floor":1.0},{"not_picked":["Anger","Uppercut"],"picked":"Wild Strike","floor":4.0},{"not_picked":["Headbutt","Warcry"],"picked":"Uppercut","floor":6.0},{"not_picked":["Anger","Fire Breathing"],"picked":"Exhume","floor":7.0},{"not_picked":["Dropkick","Armaments","Hemokinesis"],"picked":"SKIP","floor":10.0},{"not_picked":["Perfected Strike","Cleave"],"picked":"Immolate","floor":11.0},{"not_picked":["Flex","Body Slam","Warcry"],"picked":"Feel No Pain","floor":14.0},{"not_picked":["Reaper","Barricade","Impervious"],"picked":"Limit Break","floor":16.0},{"not_picked":["Hemokinesis","Clothesline","Twin Strike"],"picked":"Flame Barrier","floor":18.0},{"not_picked":["Warcry","Cleave+1","Flex"],"picked":"Thunderclap","floor":19.0},{"not_picked":["Cleave","Combust","Clothesline","Twin Strike"],"picked":"SKIP","floor":20.0},{"not_picked":["Seeing Red","Pommel Strike","Uppercut"],"picked":"Evolve","floor":22.0},{"not_picked":["Sentinel","Havoc","Warcry+1","Heavy Blade"],"picked":"SKIP","floor":23.0},{"not_picked":["Perfected Strike","Clash","Havoc"],"picked":"Headbutt","floor":25.0},{"not_picked":["Spot Weakness","Armaments","Flame Barrier+1"],"picked":"Impervious","floor":27.0},{"not_picked":["Bloodletting","Twin Strike","Body Slam","Thunderclap"],"picked":"SKIP","floor":28.0},{"not_picked":["Body Slam","Burning Pact","Shrug It Off"],"picked":"True Grit","floor":31}],"player_experience":3881048,"relics_obtained":[{"floor":6.0,"key":"Akabeko"},{"floor":9.0,"key":"Paper Frog"},{"floor":11.0,"key":"Question Card"},{"floor":23.0,"key":"Calipers"},{"floor":23.0,"key":"Eternal Feather"},{"floor":25.0,"key":"Toy Ornithopter"},{"floor":25.0,"key":"White Beast Statue"},{"floor":26.0,"key":"Pen Nib"},{"floor":28.0,"key":"Dead Branch"},{"floor":28.0,"key":"Omamori"}],"event_choices":[{"damage_healed":0.0,"max_hp_gain":0.0,"max_hp_loss":0.0,"gold_gain":75.0,"event_name":"World of Goop","player_choice":"Gather Gold","floor":2.0,"gold_loss":0.0,"damage_taken":11.0},{"damage_healed":0.0,"max_hp_gain":5.0,"max_hp_loss":0.0,"gold_gain":0.0,"event_name":"Big Fish","player_choice":"Donut","floor":5.0,"gold_loss":0.0,"damage_taken":0.0},{"damage_healed":0.0,"max_hp_gain":0.0,"max_hp_loss":0.0,"gold_gain":0.0,"event_name":"FaceTrader","player_choice":"Trade","floor":12.0,"gold_loss":0.0,"damage_taken":0.0,"relics_obtained":["FaceOfCleric"]},{"cards_removed":["Strike_R"],"damage_healed":0.0,"max_hp_gain":0.0,"max_hp_loss":0.0,"gold_gain":0.0,"event_name":"Wheel of Change","player_choice":"Card Removal","floor":21.0,"gold_loss":0.0,"damage_taken":0.0}],"is_beta":false,"boss_relics":[{"not_picked":["Pandora\u0027s Box","Sozu"],"picked":"Black Star"}],"items_purged_floors":[8,30],"is_endless":false,"potions_floor_spawned":[7,11,14,19,23,27,28,31],"killed_by":"Automaton","ascension_level":1}}