{"host":"0z6l31g9ps0v9zzp","time":1613532249,"event":{"mods":["Act Like it!","BaseMod","CapriCore","Minty Spire (QoL Compilation)","MostiFishMod","StSLib"],"gold_per_floor":[110,110,122,122,47,81,96,96,96,96,125,125,173,204,204,281,281,301,321,321,321,246,246,277,277,349,349,365,392,392,403,403,403,403],"floor_reached":33,"language":"ZHS","playtime":658,"items_purged":["Strike_R"],"score":698,"play_id":"d697bf40-5148-4caa-b1ba-af6a33d8322e","local_time":"20210217112409","is_ascension_mode":true,"campfire_choices":[{"data":"Searing Blow","floor":10,"key":"SMITH"},{"data":"Searing Blow+1","floor":12,"key":"SMITH"},{"data":"Searing Blow+2","floor":15,"key":"SMITH"},{"data":"Searing Blow+3","floor":23,"key":"SMITH"},{"data":"Searing Blow+4","floor":25,"key":"SMITH"},{"data":"Searing Blow+5","floor":27,"key":"SMITH"},{"data":"Searing Blow+6","floor":32,"key":"SMITH"}],"circlet_count":0,"master_deck":["AscendersBane","Strike_R","Strike_R","Defend_R","Defend_R","Defend_R","Defend_R","Bash","Shrug It Off","Searing Blow+7","Feed","MostiFishMod:DarkDeal","Burning Pact"],"relics":["Burning Blood","DaveBox","HaiYi:Twilight","NeowsBlessing","SynthV:TestCard","MostiFishMod:Haymaker","White Beast Statue","Matryoshka","Bronze Scales","Omamori","Gremlin Horn","GuanYuAspect","Unceasing Top","Eternal Feather","Potion Belt","Sundial","Pear"],"acts_visited":["Exordium","TheCity"],"potions_floor_usage":[14,16,16,24,29,29,29,33,33],"damage_taken":[{"damage":0.0,"enemies":"2 Louse","floor":1.0,"turns":1.0},{"damage":0,"enemies":"Small Slimes","floor":3,"turns":1},{"damage":0,"enemies":"Gremlin Nob","floor":6,"turns":1},{"damage":7,"enemies":"Jaw Worm","floor":7,"turns":3},{"damage":30,"enemies":"3 Sentries","floor":11,"turns":5},{"damage":17,"enemies":"Lagavulin","floor":14,"turns":4},{"damage":29,"enemies":"Hexaghost","floor":16,"turns":7},{"damage":12,"enemies":"3 Byrds","floor":18,"turns":3},{"damage":17,"enemies":"2 Thieves","floor":19,"turns":2},{"damage":42,"enemies":"Book of Stabbing","floor":24,"turns":4},{"damage":0,"enemies":"Snecko","floor":28,"turns":2},{"damage":15,"enemies":"Slavers","floor":29,"turns":4},{"damage":19,"enemies":"Snake Plant","floor":31,"turns":2},{"damage":37,"enemies":"Champ","floor":33,"turns":6}],"seed_played":"4350625643388112125","potions_obtained":[{"floor":6,"key":"Dexterity Potion"},{"floor":11,"key":"DistilledChaos"},{"floor":14,"key":"LiquidMemories"},{"floor":16,"key":"DuplicationPotion"},{"floor":18,"key":"AttackPotion"},{"floor":24,"key":"ColorlessPotion"},{"floor":28,"key":"DistilledChaos"},{"floor":29,"key":"Fire Potion"},{"floor":31,"key":"Swift Potion"}],"is_trial":false,"path_per_floor":["M","?","M","?","?","E","M","?","T","R","E","R","T","E","R","B",null,"M","M","?","?","$","R","E","R","T","R","M","E","?","M","R","B"],"character_chosen":"IRONCLAD","items_purchased":[],"campfire_rested":0,"item_purchase_floors":[],"current_hp_per_floor":[74,74,75,80,80,80,79,74,74,74,50,50,50,39,39,16,40,43,38,38,38,38,38,16,19,19,22,31,40,40,30,33,13,13],"gold":403,"neow_bonus":"THREE_ENEMY_KILL","is_daily":false,"chose_seed":false,"campfire_upgraded":7,"win_rate":0.0,"timestamp":1613532249,"path_taken":["M","?","M","?","?","E","M","?","T","R","E","R","?","E","R","BOSS","M","M","?","?","$","R","E","R","T","R","M","E","?","?","R","BOSS"],"items_purchased_type":[],"build_version":"2020-12-22","purchased_purges":1,"victory":false,"max_hp_per_floor":[75,75,75,80,80,80,80,80,80,80,80,80,80,80,80,80,40,43,46,46,46,46,46,46,46,46,46,49,62,62,62,62,62,62],"card_choices":[{"not_picked":["Iron Wave","Entrench","Evolve"],"picked":"SKIP","floor":1.0},{"not_picked":["Thunderclap","Cleave","Wild Strike","Sword Boomerang"],"picked":"Shrug It Off","floor":3},{"not_picked":["Pommel Strike","Battle Trance","Perfected Strike","MostiFishMod:KnuckleDown"],"picked":"Searing Blow","floor":6},{"not_picked":["Havoc","True Grit","Twin Strike","Second Wind","Thunderclap"],"picked":"SKIP","floor":7},{"not_picked":["Clothesline","Power Through","Iron Wave","Twin Strike"],"picked":"Feed","floor":11},{"not_picked":["Warcry","Clash","Disarm","Wild Strike","Power Through"],"picked":"SKIP","floor":14},{"not_picked":["MostiFishMod:OrdinaryWorld","Offering","MostiFishMod:ChineseTea","Feed"],"picked":"MostiFishMod:DarkDeal","floor":16},{"not_picked":["Clash","Whirlwind","Headbutt","Body Slam","Pommel Strike"],"picked":"SKIP","floor":18},{"not_picked":["Perfected Strike","Sword Boomerang+1","Flex","Carnage","Cleave"],"picked":"SKIP","floor":19},{"not_picked":["Spot Weakness","Cleave","Warcry","Twin Strike","MostiFishMod:DarkDeal"],"picked":"SKIP","floor":24},{"not_picked":["Entrench","Warcry","Flex","MostiFishMod:BrandingRite","Headbutt"],"picked":"SKIP","floor":28},{"not_picked":["Heavy Blade","Armaments","Thunderclap","Flex","Battle Trance"],"picked":"SKIP","floor":29},{"not_picked":["Armaments","Rupture","Twin Strike","Headbutt","Pommel Strike"],"picked":"SKIP","floor":31}],"player_experience":287753,"relics_obtained":[{"floor":1.0,"key":"SynthV:TestCard"},{"floor":6,"key":"MostiFishMod:Haymaker"},{"floor":9,"key":"Matryoshka"},{"floor":13,"key":"Bronze Scales"},{"floor":13,"key":"Omamori"},{"floor":14,"key":"Gremlin Horn"},{"floor":24,"key":"Eternal Feather"},{"floor":26,"key":"Potion Belt"},{"floor":26,"key":"Sundial"},{"floor":29,"key":"Pear"}],"event_choices":[{"cards_removed":["Strike_R"],"damage_healed":0,"gold_gain":0,"player_choice":"Forget","damage_taken":0,"max_hp_gain":0,"max_hp_loss":0,"event_name":"Living Wall","floor":2,"gold_loss":0},{"damage_healed":0,"gold_gain":0,"player_choice":"Donut","damage_taken":0,"max_hp_gain":5,"max_hp_loss":0,"event_name":"Big Fish","floor":4,"gold_loss":0},{"cards_removed":["Strike_R"],"damage_healed":0,"gold_gain":0,"player_choice":"Card Removal","damage_taken":0,"max_hp_gain":0,"max_hp_loss":0,"event_name":"The Cleric","floor":5,"gold_loss":75},{"damage_healed":0,"gold_gain":0,"player_choice":"Success","damage_taken":5,"relics_obtained":["White Beast Statue"],"max_hp_gain":0,"max_hp_loss":0,"event_name":"Scrap Ooze","floor":8,"gold_loss":0},{"damage_healed":0,"gold_gain":0,"player_choice":"Ignored","damage_taken":0,"max_hp_gain":0,"max_hp_loss":0,"event_name":"Ghosts","floor":20,"gold_loss":0},{"damage_healed":0,"gold_gain":0,"player_choice":"Opened","damage_taken":0,"relics_obtained":["Unceasing Top"],"max_hp_gain":0,"max_hp_loss":0,"event_name":"The Mausoleum","floor":21,"gold_loss":0,"cards_obtained":["Writhe"]},{"damage_healed":0,"gold_gain":0,"player_choice":"Read","damage_taken":0,"max_hp_gain":0,"max_hp_loss":0,"event_name":"The Library","floor":30,"gold_loss":0,"cards_obtained":["Burning Pact"]}],"is_beta":false,"boss_relics":[{"not_picked":["RhineFirstAidKit","Runic Pyramid"],"picked":"GuanYuAspect"}],"items_purged_floors":[22],"is_endless":false,"potions_floor_spawned":[6,11,14,16,18,19,24,28,29,31],"killed_by":"Champ","ascension_level":20}}