{"host":"x730sfaw5rd1mxd8","time":1613601159,"event":{"mods":["BaseMod","BetterRewards","Colored Powertips","Highlight Path","Minty Spire (QoL Compilation)","Relic Sorter","Relic Stats","Replay The Spire","StSLib"],"gold_per_floor":[109,128,145,164,182,211,211,223,248,248,284,284,284,302,302,391,391,410,434,434,112,125,156,179,214,214,214,250,250,273,273,273,366,366,390,390,390,410,458,492,492,526,526,562,562,586,246,277,277,277,277,277,277,25,65,65],"floor_reached":57,"language":"ENG","playtime":3789,"items_purged":["Strike_R","Strike_R","Strike_R","Strike_R","Strike_R"],"score":3695,"play_id":"9a465ef7-7796-466a-a227-6aee69c53123","local_time":"20210217173239","is_ascension_mode":true,"campfire_choices":[{"data":"Cleave","floor":7.0,"key":"SMITH"},{"data":"Body Slam","floor":13.0,"key":"SMITH"},{"data":"Bash","floor":15.0,"key":"SMITH"},{"data":"Barricade","floor":27.0,"key":"SMITH"},{"data":"Demon Form","floor":32.0,"key":"SMITH"},{"floor":45.0,"key":"RECALL"},{"data":"Defend_R","floor":49.0,"key":"SMITH"},{"data":"Defend_R","floor":49.0,"key":"SMITH"},{"data":"Feel No Pain","floor":53,"key":"SMITH"},{"data":"Pommel Strike","floor":53,"key":"SMITH"}],"circlet_count":0,"master_deck":["AscendersBane","Defend_R","Defend_R","Defend_R+1","Defend_R+1","Bash+1","Shockwave+1","Bandage Up+1","Pot Of Greed+1","Pot Of Greed+1","Spot Weakness+1","Evolve+1","ReplayReversal+1","Feel No Pain+1","ReplayTheSpireMod:Limb From Limb+1","Burning Pact+1","Feel No Pain+1","Shrug It Off+1","Sword Boomerang","Hemokinesis","ReplayTheSpireMod:Stacked+1","ReplayTheSpireMod:Muscle Training+1","Pommel Strike+1","Pot Of Greed+1","Anger","Wild Strike","True Grit+1","Cleave+1","Sword Boomerang","Body Slam+1","Headbutt","Self Repair+1","Limit Break+1","Power Through+1","Twin Strike+1","Pot Of Greed+1","ReplayTheSpireMod:Muscle Training+1","Barricade+1","Demon Form+1","Rage+1","Ghostly+1","Ghostly+1","Ghostly+1","Reaper","Inflame","Offering+1","Entrench+1","Rage+1","Pot Of Greed+1","Sentinel+1","Shrug It Off+1"],"relics":["Toxic Egg 2","Grinning Jar","InkBottle","Blue Candle","Oddly Smooth Stone","Guide Book","Charon\u0027s Ashes","Regal Pillow","Golden Idol","Akabeko","Iron Core","Replay:Bronze Core","Torii","Omamori","ReplayTheSpireMod:Shallot","Replay:Bottled Steam","Pen Nib","MutagenicStrength","Painkiller Herb","ReplayTheSpireMod:Ring of Exchange","Blue Doll","Lantern","ReplayTheSpireMod:Lightbulb","Snack Pack","Lizard Tail","PreservedInsect","Sling","Replay:Arrowhead","Lee\u0027s Waffle","Garlic"],"acts_visited":["Exordium","TheCity","TheBeyond","TheEnding"],"potions_floor_usage":[51],"damage_taken":[{"damage":1.0,"enemies":"Jaw Worm","floor":1.0,"turns":2.0},{"damage":8.0,"enemies":"2 Louse","floor":2.0,"turns":2.0},{"damage":1.0,"enemies":"Small Slimes","floor":3.0,"turns":3.0},{"damage":0.0,"enemies":"2 Fungi Beasts","floor":4.0,"turns":4.0},{"damage":23.0,"enemies":"Exordium Thugs","floor":5.0,"turns":5.0},{"damage":24.0,"enemies":"Gremlin Nob","floor":6.0,"turns":4.0},{"damage":5.0,"enemies":"Gremlin Gang","floor":8.0,"turns":3.0},{"damage":22.0,"enemies":"Lagavulin","floor":11.0,"turns":5.0},{"damage":0.0,"enemies":"2 Fungi Beasts","floor":14.0,"turns":2.0},{"damage":1.0,"enemies":"Hexaghost","floor":16.0,"turns":7.0},{"damage":9.0,"enemies":"2 Thieves","floor":18.0,"turns":3.0},{"damage":35.0,"enemies":"Shell Parasite","floor":19.0,"turns":3.0},{"damage":0.0,"enemies":"Chosen and Byrds","floor":22.0,"turns":4.0},{"damage":7.0,"enemies":"Replay:Snechameleon","floor":23.0,"turns":5.0},{"damage":16.0,"enemies":"Snecko","floor":24.0,"turns":6.0},{"damage":53.0,"enemies":"Slavers","floor":25.0,"turns":4.0},{"damage":0.0,"enemies":"Gremlin Leader","floor":28.0,"turns":5.0},{"damage":9.0,"enemies":"Sentry and Sphere","floor":30.0,"turns":7.0},{"damage":41.0,"enemies":"Champ","floor":33.0,"turns":11.0},{"damage":2.0,"enemies":"3 Shapes","floor":35.0,"turns":5.0},{"damage":1.0,"enemies":"Orb Walker","floor":38.0,"turns":2.0},{"damage":0.0,"enemies":"Giant Head","floor":40.0,"turns":7.0},{"damage":10.0,"enemies":"Nemesis","floor":42.0,"turns":5.0},{"damage":6.0,"enemies":"Giant Head","floor":44.0,"turns":5.0},{"damage":1.0,"enemies":"Writhing Mass","floor":46.0,"turns":6.0},{"damage":25.0,"enemies":"Mind Bloom Boss Battle","floor":48.0,"turns":7.0},{"damage":16.0,"enemies":"Donu and Deca","floor":50.0,"turns":6.0},{"damage":42,"enemies":"Time Eater","floor":51,"turns":7},{"damage":1,"enemies":"Shield and Spear","floor":55,"turns":2},{"damage":54,"enemies":"The Heart","floor":56,"turns":10}],"seed_played":"-1486164927284458932","potions_obtained":[{"floor":4.0,"key":"BlessingOfTheForge"},{"floor":5.0,"key":"Ancient Potion"},{"floor":6.0,"key":"BloodPotion"},{"floor":14.0,"key":"Strength Potion"},{"floor":16.0,"key":"SkillPotion"},{"floor":19.0,"key":"Weak Potion"},{"floor":25.0,"key":"Fruit Juice"},{"floor":28.0,"key":"Venom Potion"},{"floor":30.0,"key":"Ancient Potion"},{"floor":33.0,"key":"Energy Potion"},{"floor":40.0,"key":"PowerPotion"}],"is_trial":false,"path_per_floor":["M","M","M","M","M","E","R","M","T","?","E","?","R","M","R","B",null,"M","M","?","$","M","E","M","E","T","R","E","?","M","?","R","B",null,"?","T","?","?","T","E","?","E","T","E","T","?","T","?","T","B","B",null,"T","T","E","B",null],"character_chosen":"IRONCLAD","items_purchased":["Toxic Egg 2","Shockwave+1","Bandage Up+1","Grinning Jar","Spot Weakness+1","Evolve","ReplayReversal+1","Feel No Pain","InkBottle","ReplayTheSpireMod:Limb From Limb+1","Burning Pact+1","Blue Candle","Feel No Pain","Shrug It Off+1","Sword Boomerang","Hemokinesis","Oddly Smooth Stone","Guide Book","ReplayTheSpireMod:Stacked+1","ReplayTheSpireMod:Muscle Training+1","Pommel Strike","Charon\u0027s Ashes","Anger","Torii","PreservedInsect","Sling","Lee\u0027s Waffle","Sentinel+1"],"campfire_rested":0,"item_purchase_floors":[0,0,0,0,0,0,0,0,0,0,0,0,0,0,0,0,0,0,0,0,0,0,0,21,47,47,54,54],"current_hp_per_floor":[75,75,75,75,64,52,52,59,59,33,23,23,23,29,29,44,67,64,45,45,45,51,60,54,32,32,32,53,40,37,37,37,12,33,40,40,40,40,40,40,40,40,40,40,40,40,40,40,40,40,20,35,35,47,47,11],"gold":65,"neow_bonus":"","is_daily":false,"chose_seed":false,"campfire_upgraded":9,"win_rate":0.0,"timestamp":1613601159,"path_taken":["M","M","M","M","M","E","R","M","T","?","E","?","R","M","R","BOSS","M","M","?","$","M","E","M","E","T","R","E","?","?","?","R","BOSS","?","T","?","?","?","E","?","E","T","E","T","?","T","?","T","BOSS","BOSS","T","T","E","BOSS"],"items_purchased_type":["Relic","Card","Card","Relic","Card","Card","Card","Card","Relic","Card","Card","Relic","Card","Card","Card","Card","Relic","Relic","Card","Card","Card","Relic","Card","Relic","Relic","Relic","Relic","Card"],"build_version":"2020-12-22","purchased_purges":5,"victory":true,"max_hp_per_floor":[75,75,75,75,75,75,75,75,75,75,75,75,75,75,75,75,75,75,75,75,75,75,75,75,75,75,75,80,40,40,40,40,40,40,40,40,40,40,40,40,40,40,40,40,40,40,40,40,40,40,40,40,40,47,47,47],"relic_stats":{"Regal Pillow":0,"Lizard Tail":67,"Lee\u0027s Waffle":12,"Torii":18,"counters":[767,3474],"Golden Idol":450,"Blue Candle":[0],"Charon\u0027s Ashes":[475],"Pen Nib":[11],"PreservedInsect":1021,"obtain_stats":[{"Golden Egg":8,"Replay:Accelerometer":52,"Whetstone":14,"Ginger":6,"Bottled Tornado":44,"Boot":53,"Sling":0,"Old Coin":47,"Ring of Searing":4,"Blood Vial":20,"Replay:Wanted Poster":34,"Replay:Ringing Soul":54,"Sundial":28,"Replay:Bronze Core":34,"MealTicket":27,"Fusion Hammer":19,"Replay:Bottled Flurry":0,"Necronomicon":21,"Kunai":53,"Replay:Wax Seal":43,"Electric Blood":17,"Replay:Bottled Steam":6,"Runic Cube":17,"Pear":9,"Blue Candle":30,"Counterbalance":11,"Velvet Choker":19,"Eternal Feather":9,"Pen Nib":28,"Akabeko":27,"SlaversCollar":17,"Bird Faced Urn":12,"MutagenicStrength":31,"Snecko Eye":17,"Pandora\u0027s Box":34,"Mark of Pain":0,"Kintsugi":17,"StrikeDummy":0,"Abe\u0027s Treasure":17,"Unceasing Top":49,"Regal Pillow":9,"Lantern":14,"Singing Bowl":10,"Torii":0,"Magic Flower":11,"StoneCalendar":14,"Painkiller Herb":17,"Blue Doll":27,"King of Hearts":12,"Bag of Preparation":9,"Cursed Key":34,"Smiling Mask":24,"Ancient Tea Set":40,"Burning Blood":0,"Pet Ghost":23,"Replay:Rubber Ducky":0,"Matryoshka":0,"Shovel":46,"WingedGreaves":8,"Chemical X":41,"Replay:Bottled Eggs":27,"Ring of Panic":45,"InkBottle":26,"Paper Frog":9,"Potion Belt":48,"Lee\u0027s Waffle":20,"Golden Idol":11,"Self Forming Clay":7,"Thread and Needle":50,"The Courier":14,"PreservedInsect":22,"Omamori":40,"Ring of Greed":45,"Frozen Egg 2":0,"MawBank":26,"Replay:Arrowhead":48,"Busted Crown":17,"Ornamental Fan":50,"Ring of Misfortune":20,"Orrery":0,"Turnip":46,"Art of War":40,"Garlic":32,"Durian":25,"Champion Belt":56,"Bottled Lightning":9,"ReplayTheSpireMod:Lightbulb":0,"Toy Ornithopter":25,"Ice Cream":14,"Divine Protection":42,"Calipers":6,"Tiny House":17,"Gremlin Horn":9,"CeramicFish":43,"Vajra":0,"Sozu":17,"Centennial Puzzle":9,"Lizard Tail":38,"HornCleat":28,"DollysMirror":43,"Strawberry":28,"Honey Jar":17,"Philosopher\u0027s Stone":17,"Iron Hammer":0,"Toxic Egg 2":9,"Girya":19,"Happy Flower":27,"Ring of Hypnosis":4,"ReplayTheSpireMod:CursedCoin":0,"Dead Branch":13,"Replay:Grab Bag":17,"Oddly Smooth Stone":26,"Charon\u0027s Ashes":39,"Letter Opener":25,"Replay:Kaleidoscope":50,"War Paint":8,"Question Card":0,"OrangePellets":53,"Replay:Baseball":38,"ReplayTheSpireMod:Spearhead":24,"ReplayTheSpireMod:Shallot":30,"Shuriken":55,"Bronze Scales":12,"Simple Rune":28,"Onion Ring":45,"Molten Egg 2":7,"ReplayTheSpireMod:TigerMarble":13,"Black Star":17,"Grinning Jar":25,"Pocketwatch":0,"Meat on the Bone":43,"NlothsMask":30,"Darkstone Periapt":5,"ReplayFunnel":19,"ReplayTheSpireMod:Ring of Exchange":37,"Iron Core":3,"Replay:PocketPolymizer":34,"Black Blood":17,"Mango":6,"Juzu Bracelet":42,"Incense Burner":12,"Replay:Mystery Machine":0,"Empty Cage":34,"ClockworkSouvenir":0,"Dream Catcher":43,"Nunchaku":38,"Replay:Bandana":0,"TheAbacus":0,"Chameleon Ring":24,"Mummified Hand":0,"Pantograph":23,"Gambling Chip":24,"Replay:Bottled Snecko":6,"Red Skull":6,"Runic Pyramid":34,"Gremlin Food":0,"BargainBundle":0,"ReplayTheSpireMod:Ninjato":0,"Replay:Towering Pillar of Hats":0,"Quantum Egg":32,"Guide Book":53,"Replay:WaspNest":0,"Orichalcum":48,"Odd Mushroom":10,"Medical Kit":53,"White Beast Statue":0,"Mercury Hourglass":43,"Calling Bell":34,"Cauldron":54,"Strange Spoon":47,"Anchor":10,"CaptainsWheel":49,"ChewingGum":17,"Another Sword":42,"Snack Pack":8,"Bag of Marbles":12,"Membership Card":0,"TungstenRod":40,"FossilizedHelix":28},{"Golden Egg":68,"Replay:Accelerometer":153,"Whetstone":70,"Ginger":401,"Bottled Tornado":247,"Boot":153,"Sling":360,"Old Coin":88,"Ring of Searing":546,"Blood Vial":26,"Replay:Wanted Poster":241,"Replay:Ringing Soul":220,"Sundial":108,"Replay:Bronze Core":311,"MealTicket":58,"Fusion Hammer":456,"Replay:Bottled Flurry":251,"Necronomicon":590,"Kunai":153,"Replay:Wax Seal":438,"Electric Blood":51,"Replay:Bottled Steam":364,"Runic Cube":682,"Pear":347,"Blue Candle":30,"Counterbalance":349,"Velvet Choker":72,"Eternal Feather":255,"Pen Nib":754,"Akabeko":138,"SlaversCollar":24,"Bird Faced Urn":22,"MutagenicStrength":755,"Snecko Eye":520,"Pandora\u0027s Box":208,"Mark of Pain":0,"Kintsugi":352,"StrikeDummy":543,"Abe\u0027s Treasure":102,"Unceasing Top":120,"Regal Pillow":275,"Lantern":324,"Singing Bowl":21,"Torii":186,"Magic Flower":49,"StoneCalendar":166,"Painkiller Herb":259,"Blue Doll":358,"King of Hearts":277,"Bag of Preparation":68,"Cursed Key":31,"Smiling Mask":106,"Ancient Tea Set":437,"Burning Blood":0,"Pet Ghost":56,"Replay:Rubber Ducky":93,"Matryoshka":93,"Shovel":151,"WingedGreaves":255,"Chemical X":114,"Replay:Bottled Eggs":78,"Ring of Panic":635,"InkBottle":377,"Paper Frog":226,"Potion Belt":119,"Lee\u0027s Waffle":340,"Golden Idol":5,"Self Forming Clay":97,"Thread and Needle":90,"The Courier":7,"PreservedInsect":11,"Omamori":245,"Ring of Greed":635,"Frozen Egg 2":14,"MawBank":106,"Replay:Arrowhead":763,"Busted Crown":8,"Ornamental Fan":120,"Ring of Misfortune":590,"Orrery":330,"Turnip":38,"Art of War":36,"Garlic":109,"Durian":719,"Champion Belt":92,"Bottled Lightning":129,"ReplayTheSpireMod:Lightbulb":93,"Toy Ornithopter":306,"Ice Cream":23,"Divine Protection":148,"Calipers":294,"Tiny House":619,"Gremlin Horn":20,"CeramicFish":115,"Vajra":221,"Sozu":338,"Centennial Puzzle":5,"Lizard Tail":567,"HornCleat":625,"DollysMirror":469,"Strawberry":13,"Honey Jar":231,"Philosopher\u0027s Stone":167,"Iron Hammer":155,"Toxic Egg 2":192,"Girya":134,"Happy Flower":203,"Ring of Hypnosis":546,"ReplayTheSpireMod:CursedCoin":155,"Dead Branch":165,"Replay:Grab Bag":279,"Oddly Smooth Stone":57,"Charon\u0027s Ashes":213,"Letter Opener":266,"Replay:Kaleidoscope":474,"War Paint":163,"Question Card":221,"OrangePellets":219,"Replay:Baseball":83,"ReplayTheSpireMod:Spearhead":202,"ReplayTheSpireMod:Shallot":206,"Shuriken":91,"Bronze Scales":6,"Simple Rune":78,"Onion Ring":116,"Molten Egg 2":226,"ReplayTheSpireMod:TigerMarble":132,"Black Star":407,"Grinning Jar":137,"Pocketwatch":41,"Meat on the Bone":601,"NlothsMask":690,"Darkstone Periapt":18,"ReplayFunnel":103,"ReplayTheSpireMod:Ring of Exchange":757,"Iron Core":188,"Replay:PocketPolymizer":433,"Black Blood":279,"Mango":19,"Juzu Bracelet":87,"Incense Burner":131,"Replay:Mystery Machine":93,"Empty Cage":722,"ClockworkSouvenir":123,"Dream Catcher":37,"Nunchaku":83,"Replay:Bandana":123,"TheAbacus":61,"Chameleon Ring":170,"Mummified Hand":155,"Pantograph":12,"Gambling Chip":27,"Replay:Bottled Snecko":161,"Red Skull":47,"Runic Pyramid":142,"Gremlin Food":155,"BargainBundle":251,"ReplayTheSpireMod:Ninjato":477,"Replay:Towering Pillar of Hats":444,"Quantum Egg":80,"Guide Book":249,"Replay:WaspNest":93,"Orichalcum":218,"Odd Mushroom":422,"Medical Kit":394,"White Beast Statue":155,"Mercury Hourglass":181,"Calling Bell":433,"Cauldron":574,"Strange Spoon":636,"Anchor":69,"CaptainsWheel":152,"ChewingGum":279,"Another Sword":181,"Snack Pack":48,"Bag of Marbles":257,"Membership Card":93,"TungstenRod":214,"FossilizedHelix":239},{"Golden Egg":270,"Replay:Accelerometer":693,"Whetstone":276,"Ginger":1860,"Bottled Tornado":1111,"Boot":693,"Sling":1690,"Old Coin":374,"Ring of Searing":2535,"Blood Vial":107,"Replay:Wanted Poster":1084,"Replay:Ringing Soul":1002,"Sundial":475,"Replay:Bronze Core":1396,"MealTicket":230,"Fusion Hammer":2097,"Replay:Bottled Flurry":1133,"Necronomicon":2746,"Kunai":693,"Replay:Wax Seal":2016,"Electric Blood":208,"Replay:Bottled Steam":1707,"Runic Cube":3141,"Pear":1608,"Blue Candle":123,"Counterbalance":1619,"Velvet Choker":287,"Eternal Feather":1149,"Pen Nib":3394,"Akabeko":613,"SlaversCollar":100,"Bird Faced Urn":86,"MutagenicStrength":3401,"Snecko Eye":2418,"Pandora\u0027s Box":935,"Mark of Pain":0,"Kintsugi":1635,"StrikeDummy":2528,"Abe\u0027s Treasure":449,"Unceasing Top":539,"Regal Pillow":1226,"Lantern":1469,"Singing Bowl":82,"Torii":830,"Magic Flower":200,"StoneCalendar":746,"Painkiller Herb":1169,"Blue Doll":1675,"King of Hearts":1234,"Bag of Preparation":270,"Cursed Key":130,"Smiling Mask":466,"Ancient Tea Set":2011,"Burning Blood":0,"Pet Ghost":224,"Replay:Rubber Ducky":411,"Matryoshka":411,"Shovel":679,"WingedGreaves":1149,"Chemical X":510,"Replay:Bottled Eggs":311,"Ring of Panic":2961,"InkBottle":1760,"Paper Frog":1023,"Potion Belt":538,"Lee\u0027s Waffle":1566,"Golden Idol":17,"Self Forming Clay":425,"Thread and Needle":385,"The Courier":25,"PreservedInsect":40,"Omamori":1101,"Ring of Greed":2961,"Frozen Egg 2":51,"MawBank":466,"Replay:Arrowhead":3449,"Busted Crown":30,"Ornamental Fan":539,"Ring of Misfortune":2746,"Orrery":1509,"Turnip":156,"Art of War":146,"Garlic":481,"Durian":3279,"Champion Belt":400,"Bottled Lightning":578,"ReplayTheSpireMod:Lightbulb":411,"Toy Ornithopter":1366,"Ice Cream":93,"Divine Protection":660,"Calipers":1310,"Tiny House":2877,"Gremlin Horn":78,"CeramicFish":521,"Vajra":1010,"Sozu":1554,"Centennial Puzzle":17,"Lizard Tail":2618,"HornCleat":2908,"DollysMirror":2147,"Strawberry":48,"Honey Jar":1045,"Philosopher\u0027s Stone":751,"Iron Hammer":713,"Toxic Egg 2":857,"Girya":598,"Happy Flower":908,"Ring of Hypnosis":2535,"ReplayTheSpireMod:CursedCoin":713,"Dead Branch":743,"Replay:Grab Bag":1251,"Oddly Smooth Stone":226,"Charon\u0027s Ashes":957,"Letter Opener":1198,"Replay:Kaleidoscope":2176,"War Paint":736,"Question Card":1010,"OrangePellets":999,"Replay:Baseball":343,"ReplayTheSpireMod:Spearhead":903,"ReplayTheSpireMod:Shallot":922,"Shuriken":395,"Bronze Scales":20,"Simple Rune":311,"Onion Ring":524,"Molten Egg 2":1023,"ReplayTheSpireMod:TigerMarble":589,"Black Star":1894,"Grinning Jar":609,"Pocketwatch":170,"Meat on the Bone":2794,"NlothsMask":3172,"Darkstone Periapt":65,"ReplayFunnel":454,"ReplayTheSpireMod:Ring of Exchange":3417,"Iron Core":838,"Replay:PocketPolymizer":1997,"Black Blood":1251,"Mango":73,"Juzu Bracelet":367,"Incense Burner":585,"Replay:Mystery Machine":411,"Empty Cage":3284,"ClockworkSouvenir":554,"Dream Catcher":151,"Nunchaku":343,"Replay:Bandana":554,"TheAbacus":244,"Chameleon Ring":764,"Mummified Hand":713,"Pantograph":44,"Gambling Chip":111,"Replay:Bottled Snecko":730,"Red Skull":189,"Runic Pyramid":629,"Gremlin Food":713,"BargainBundle":1133,"ReplayTheSpireMod:Ninjato":2194,"Replay:Towering Pillar of Hats":2046,"Quantum Egg":320,"Guide Book":1122,"Replay:WaspNest":411,"Orichalcum":988,"Odd Mushroom":1954,"Medical Kit":1829,"White Beast Statue":713,"Mercury Hourglass":808,"Calling Bell":1997,"Cauldron":2662,"Strange Spoon":2965,"Anchor":273,"CaptainsWheel":682,"ChewingGum":1251,"Another Sword":808,"Snack Pack":196,"Bag of Marbles":1159,"Membership Card":411,"TungstenRod":963,"FossilizedHelix":1074}],"InkBottle":[91]},"card_choices":[{"not_picked":["Dark Embrace","Armaments+1"],"picked":"Wild Strike","floor":1.0},{"not_picked":["Dropkick","Fire Breathing"],"picked":"True Grit+1","floor":2.0},{"not_picked":["Iron Wave","Massacre","Dual Wield+1"],"picked":"SKIP","floor":3.0},{"not_picked":["Iron Wave","Replay:Undeath\u0027s Touch","Dropkick"],"picked":"SKIP","floor":4.0},{"not_picked":["True Grit+1","Iron Wave"],"picked":"Cleave","floor":5.0},{"not_picked":["Armaments+1","Heavy Blade"],"picked":"Sword Boomerang","floor":6.0},{"not_picked":["Iron Wave","ReplayTheSpireMod:Strike From Hell"],"picked":"Body Slam","floor":8.0},{"not_picked":["Rampage","Double Tap+1"],"picked":"Headbutt","floor":11.0},{"not_picked":["ReplayReversal+1","Wild Strike","ReplayTheSpireMod:LeadingStrike"],"picked":"SKIP","floor":14.0},{"not_picked":["Fiend Fire","Bludgeon"],"picked":"Limit Break+1","floor":16.0},{"not_picked":["Headbutt","Anger"],"picked":"Power Through+1","floor":18.0},{"not_picked":["Clothesline","Heavy Blade"],"picked":"Twin Strike+1","floor":19.0},{"not_picked":["Heavy Blade","Flame Barrier+1"],"picked":"ReplayTheSpireMod:Muscle Training+1","floor":22.0},{"not_picked":["Dark Embrace","Run Through"],"picked":"Barricade","floor":23.0},{"not_picked":["ReplayTheSpireMod:Strike From Hell","Heavy Blade","Body Slam"],"picked":"SKIP","floor":24.0},{"not_picked":["Sword Boomerang","Replay:Undeath\u0027s Touch"],"picked":"Demon Form","floor":25.0},{"not_picked":["Twin Strike","Sword Boomerang","Rage+1"],"picked":"SKIP","floor":28.0},{"not_picked":["Twin Strike","Sword Boomerang"],"picked":"Rage+1","floor":28.0},{"not_picked":["Clothesline","Heavy Blade","Perfected Strike"],"picked":"SKIP","floor":30.0},{"not_picked":["Replay:Many Hands+1","Berserk"],"picked":"Reaper","floor":33.0},{"not_picked":["Combust","Warcry+1"],"picked":"Inflame","floor":35.0},{"not_picked":["ReplayTheSpireMod:Corrosion Curse+1","Armaments+1","Flex+1"],"picked":"SKIP","floor":38.0},{"not_picked":["Berserk","Wild Strike"],"picked":"Offering+1","floor":40.0},{"not_picked":["Cleave","ReplayTheSpireMod:Corrosion Curse+1","Wild Strike"],"picked":"SKIP","floor":42.0},{"not_picked":["Brutality","Sentinel+1","ReplayTheSpireMod:Muscle Training+1"],"picked":"SKIP","floor":44.0},{"not_picked":["Massacre+1","ReplayTheSpireMod:Strike From Hell"],"picked":"Entrench+1","floor":46.0},{"not_picked":["Spot Weakness+1","Replay:Undeath\u0027s Touch"],"picked":"Rage+1","floor":48.0},{"not_picked":["Sword Boomerang","Anger"],"picked":"Shrug It Off+1","floor":55}],"player_experience":4178110,"relics_obtained":[{"floor":6.0,"key":"Regal Pillow"},{"floor":11.0,"key":"Akabeko"},{"floor":23.0,"key":"Omamori"},{"floor":25.0,"key":"ReplayTheSpireMod:Shallot"},{"floor":26.0,"key":"Replay:Bottled Steam"},{"floor":28.0,"key":"Pen Nib"},{"floor":37.0,"key":"ReplayTheSpireMod:Ring of Exchange"},{"floor":39.0,"key":"Blue Doll"},{"floor":40.0,"key":"Lantern"},{"floor":42.0,"key":"ReplayTheSpireMod:Lightbulb"},{"floor":43.0,"key":"Snack Pack"},{"floor":44.0,"key":"Lizard Tail"},{"floor":48.0,"key":"Replay:Arrowhead"},{"floor":55,"key":"Garlic"}],"event_choices":[{"damage_healed":0.0,"max_hp_gain":0.0,"max_hp_loss":0.0,"gold_gain":0.0,"event_name":"Golden Idol","player_choice":"Take Damage","floor":10.0,"gold_loss":0.0,"damage_taken":26.0,"relics_obtained":["Golden Idol"]},{"damage_healed":0.0,"max_hp_gain":0.0,"max_hp_loss":0.0,"gold_gain":0.0,"event_name":"The Mausoleum","player_choice":"Ignored","floor":20.0,"gold_loss":0.0,"damage_taken":0.0},{"damage_healed":0.0,"max_hp_gain":0.0,"max_hp_loss":40.0,"gold_gain":0.0,"event_name":"Ghosts","player_choice":"Became a Ghost","floor":29.0,"gold_loss":0.0,"damage_taken":0.0,"cards_obtained":["Ghostly","Ghostly","Ghostly"]},{"damage_healed":0.0,"max_hp_gain":0.0,"max_hp_loss":0.0,"gold_gain":0.0,"event_name":"Drug Dealer","player_choice":"Inject Mutagens","floor":31.0,"gold_loss":0.0,"damage_taken":0.0,"relics_obtained":["MutagenicStrength"]},{"damage_healed":0.0,"max_hp_gain":0.0,"max_hp_loss":0.0,"gold_gain":0.0,"event_name":"Tomb of Lord Red Mask","player_choice":"Ignored","floor":41.0,"gold_loss":0.0,"damage_taken":0.0},{"damage_healed":0.0,"max_hp_gain":0.0,"max_hp_loss":0.0,"gold_gain":0.0,"event_name":"MindBloom","player_choice":"Fight","floor":48.0,"gold_loss":0.0,"damage_taken":0.0}],"is_beta":false,"boss_relics":[{"not_picked":["Runic Cube","Calling Bell"],"picked":"Replay:Bronze Core"},{"not_picked":["Snecko Heart","Pandora\u0027s Box"],"picked":"Painkiller Herb"}],"items_purged_floors":[0,0,0,0,0],"is_endless":false,"potions_floor_spawned":[4,5,6,14,16,19,25,28,30,33,40,44],"ascension_level":20}}