{"host":"ig9h5mtrygw4gu9r","time":1613548781,"event":{"mods":["2.2 Compatiblity","AchievementEnabler","BaseMod","Bestiary","Infinite Spire","Minty Spire (QoL Compilation)","Relic Stats","Replay The Spire","StSLib","The Servant 0.9.4"],"gold_per_floor":[118,43,43,57,71,71,11,31,31,58,58,74,102,118,118,222,222,232,249,348,101,101,127,140,113,113,113,148,125,138,158,158,263,263,277,295,54,54,64,75,106,122,168,207,207,221,240,271,271,382,382,398,412,362,311,319,327,336,345,424,425,192,200,208,208,208,296,296,307,309,309,323,333,362,362,56,108,120,132,243,255,267,279,428,440,488,548,605,667,235,257,275,130,130,208,244,292,292,301,301],"floor_reached":99,"language":"ENG","playtime":5069,"items_purged":["Strike_S","Strike_S","Defend_S"],"score":1653,"play_id":"78a26479-c669-4083-bed6-a8f990a17359","local_time":"20210216235941","is_ascension_mode":false,"campfire_choices":[{"data":"KidneyShot","floor":6.0,"key":"SMITH"},{"data":"SilverBlades","floor":11.0,"key":"SMITH"},{"data":"SurpressingFire","floor":15.0,"key":"SMITH"},{"data":"Sunlight","floor":32.0,"key":"SMITH"},{"data":"Mayhem","floor":45.0,"key":"SMITH"},{"floor":49.0,"key":"REST"},{"data":"Reprogram","floor":66.0,"key":"SMITH"},{"data":"Starlight","floor":75.0,"key":"SMITH"},{"data":"Jack Of All Trades","floor":83.0,"key":"SMITH"}],"circlet_count":0,"master_deck":["Defend_S","Defend_S","Dilation","SilverBlades+1","BottledTime","Ricochet","Luminosity","SurpressingFire+1","Sunlight+1","Contraction+1","FanOfKnives+1","Starlight","Starlight+1","Rearm","Luminosity","MurderousAura","SilverBlades","Mayhem+1","SilverBlades+1","BottledTime","Parasite","SurpressingFire+1","BottledTime","FanOfKnives+1","SilverBlades","Starlight+1","Reprogram+1","Reboot+1","KillingDoll+1","Starlight+1","Moonlight+1","Jack Of All Trades+1","J.A.X.","SurpressingFire","SurpressingFire","Ricochet+1","Pommel Strike+1"],"relics":["SplendidAttire","Ring of Fury","Ring of Hypnosis","Mercury Hourglass","infinitespire:Lucky Rock","Pear","ReplayTheSpireMod:Ninjato","StoneMask","Pan","Happy Flower","PreservedInsect","Snack Pack","infinitespire:Midas Blood","Toy Ornithopter","Replay:Rubber Ducky","Omamori","Empty Cage","ReplayTheSpireMod:TigerMarble","Molten Egg 2","HandDrill","SlaversCollar","Regal Pillow","Replay:Bandana","MawBank","Bottled Flame","Busted Crown","SacredBark","Chameleon Ring","Bottled Tornado","Eternal Feather","PrismaticShard","Smiling Mask","Turnip","Nunchaku","infinitespire:CheckeredPen"],"acts_visited":["Exordium","TheCity","TheBeyond","Exordium","TheCity","TheBeyond"],"potions_floor_usage":[91,92,96,96],"damage_taken":[{"damage":0.0,"enemies":"Small Slimes","floor":1.0,"turns":4.0},{"damage":0.0,"enemies":"Cultist","floor":4.0,"turns":4.0},{"damage":0.0,"enemies":"2 Louse","floor":5.0,"turns":3.0},{"damage":9.0,"enemies":"Looter","floor":8.0,"turns":3.0},{"damage":14.0,"enemies":"Gremlin Nob","floor":10.0,"turns":4.0},{"damage":3.0,"enemies":"Gremlin Gang","floor":12.0,"turns":3.0},{"damage":9.0,"enemies":"Lagavulin","floor":13.0,"turns":4.0},{"damage":2.0,"enemies":"Red Slaver","floor":14.0,"turns":4.0},{"damage":1.0,"enemies":"Fading Forest","floor":16.0,"turns":11.0},{"damage":7.0,"enemies":"Spheric Guardian","floor":18.0,"turns":3.0},{"damage":0.0,"enemies":"3 Byrds","floor":19.0,"turns":2.0},{"damage":25.0,"enemies":"Gremlin Leader","floor":23.0,"turns":5.0},{"damage":7.0,"enemies":"Snake Plant","floor":24.0,"turns":5.0},{"damage":0.0,"enemies":"Nightmare","floor":28.0,"turns":5.0},{"damage":0.0,"enemies":"Chosen and Byrds","floor":30.0,"turns":3.0},{"damage":2.0,"enemies":"Sentry and Sphere","floor":31.0,"turns":4.0},{"damage":50.0,"enemies":"Champ","floor":33.0,"turns":7.0},{"damage":10.0,"enemies":"3 Shapes","floor":35.0,"turns":1.0},{"damage":15.0,"enemies":"3 Darklings","floor":36.0,"turns":3.0},{"damage":7.0,"enemies":"Sphere and 2 Shapes","floor":39.0,"turns":3.0},{"damage":7.0,"enemies":"Jaw Worm Horde","floor":40.0,"turns":2.0},{"damage":2.0,"enemies":"Nemesis","floor":41.0,"turns":5.0},{"damage":8.0,"enemies":"4 Shapes","floor":42.0,"turns":2.0},{"damage":28.0,"enemies":"Reptomancer","floor":44.0,"turns":4.0},{"damage":1.0,"enemies":"Writhing Mass","floor":46.0,"turns":4.0},{"damage":11.0,"enemies":"Jaw Worm Horde","floor":47.0,"turns":2.0},{"damage":44.0,"enemies":"Nemesis","floor":48.0,"turns":5.0},{"damage":23.0,"enemies":"Replay:Hell Engine","floor":50.0,"turns":6.0},{"damage":0.0,"enemies":"Small Slimes","floor":52.0,"turns":2.0},{"damage":0.0,"enemies":"Cultist","floor":53.0,"turns":2.0},{"damage":0.0,"enemies":"2 Louse","floor":56.0,"turns":1.0},{"damage":72.0,"enemies":"Nightmare","floor":57.0,"turns":8.0},{"damage":0.0,"enemies":"Blue Slaver","floor":58.0,"turns":1.0},{"damage":0.0,"enemies":"2 Fungi Beasts","floor":59.0,"turns":2.0},{"damage":4.0,"enemies":"Looter","floor":61.0,"turns":3.0},{"damage":0.0,"enemies":"Exordium Thugs","floor":63.0,"turns":1.0},{"damage":19.0,"enemies":"Large Slime","floor":64.0,"turns":2.0},{"damage":27.0,"enemies":"Slime Boss","floor":67.0,"turns":6.0},{"damage":8.0,"enemies":"3 Byrds","floor":69.0,"turns":4.0},{"damage":28.0,"enemies":"2 Thieves","floor":72.0,"turns":2.0},{"damage":16.0,"enemies":"Chosen and Byrds","floor":73.0,"turns":2.0},{"damage":14.0,"enemies":"Book of Stabbing","floor":74.0,"turns":2.0},{"damage":20.0,"enemies":"Automaton","floor":84.0,"turns":5.0},{"damage":33,"enemies":"3 Darklings","floor":86,"turns":3},{"damage":25,"enemies":"3 Shapes","floor":88,"turns":2},{"damage":33,"enemies":"Sphere and 2 Shapes","floor":89,"turns":2},{"damage":0,"enemies":"R_Hoarder","floor":91,"turns":5},{"damage":19,"enemies":"Transient","floor":92,"turns":5},{"damage":24,"enemies":"2 Orb Walkers","floor":95,"turns":4},{"damage":39,"enemies":"3 Darklings","floor":96,"turns":4},{"damage":0,"enemies":"Giant Head","floor":97,"turns":2},{"damage":10,"enemies":"Writhing Mass","floor":99,"turns":1}],"seed_played":"4336554905942774754","potions_obtained":[{"floor":1.0,"key":"ColorlessPotion"},{"floor":10.0,"key":"AttackPotion"},{"floor":13.0,"key":"EssenceOfSteel"},{"floor":23.0,"key":"ColorlessPotion"},{"floor":33.0,"key":"Strength Potion"},{"floor":38.0,"key":"GamblersBrew"},{"floor":38.0,"key":"Death Potion"},{"floor":44.0,"key":"Explosive Potion"},{"floor":46.0,"key":"Adrenaline Potion"},{"floor":48.0,"key":"PowerPotion"},{"floor":50.0,"key":"Strength Potion"},{"floor":56.0,"key":"Explosive Potion"},{"floor":58.0,"key":"EntropicBrew"},{"floor":69.0,"key":"DuplicationPotion"},{"floor":86,"key":"LiquidMemories"},{"floor":95,"key":"Swift Potion"},{"floor":97,"key":"DuplicationPotion"}],"is_trial":false,"path_per_floor":["M","$","?","M","M","R","?","M","T","E","R","M","E","M","R","B",null,"M","M","?","$","?","E","M","$","T","?","NM","$","M","M","R","B",null,"M","M","$","?","M","M","E","M","T","E","R","M","M","E","R","B",null,"M","M","?","$","M","NM","M","M","T","M","$","M","M","?","R","B",null,"M","?","?","M","M","E","R","$","T","AVR","?","?","?","$","R","B",null,"M","?","M","M","$","E","M","$","T","?","M","E","AVR","M"],"character_chosen":"THE_SERVANT","items_purchased":["Pan","Starlight","Starlight","SilverBlades","Mayhem","BottledTime","HandDrill","SilverBlades","Replay:Bandana","Moonlight+1","Jack Of All Trades","Regen Potion","Bottled Tornado","PrismaticShard"],"campfire_rested":1,"item_purchase_floors":[21,25,29,37,37,55,62,62,76,76,76,90,90,93],"current_hp_per_floor":[65,65,65,65,65,65,65,56,56,52,52,49,40,38,38,47,75,71,79,79,79,79,57,53,53,53,53,56,56,64,68,68,25,87,86,74,74,74,76,80,81,85,85,60,60,62,60,19,51,49,110,112,113,113,113,115,48,51,57,57,56,56,62,46,46,46,46,127,124,96,96,79,69,60,60,60,60,60,60,60,60,60,60,57,141,111,55,39,15,15,54,47,47,47,31,5,10,10,0,0],"gold":301,"neow_bonus":"ONE_RANDOM_RARE_CARD","is_daily":false,"chose_seed":false,"campfire_upgraded":8,"win_rate":0.0,"timestamp":1613548781,"path_taken":["M","$","?","M","M","R","?","M","T","E","R","M","E","?","R","BOSS","M","M","?","$","?","E","?","?","T","?","NM","$","M","M","R","BOSS","M","M","$","?","M","M","E","M","T","E","R","M","M","E","R","BOSS","M","M","?","$","M","NM","M","M","T","M","$","M","M","?","R","BOSS","M","?","?","M","?","E","R","$","T","AVR","?","?","?","?","R","BOSS","M","?","M","M","$","E","M","$","T","?","M","E","AVR","M"],"items_purchased_type":["Relic","Card","Card","Card","Card","Card","Relic","Card","Relic","Card","Card","Potion","Relic","Relic"],"build_version":"2020-12-22","purchased_purges":3,"victory":false,"max_hp_per_floor":[65,65,65,65,65,65,65,65,65,75,75,75,75,75,75,75,75,76,79,79,79,79,80,81,81,81,81,82,82,84,86,86,87,87,90,91,91,91,94,97,98,102,102,103,103,104,107,108,108,110,110,112,113,113,113,115,116,117,119,119,120,120,122,123,123,123,127,127,130,135,135,137,139,140,140,140,140,140,140,140,140,140,140,141,141,142,142,145,148,148,149,150,150,150,152,153,154,154,154,154],"relic_stats":{"Regal Pillow":0,"Happy Flower":[44],"counters":[52,181],"Eternal Feather":0,"PreservedInsect":678,"MawBank":156,"Smiling Mask":0,"Mercury Hourglass":[714],"Nunchaku":[0],"Busted Crown":26,"Turnip":[0],"HandDrill":[8],"obtain_stats":[{"SplendidAttire":34,"Regal Pillow":74,"SacredBark":85,"Uniform":0,"Bottled Tornado":90,"Empty Cage":51,"PrismaticShard":93,"Smiling Mask":94,"Replay:Rubber Ducky":44,"Replay:Bandana":76,"Nunchaku":97,"Chameleon Ring":87,"HandDrill":62,"Pear":10,"ReplayTheSpireMod:Ninjato":13,"Ring of Hypnosis":3,"Happy Flower":23,"StoneMask":17,"Eternal Feather":91,"PreservedInsect":26,"Omamori":48,"infinitespire:Lucky Rock":9,"infinitespire:CheckeredPen":98,"MawBank":77,"Mercury Hourglass":7,"SlaversCollar":68,"Bottled Flame":78,"Busted Crown":78,"Ring of Fury":3,"Molten Egg 2":60,"Turnip":95,"Snack Pack":28,"ReplayTheSpireMod:TigerMarble":57,"Pan":21,"Toy Ornithopter":43,"infinitespire:Midas Blood":41},{"SplendidAttire":17,"Regal Pillow":42,"SacredBark":43,"Uniform":0,"Bottled Tornado":46,"Empty Cage":28,"PrismaticShard":48,"Smiling Mask":48,"Replay:Rubber Ducky":24,"Replay:Bandana":42,"Nunchaku":51,"Chameleon Ring":44,"HandDrill":35,"Pear":5,"ReplayTheSpireMod:Ninjato":7,"Ring of Hypnosis":1,"Happy Flower":12,"StoneMask":9,"Eternal Feather":47,"PreservedInsect":13,"Omamori":27,"infinitespire:Lucky Rock":4,"infinitespire:CheckeredPen":51,"MawBank":42,"Mercury Hourglass":3,"SlaversCollar":38,"Bottled Flame":42,"Busted Crown":42,"Ring of Fury":1,"Molten Egg 2":34,"Turnip":49,"Snack Pack":14,"ReplayTheSpireMod:TigerMarble":32,"Pan":11,"Toy Ornithopter":23,"infinitespire:Midas Blood":22},{"SplendidAttire":73,"Regal Pillow":148,"SacredBark":153,"Uniform":0,"Bottled Tornado":160,"Empty Cage":110,"PrismaticShard":170,"Smiling Mask":170,"Replay:Rubber Ducky":93,"Replay:Bandana":148,"Nunchaku":180,"Chameleon Ring":156,"HandDrill":129,"Pear":18,"ReplayTheSpireMod:Ninjato":25,"Ring of Hypnosis":4,"Happy Flower":50,"StoneMask":40,"Eternal Feather":165,"PreservedInsect":54,"Omamori":104,"infinitespire:Lucky Rock":14,"infinitespire:CheckeredPen":180,"MawBank":148,"Mercury Hourglass":11,"SlaversCollar":138,"Bottled Flame":148,"Busted Crown":148,"Ring of Fury":4,"Molten Egg 2":126,"Turnip":174,"Snack Pack":59,"ReplayTheSpireMod:TigerMarble":123,"Pan":45,"Toy Ornithopter":89,"infinitespire:Midas Blood":87}],"Toy Ornithopter":60},"card_choices":[{"not_picked":["BottledTime","RealityMarble"],"picked":"SilverBlades","floor":1.0},{"not_picked":["Rewind","TimeWarp","Gouge"],"picked":"SKIP","floor":4.0},{"not_picked":["Rewind","Replace"],"picked":"BottledTime","floor":5.0},{"not_picked":["Embodiment","Rewind"],"picked":"Ricochet","floor":8.0},{"not_picked":["Comet","DoubleEdge"],"picked":"Luminosity","floor":10.0},{"not_picked":["Defy","Collapse"],"picked":"SurpressingFire","floor":12.0},{"not_picked":["ShatteredReality","Spin","ShiftingGears"],"picked":"SKIP","floor":13.0},{"not_picked":["DoubleEdge","DualDimension","Hightail"],"picked":"SKIP","floor":14.0},{"not_picked":["FlawlessForm","Deny"],"picked":"Sunlight","floor":16.0},{"not_picked":["Potential","Replace"],"picked":"Contraction+1","floor":18.0},{"not_picked":["Shuttle","Replace"],"picked":"FanOfKnives+1","floor":19.0},{"not_picked":["Rewind","Replace","TimeWarp"],"picked":"SKIP","floor":23.0},{"not_picked":["Sabotage+1","Foresight","WasteNot+1"],"picked":"SKIP","floor":24.0},{"not_picked":["Potential+1","Spin","Defy"],"picked":"SKIP","floor":28.0},{"not_picked":["ShatteredReality","Starlight"],"picked":"Rearm","floor":30.0},{"not_picked":["Alleviate","FastForward"],"picked":"Luminosity","floor":31.0},{"not_picked":["Duplication","Dilation"],"picked":"MurderousAura","floor":33.0},{"not_picked":["Spin","Hightail","Rewind+1"],"picked":"SKIP","floor":35.0},{"not_picked":["TimeTheft","SpecialFormula","DoubleEdge"],"picked":"SKIP","floor":36.0},{"not_picked":["Replace+1","Ricochet"],"picked":"SilverBlades+1","floor":39.0},{"not_picked":["Rewind+1","DoubleEdge","ForgedInTime"],"picked":"SKIP","floor":40.0},{"not_picked":["Moondial","TrueSight","Ricochet"],"picked":"SKIP","floor":41.0},{"not_picked":["Collapse+1","Potential"],"picked":"BottledTime","floor":42.0},{"not_picked":["Defy","Rewind+1","Revamp+1"],"picked":"SKIP","floor":44.0},{"not_picked":["Defy","ShatteredReality","Unruled+1"],"picked":"SKIP","floor":46.0},{"not_picked":["Replace","Hightail+1","Reset+1"],"picked":"SKIP","floor":47.0},{"not_picked":["Moondial+1","ShatteredReality"],"picked":"SurpressingFire+1","floor":48.0},{"not_picked":["Alleviate","Revamp","Misdirection"],"picked":"SKIP","floor":52.0},{"not_picked":["Starlight","TimeWarp","Rearm"],"picked":"SKIP","floor":53.0},{"not_picked":["SpecialFormula","Spin","Starlight"],"picked":"SKIP","floor":56.0},{"not_picked":["TimeWarp","Rearm","Spin"],"picked":"SKIP","floor":57.0},{"not_picked":["Spin","ShatteredReality","DualDimension"],"picked":"SKIP","floor":58.0},{"not_picked":["DoubleEdge","Gouge","Barrier"],"picked":"SKIP","floor":59.0},{"not_picked":["Alleviate","ShatteredReality+1"],"picked":"FanOfKnives+1","floor":61.0},{"not_picked":["Revamp","TimeTheft","Defy"],"picked":"SKIP","floor":63.0},{"not_picked":["DoubleEdge+1","BottledTime"],"picked":"Starlight+1","floor":64.0},{"not_picked":["Solidify","Sunlight+1"],"picked":"KillingDoll+1","floor":67.0},{"not_picked":["Misdirection","Read+1","Alleviate"],"picked":"SKIP","floor":69.0},{"not_picked":["Alleviate","Snipe+1","DoubleEdge+1"],"picked":"SKIP","floor":72.0},{"not_picked":["Defy","Spin+1"],"picked":"Starlight+1","floor":73.0},{"not_picked":["ShiftingGears","TimeTheft","FanOfKnives+1"],"picked":"SKIP","floor":74.0},{"not_picked":["Rearm"],"picked":"SKIP","floor":86},{"not_picked":[],"picked":"SurpressingFire","floor":87},{"not_picked":[],"picked":"SurpressingFire","floor":88},{"not_picked":["Potential+1"],"picked":"SKIP","floor":89},{"not_picked":[],"picked":"Ricochet+1","floor":91},{"not_picked":["ShiftingGears"],"picked":"SKIP","floor":92},{"not_picked":[],"picked":"Pommel Strike+1","floor":96},{"not_picked":["Time Bomb"],"picked":"SKIP","floor":97}],"player_experience":419496,"relics_obtained":[{"floor":3.0,"key":"Ring of Fury"},{"floor":3.0,"key":"Ring of Hypnosis"},{"floor":9.0,"key":"infinitespire:Lucky Rock"},{"floor":10.0,"key":"Pear"},{"floor":13.0,"key":"ReplayTheSpireMod:Ninjato"},{"floor":23.0,"key":"Happy Flower"},{"floor":26.0,"key":"PreservedInsect"},{"floor":28.0,"key":"Snack Pack"},{"floor":41.0,"key":"infinitespire:Midas Blood"},{"floor":43.0,"key":"Toy Ornithopter"},{"floor":44.0,"key":"Replay:Rubber Ducky"},{"floor":48.0,"key":"Omamori"},{"floor":57.0,"key":"ReplayTheSpireMod:TigerMarble"},{"floor":60.0,"key":"Molten Egg 2"},{"floor":74.0,"key":"Regal Pillow"},{"floor":77.0,"key":"MawBank"},{"floor":87,"key":"Chameleon Ring"},{"floor":91,"key":"Eternal Feather"},{"floor":94,"key":"Smiling Mask"},{"floor":95,"key":"Turnip"},{"floor":97,"key":"Nunchaku"}],"event_choices":[{"damage_healed":0.0,"max_hp_gain":0.0,"max_hp_loss":0.0,"gold_gain":0.0,"event_name":"WeMeetAgain","player_choice":"Paid Gold","floor":7.0,"gold_loss":60.0,"damage_taken":0.0,"relics_obtained":["Mercury Hourglass"]},{"damage_healed":0.0,"max_hp_gain":0.0,"max_hp_loss":0.0,"gold_gain":99.0,"event_name":"Nest","player_choice":"Stole From Cult","floor":20.0,"gold_loss":0.0,"damage_taken":0.0},{"damage_healed":0.0,"max_hp_gain":0.0,"max_hp_loss":0.0,"gold_gain":0.0,"event_name":"N\u0027loth","player_choice":"Ignored","floor":22.0,"gold_loss":0.0,"damage_taken":0.0},{"damage_healed":0.0,"max_hp_gain":0.0,"max_hp_loss":0.0,"gold_gain":0.0,"event_name":"Ghosts","player_choice":"Ignored","floor":27.0,"gold_loss":0.0,"damage_taken":0.0},{"damage_healed":0.0,"max_hp_gain":0.0,"max_hp_loss":0.0,"gold_gain":0.0,"event_name":"Lab","player_choice":"Got Potions","floor":38.0,"gold_loss":0.0,"damage_taken":0.0},{"cards_removed":["Defend_S"],"damage_healed":0.0,"max_hp_gain":0.0,"max_hp_loss":0.0,"gold_gain":0.0,"event_name":"The Cleric","player_choice":"Card Removal","floor":54.0,"gold_loss":50.0,"damage_taken":0.0},{"damage_healed":0.0,"max_hp_gain":5.0,"max_hp_loss":0.0,"gold_gain":0.0,"event_name":"Forgotten Altar","player_choice":"Shed Blood","floor":70.0,"gold_loss":0.0,"damage_taken":33.0},{"damage_healed":0.0,"max_hp_gain":0.0,"max_hp_loss":0.0,"gold_gain":0.0,"cards_transformed":["Languid"],"event_name":"Transmorgrifier","player_choice":"Transformed","floor":71.0,"gold_loss":0.0,"damage_taken":0.0,"cards_obtained":["Voices"]},{"damage_healed":0.0,"max_hp_gain":0.0,"max_hp_loss":0.0,"gold_gain":0.0,"event_name":"Drug Dealer","player_choice":"Obtain J.A.X.","floor":79.0,"gold_loss":0.0,"damage_taken":0.0,"cards_obtained":["J.A.X."]},{"damage_healed":0.0,"max_hp_gain":0.0,"max_hp_loss":0.0,"gold_gain":99.0,"event_name":"Nest","player_choice":"Stole From Cult","floor":80.0,"gold_loss":0.0,"damage_taken":0.0},{"damage_healed":0.0,"max_hp_gain":0.0,"max_hp_loss":0.0,"gold_gain":0.0,"event_name":"Ghosts","player_choice":"Ignored","floor":81.0,"gold_loss":0.0,"damage_taken":0.0},{"damage_healed":0,"gold_gain":0,"player_choice":"Fight","damage_taken":0,"max_hp_gain":0,"max_hp_loss":0,"event_name":"Mysterious Sphere","floor":95,"gold_loss":0}],"is_beta":false,"boss_relics":[{"not_picked":["Kintsugi","Replay:Wanted Poster"],"picked":"StoneMask"},{"not_picked":["MysterySword","ReplayTheSpireMod:DimensionalGlitch"],"picked":"SplendidAttire"},{"not_picked":["Busted Crown","Runic Dome"],"picked":"Empty Cage"},{"not_picked":["Black Star","ReplayTheSpireMod:SealedPack"],"picked":"SlaversCollar"},{"not_picked":["ReplayTheSpireMod:DimensionalGlitch","Cursed Key"],"picked":"SacredBark"}],"items_purged_floors":[2,21,90],"is_endless":true,"potions_floor_spawned":[1,10,13,16,18,23,24,33,44,46,47,48,50,56,58,63,67,69,73,86,95,97],"killed_by":"Writhing Mass","ascension_level":0}}