{"host":"e4wnmsyty9uvvtwf","time":1613556493,"event":{"mods":["Act Like it!","BaseMod","Colored Map","Colored Powertips","Gensokyo","Minty Spire (QoL Compilation)","Reimu£®≤©¿ˆ¡È√Œ£©","StSLib"],"gold_per_floor":[119,119,134,59,59,90,90,90,90,104,104,123,151,164,164,259,259,274,154,154,174,190,221,28,44,67,67,93,12,12,240,240,342,342,352,368,384,384,396,396,427,443,443,443,475,502,521,541,541,541],"floor_reached":51,"language":"ZHS","playtime":3778,"items_purged":["Clumsy"],"score":1152,"play_id":"77048be4-0cc4-446b-b29e-96170bbf17fd","local_time":"20210217180813","is_ascension_mode":true,"campfire_choices":[{"data":"BlastKick2:ReiMu","floor":7,"key":"SMITH"},{"data":"NB:ReiMu","floor":11,"key":"SMITH"},{"floor":15,"key":"REST"},{"floor":27,"key":"REST"},{"data":"KamiRite:ReiMu","floor":30,"key":"SMITH"},{"data":"TakeOff:ReiMu","floor":32,"key":"SMITH"},{"data":"KamiRite:ReiMu","floor":40,"key":"SMITH"},{"data":"CardOfSanctity:ReiMu","floor":49,"key":"SMITH"}],"circlet_count":0,"master_deck":["Strike_Lin:ReiMu","Strike_Lin:ReiMu","Strike_Lin:ReiMu","Strike_Lin:ReiMu","Defend_Lin:ReiMu","Defend_Lin:ReiMu","Defend_Lin:ReiMu","Defend_Lin:ReiMu","NB:ReiMu+1","Stagnation:ReiMu","BlastKick2:ReiMu+1","Amulet:ReiMu","Conquer:ReiMu+1","PrayRite:ReiMu","SpreadBorder2:ReiMu","Revelation:ReiMu","RainPray2:ReiMu","SpreadBorder2:ReiMu","CeremonyResonance:ReiMu","PrepareRite:ReiMu+1","RainPray2:ReiMu+1","Meditation:ReiMu","FantasyMoon:ReiMu+1","TakeOff:ReiMu+1","KamiRite:ReiMu+1","KamiSacrifice:ReiMu","DoubleButterfly:ReiMu","KamiRite:ReiMu+1","FineLineFantasy:ReiMu+1","UpKicking:ReiMu+1","CardOfSanctity:ReiMu+1","RainPray2:ReiMu","FantasyMoon:ReiMu+1","Gensokyo:UnlikelyAid+1","HakureiPhantom:ReiMu","FantasyBorder:ReiMu"],"relics":["FlyPower:ReiMu","Gensokyo:NagashiBinaDoll","Happy Flower","Art of War","FadedRune:ReiMu","Sozu","Gensokyo:MaskOfHope","MealTicket","Bow_fan:ReiMu","Bag of Preparation","Centennial Puzzle","KaguraBell:ReiMu","Salt:ReiMu","Philosopher\u0027s Stone","Strawberry","Blue Candle","Mummified Hand","Akabeko","Vajra"],"acts_visited":["Exordium","Gensokyo:Gensokyo","Gensokyo:Gensokyoer"],"potions_floor_usage":[44,50],"damage_taken":[{"damage":0,"enemies":"Gensokyo:Python","floor":1,"turns":5},{"damage":8,"enemies":"Gensokyo:3_Fairies","floor":3,"turns":6},{"damage":20,"enemies":"Gensokyo:Mamizou","floor":6,"turns":9},{"damage":0,"enemies":"Gensokyo:Gryphon","floor":10,"turns":2},{"damage":0,"enemies":"Gensokyo:LivingMonolith","floor":12,"turns":3},{"damage":17,"enemies":"Gensokyo:Cirno","floor":13,"turns":5},{"damage":1,"enemies":"Gensokyo:3_Kodama","floor":14,"turns":4},{"damage":6,"enemies":"Gensokyo:Reimu","floor":16,"turns":12},{"damage":0,"enemies":"Gensokyo:CosmicMonolith","floor":18,"turns":4},{"damage":0,"enemies":"Gensokyo:AngelMirror","floor":21,"turns":3},{"damage":0,"enemies":"Gensokyo:Slime_Group","floor":22,"turns":6},{"damage":24,"enemies":"Gensokyo:Koishi","floor":23,"turns":9},{"damage":6,"enemies":"Gensokyo:Wraith","floor":25,"turns":6},{"damage":6,"enemies":"Gensokyo:Reisen","floor":28,"turns":5},{"damage":5,"enemies":"Gensokyo:Koishi","floor":31,"turns":7},{"damage":2,"enemies":"Gensokyo:Eiki","floor":33,"turns":8},{"damage":2,"enemies":"Gensokyo:3_Boulders","floor":35,"turns":4},{"damage":0,"enemies":"Gensokyo:AncientGuardian","floor":36,"turns":5},{"damage":8,"enemies":"Gensokyo:4_Bats","floor":37,"turns":4},{"damage":0,"enemies":"Gensokyo:Dusk_and_Dawn","floor":39,"turns":4},{"damage":1,"enemies":"Gensokyo:Kasen","floor":41,"turns":4},{"damage":0,"enemies":"Gensokyo:3_Boulders","floor":42,"turns":2},{"damage":0,"enemies":"Gensokyo:3_Boulders","floor":44,"turns":6},{"damage":0,"enemies":"Gensokyo:Marisa","floor":45,"turns":4},{"damage":4,"enemies":"Gensokyo:AtlasGolem","floor":47,"turns":4},{"damage":2,"enemies":"Gensokyo:4_Bats","floor":48,"turns":2},{"damage":0,"enemies":"Gensokyo:Yuyuko","floor":50,"turns":3}],"seed_played":"-1718950822911273317","potions_obtained":[{"floor":6,"key":"BottledKami:ReiMu"},{"floor":10,"key":"Swift Potion"},{"floor":12,"key":"ColorlessPotion"}],"is_trial":false,"path_per_floor":["M","?","M","$","?","E","R","?","T","M","R","M","E","M","R","B",null,"M","?","?","M","M","E","COS","M","T","R","E","$","R","E","R","B",null,"M","M","M","?","M","R","E","M","T","?","E","T","M","M","R","B",null],"character_chosen":"REIMU","items_purchased":["DoubleButterfly:ReiMu"],"campfire_rested":2,"item_purchase_floors":[29],"current_hp_per_floor":[59,59,51,51,51,31,31,31,31,31,31,31,14,13,32,26,55,55,55,55,55,55,31,31,25,25,44,38,53,53,48,48,46,60,58,58,50,57,57,57,56,56,56,56,56,56,52,50,50,50],"gold":541,"neow_bonus":"ONE_RANDOM_RARE_CARD","is_daily":false,"chose_seed":false,"campfire_upgraded":6,"win_rate":0.0,"timestamp":1613556493,"path_taken":["M","?","?","?","?","E","R","?","T","M","R","M","E","?","R","BOSS","M","?","?","M","?","E","COS","?","T","R","E","?","R","E","R","BOSS","M","M","M","?","M","R","E","M","T","?","E","?","M","?","R","BOSS"],"items_purchased_type":["Card"],"build_version":"2020-12-22","purchased_purges":1,"victory":true,"max_hp_per_floor":[65,65,65,65,65,65,65,65,65,65,65,65,65,65,65,65,65,65,65,65,65,65,65,65,65,65,65,65,65,65,65,65,65,65,65,65,65,72,72,72,72,72,72,72,72,72,72,72,72,72],"card_choices":[{"not_picked":["SafetyPray:ReiMu","RainPray2:ReiMu"],"picked":"Amulet:ReiMu","floor":1},{"not_picked":["SubcavityInstant:ReiMu","PrepareRite:ReiMu"],"picked":"Conquer:ReiMu","floor":3},{"not_picked":["TightArray:ReiMu","PrepareRite:ReiMu"],"picked":"PrayRite:ReiMu","floor":6},{"not_picked":["TightArray:ReiMu","Dreaming2:ReiMu"],"picked":"SpreadBorder2:ReiMu","floor":10},{"not_picked":["CollectionFlower2:ReiMu","TightArray:ReiMu"],"picked":"Revelation:ReiMu","floor":12},{"not_picked":["Intuition:ReiMu","PrepareRite:ReiMu"],"picked":"RainPray2:ReiMu","floor":13},{"not_picked":["FoulBorder2:ReiMu","Gathering:ReiMu"],"picked":"SpreadBorder2:ReiMu","floor":14},{"not_picked":["PrayRite:ReiMu","OctopathSalyBorderN:ReiMu"],"picked":"CeremonyResonance:ReiMu","floor":16},{"not_picked":["Conquer:ReiMu","Meditation:ReiMu+1"],"picked":"PrepareRite:ReiMu+1","floor":18},{"not_picked":["SpringWay:ReiMu","Meditation:ReiMu"],"picked":"RainPray2:ReiMu+1","floor":21},{"not_picked":["ForcedLanding:ReiMu","SubcavityInstant:ReiMu"],"picked":"Meditation:ReiMu","floor":22},{"not_picked":["Meditation:ReiMu+1","TakeOff:ReiMu"],"picked":"FantasyMoon:ReiMu+1","floor":23},{"not_picked":["UniversalSpiritual:ReiMu","InherentArray:ReiMu"],"picked":"TakeOff:ReiMu","floor":25},{"not_picked":["DependentForm:ReiMu","CleanRite:ReiMu"],"picked":"KamiRite:ReiMu","floor":28},{"not_picked":["WonderfulDomain:ReiMu","Amulet:ReiMu"],"picked":"KamiSacrifice:ReiMu","floor":28},{"not_picked":["Intuition:ReiMu","LearningPray:ReiMu","SubcavityInstant:ReiMu"],"picked":"SKIP","floor":31},{"not_picked":["Dreaming:ReiMu","Authority:ReiMu"],"picked":"KamiRite:ReiMu","floor":33},{"not_picked":["DoubleButterfly:ReiMu+1","CareerPray:ReiMu"],"picked":"FineLineFantasy:ReiMu+1","floor":35},{"not_picked":["SpreadBorder2:ReiMu+1","SafetyPray:ReiMu+1"],"picked":"UpKicking:ReiMu+1","floor":36},{"not_picked":["Meditation:ReiMu+1","AlertArray:ReiMu+1"],"picked":"CardOfSanctity:ReiMu","floor":37},{"not_picked":["KamiSacrifice:ReiMu+1","Dreaming2:ReiMu"],"picked":"RainPray2:ReiMu","floor":39},{"not_picked":["Crusade:ReiMu","Gathering:ReiMu+1"],"picked":"FantasyMoon:ReiMu+1","floor":41},{"not_picked":["AirStrike:ReiMu","SpreadBorder2:ReiMu+1","SafetyPray:ReiMu+1"],"picked":"SKIP","floor":42},{"not_picked":["Gensokyo:Dawn+1","Gensokyo:MorningStar+1"],"picked":"Gensokyo:UnlikelyAid+1","floor":44},{"not_picked":["Meditation:ReiMu","SubcavityInstant:ReiMu+1"],"picked":"HakureiPhantom:ReiMu","floor":45},{"not_picked":["CareerPray:ReiMu+1","YinYangSign:ReiMu+1"],"picked":"FantasyBorder:ReiMu","floor":47},{"not_picked":["SubcavityInstant:ReiMu+1","RainPray2:ReiMu","Meditation:ReiMu"],"picked":"SKIP","floor":48}],"player_experience":567493,"relics_obtained":[{"floor":6,"key":"Happy Flower"},{"floor":9,"key":"Art of War"},{"floor":13,"key":"FadedRune:ReiMu"},{"floor":23,"key":"MealTicket"},{"floor":26,"key":"Bow_fan:ReiMu"},{"floor":28,"key":"Bag of Preparation"},{"floor":31,"key":"KaguraBell:ReiMu"},{"floor":41,"key":"Blue Candle"},{"floor":43,"key":"Mummified Hand"},{"floor":45,"key":"Akabeko"},{"floor":46,"key":"Vajra"}],"event_choices":[],"is_beta":false,"boss_relics":[{"not_picked":["Runic Dome","DonationBox:ReiMu"],"picked":"Sozu"},{"not_picked":["Snecko Eye","Coffee Dripper"],"picked":"Philosopher\u0027s Stone"}],"items_purged_floors":[4],"is_endless":false,"potions_floor_spawned":[6,10,12,13,18,22,25,28,35,36,45,47],"ascension_level":8}}