{"host":"m9osufisr3agwk96","time":1613556321,"event":{"mods":["AchievementEnabler","Aspiration","Bard","BaseMod","Colored Map","Colored Powertips","Downfall","Duelist Mod","Friendly Minions","GifTheSpireLib","Gremlin Mod","Hermit","Hero for Fun","Highlight Path","Hubris","Infinite Spire","Minty Spire (QoL Compilation)","Rare Cards Sparkle","Reliquary","Replay The Spire","Shop Mod","StSLib","Td1madao Mod","The Cursed","The Hierophant","The Necromancer"],"gold_per_floor":[118,129,47,47,47,47,67,86,86,86,261,280,280,310,310,310,310],"floor_reached":16,"language":"ENG","playtime":685,"items_purged":[],"score":100,"play_id":"0fbe3cfb-4edd-4946-b224-a8723673fb2a","local_time":"20210217020521","is_ascension_mode":false,"campfire_choices":[{"floor":13,"key":"REST"},{"floor":15,"key":"REST"}],"circlet_count":0,"master_deck":["hermit:Strike_Hermit","hermit:Strike_Hermit","hermit:Strike_Hermit","hermit:Strike_Hermit","hermit:Defend_Hermit","hermit:Defend_Hermit","hermit:Defend_Hermit","hermit:Defend_Hermit","hermit:Snapshot","hermit:Covet","Impatience","hermit:FullyLoaded+1","hermit:TakeAim+1","hermit:FlashPowder","Regret","hermit:SprayPray","hermit:EyeOfTheStorm","Doubt","hermit:ItchyTrigger","hermit:HeroicBravado"],"relics":["hermit:Momento","Art of War","ReplayTheSpireMod:Ninjato","reliquary:Spinner"],"acts_visited":["Exordium"],"potions_floor_usage":[12,16],"damage_taken":[{"damage":0,"enemies":"Small Slimes","floor":1,"turns":3},{"damage":2,"enemies":"2 Louse","floor":2,"turns":4},{"damage":10,"enemies":"Jaw Worm","floor":7,"turns":4},{"damage":8,"enemies":"Blue Slaver","floor":8,"turns":4},{"damage":0,"enemies":"Large Slime","floor":12,"turns":5},{"damage":73,"enemies":"3 Sentries","floor":14,"turns":12},{"damage":27,"enemies":"Slime Boss","floor":16,"turns":10}],"seed_played":"4064637871924573651","potions_obtained":[{"floor":8,"key":"PowerPotion"},{"floor":14,"key":"Strength Potion"}],"is_trial":false,"path_per_floor":["M","M","$","?","?","R","M","M","T","?","?","M","R","E","R","B"],"character_chosen":"HERMIT","items_purchased":["hermit:FlashPowder"],"campfire_rested":2,"item_purchase_floors":[3],"current_hp_per_floor":[75,73,73,73,73,73,63,55,55,55,55,55,75,2,24,0,0],"gold":310,"neow_bonus":"RANDOM_COLORLESS","is_daily":false,"chose_seed":false,"campfire_upgraded":0,"win_rate":0.0,"timestamp":1613556321,"path_taken":["M","M","$","?","?","R","M","M","T","?","?","?","R","E","R","BOSS"],"items_purchased_type":["Card"],"build_version":"2020-12-22","purchased_purges":0,"victory":false,"max_hp_per_floor":[75,75,75,75,75,75,75,75,75,75,75,75,75,75,75,75,75],"card_choices":[{"not_picked":["Bandage Up","ReplayTheSpireMod:Trickstab"],"picked":"Impatience","floor":0},{"not_picked":["hermit:Gestalt","hermit:PistolWhip"],"picked":"hermit:FullyLoaded","floor":1},{"not_picked":["hermit:ItchyTrigger","hermit:LowProfile"],"picked":"hermit:TakeAim","floor":2},{"not_picked":["hermit:Scavenge","hermit:Dive"],"picked":"hermit:SprayPray","floor":7},{"not_picked":["hermit:FlashPowder","hermit:PistolWhip"],"picked":"hermit:EyeOfTheStorm","floor":8},{"not_picked":["hermit:Misfire","hermit:Midnight"],"picked":"hermit:ItchyTrigger","floor":12},{"not_picked":["hermit:CalledShot","hermit:HighCaliber"],"picked":"hermit:HeroicBravado","floor":14}],"player_experience":498725,"relics_obtained":[{"floor":9,"key":"ReplayTheSpireMod:Ninjato"},{"floor":14,"key":"reliquary:Spinner"}],"event_choices":[{"damage_healed":0,"gold_gain":0,"player_choice":"Box","damage_taken":0,"relics_obtained":["Art of War"],"max_hp_gain":0,"max_hp_loss":0,"event_name":"Big Fish","floor":4,"gold_loss":0,"cards_obtained":["Regret"]},{"damage_healed":0,"gold_gain":0,"player_choice":"Grow","damage_taken":0,"max_hp_gain":0,"max_hp_loss":0,"event_name":"Living Wall","floor":5,"gold_loss":0,"cards_upgraded":["hermit:FullyLoaded"]},{"damage_healed":0,"gold_gain":175,"player_choice":"AGREE","damage_taken":0,"max_hp_gain":0,"max_hp_loss":0,"event_name":"Liars Game","floor":11,"gold_loss":0,"cards_obtained":["Doubt"]}],"is_beta":false,"boss_relics":[],"items_purged_floors":[],"is_endless":false,"potions_floor_spawned":[8,14],"killed_by":"Slime Boss","ascension_level":0}}