{"host":"72n3jwtrlpjobydj","time":1613571705,"event":{"mods":["AchievementEnabler","BaseMod","CapriCore","DeckTracker","Hermit","Koishi","KomeijiMod","Lobotomy","Marisa£¨Ùöéë¡¡Øª×âÞÞ£©","Minty Spire (QoL Compilation)","Permanent Neow","StSLib","SuperFastMode","The Cursed","The Hierophant","The Immortal"],"gold_per_floor":[114,114,128,128,141,141,157,174,200,227,295,295,308,328,328,328,328],"floor_reached":16,"language":"KOR","playtime":356,"items_purged":[],"score":104,"play_id":"f0890837-574c-4bc7-98d4-80bd2e84a692","local_time":"20210217232145","is_ascension_mode":false,"campfire_choices":[{"floor":6,"key":"REST"},{"data":"Reaper","floor":15,"key":"SMITH"}],"circlet_count":0,"master_deck":["Strike_R","Strike_R","Strike_R","Strike_R","Strike_R","Defend_R","Defend_R","Defend_R","Bash","Intimidate","Battle Trance","Carnage","Ghostly Armor","Reaper+1"],"relics":["Burning Blood","Blood Vial","Vajra","Bag of Marbles"],"acts_visited":["Exordium"],"potions_floor_usage":[10,16,16,16],"damage_taken":[{"damage":0,"enemies":"Small Slimes","floor":1,"turns":3},{"damage":0,"enemies":"Cultist","floor":3,"turns":3},{"damage":7,"enemies":"2 Louse","floor":5,"turns":3},{"damage":7,"enemies":"Large Slime","floor":7,"turns":4},{"damage":5,"enemies":"2 Fungi Beasts","floor":8,"turns":3},{"damage":6,"enemies":"Gremlin Nob","floor":10,"turns":3},{"damage":2,"enemies":"Looter","floor":13,"turns":3},{"damage":8,"enemies":"Red Slaver","floor":14,"turns":3},{"damage":111,"enemies":"The Guardian","floor":16,"turns":11}],"seed_played":"-5421877413460450381","potions_obtained":[{"floor":1,"key":"Strength Potion"},{"floor":3,"key":"ColorlessPotion"},{"floor":7,"key":"Regen Potion"},{"floor":14,"key":"BloodPotion"}],"is_trial":false,"path_per_floor":["M","?","M","?","M","R","M","M","T","E","?","?","M","M","R","B"],"character_chosen":"IRONCLAD","items_purchased":[],"campfire_rested":1,"item_purchase_floors":[],"current_hp_per_floor":[80,80,80,47,48,72,73,76,76,80,80,80,80,78,78,0,0],"gold":328,"neow_bonus":"RANDOM_COMMON_RELIC","is_daily":false,"chose_seed":false,"campfire_upgraded":1,"win_rate":0.0,"timestamp":1613571705,"path_taken":["M","?","?","?","M","R","M","M","T","E","?","?","M","M","R","BOSS"],"items_purchased_type":[],"build_version":"2020-12-22","purchased_purges":0,"victory":false,"max_hp_per_floor":[80,80,80,80,80,80,80,80,80,80,80,80,80,80,80,80,80],"card_choices":[{"not_picked":["Sever Soul","Sword Boomerang"],"picked":"Intimidate","floor":1},{"not_picked":["Clothesline","Sword Boomerang"],"picked":"Carnage","floor":3},{"not_picked":["Clothesline","Bloodletting","Clash"],"picked":"SKIP","floor":5},{"not_picked":["Body Slam","Whirlwind","Wild Strike"],"picked":"SKIP","floor":7},{"not_picked":["Warcry","Anger"],"picked":"Ghostly Armor","floor":8},{"not_picked":["Demon Form","Hemokinesis"],"picked":"Reaper","floor":10},{"not_picked":["Battle Trance","Shrug It Off","Inflame"],"picked":"SKIP","floor":13},{"not_picked":["Clothesline","Spot Weakness","Anger"],"picked":"SKIP","floor":14}],"player_experience":66622,"relics_obtained":[{"floor":9,"key":"Bag of Marbles"}],"event_choices":[{"damage_healed":0,"gold_gain":0,"cards_transformed":["Defend_R"],"player_choice":"Transformed","damage_taken":0,"max_hp_gain":0,"max_hp_loss":0,"event_name":"Transmorgrifier","floor":2,"gold_loss":0,"cards_obtained":["Battle Trance"]},{"damage_healed":0,"gold_gain":0,"player_choice":"Success","damage_taken":33,"relics_obtained":["Vajra"],"max_hp_gain":0,"max_hp_loss":0,"event_name":"Scrap Ooze","floor":4,"gold_loss":0},{"damage_healed":0,"gold_gain":68,"player_choice":"Gained Gold","damage_taken":0,"max_hp_gain":0,"max_hp_loss":0,"event_name":"Golden Wing","floor":11,"gold_loss":0}],"is_beta":false,"boss_relics":[],"items_purged_floors":[],"is_endless":false,"potions_floor_spawned":[1,3,7,8,14],"killed_by":"The Guardian","ascension_level":0}}