{"host":"9vecvdjkx64cw9bo","time":1613559152,"event":{"mods":["Ascension Unlocker","BaseMod","Custom Start","Keyboard Shortcuts","Minty Spire (QoL Compilation)","Quick Restart","StSLib","SuperFastMode"],"gold_per_floor":[116,136,146,146,146,181,204,243,320,142,163,177,177,216,216,315,378,391,415,415,436,48,79,79,117,117,117,117,19,19,40,40,134,134,147,147,480,500,514,541,569,581,593,309,325,337,351,383,383,383,383,383,383,64,97,97],"floor_reached":57,"language":"KOR","playtime":1256,"items_purged":["Pommel Strike","Defend_R+1","Impatience+1"],"score":3148,"play_id":"38ef5f76-7ee5-4a98-9efc-ba5454937308","local_time":"20210217195232","is_ascension_mode":true,"campfire_choices":[{"data":"Trip","floor":13.0,"key":"SMITH"},{"data":"Exhume","floor":15.0,"key":"SMITH"},{"data":"Impervious","floor":24.0,"key":"SMITH"},{"floor":27.0,"key":"RECALL"},{"data":"Impatience","floor":32.0,"key":"SMITH"},{"floor":42.0,"key":"REST"},{"data":"Burning Pact","floor":49.0,"key":"SMITH"},{"data":"Rage","floor":53.0,"key":"SMITH"}],"circlet_count":0,"master_deck":["AscendersBane","Flex+1","Battle Trance+1","Whirlwind+1","Exhume+1","Trip+1","Impervious+1","Flex+1","Warcry+1","Double Tap","Rage+1","Burning Pact+1","Sentinel+1","Second Wind+1"],"relics":["Burning Blood","Pocketwatch","Ginger","HornCleat","Nunchaku","Tiny House","Paper Frog","Question Card","FossilizedHelix","Singing Bowl","Runic Dome","MawBank","Bottled Flame","Centennial Puzzle","Orrery","Torii"],"acts_visited":["Exordium","TheCity","TheBeyond","TheEnding"],"potions_floor_usage":[],"damage_taken":[{"damage":0.0,"enemies":"2 Louse","floor":1.0,"turns":2.0},{"damage":0.0,"enemies":"Small Slimes","floor":2.0,"turns":1.0},{"damage":2.0,"enemies":"Jaw Worm","floor":3.0,"turns":2.0},{"damage":15.0,"enemies":"3 Sentries","floor":6.0,"turns":3.0},{"damage":0.0,"enemies":"Exordium Wildlife","floor":7.0,"turns":1.0},{"damage":0.0,"enemies":"Gremlin Nob","floor":8.0,"turns":2.0},{"damage":10.0,"enemies":"3 Louse","floor":11.0,"turns":2.0},{"damage":0.0,"enemies":"Exordium Thugs","floor":12.0,"turns":1.0},{"damage":0.0,"enemies":"3 Sentries","floor":14.0,"turns":1.0},{"damage":0.0,"enemies":"Slime Boss","floor":16.0,"turns":4.0},{"damage":0.0,"enemies":"Chosen","floor":18.0,"turns":2.0},{"damage":10.0,"enemies":"3 Byrds","floor":19.0,"turns":2.0},{"damage":0.0,"enemies":"Snake Plant","floor":21.0,"turns":2.0},{"damage":31.0,"enemies":"Book of Stabbing","floor":23.0,"turns":3.0},{"damage":0.0,"enemies":"Slavers","floor":25.0,"turns":1.0},{"damage":0.0,"enemies":"Snecko","floor":31.0,"turns":4.0},{"damage":21.0,"enemies":"Collector","floor":33.0,"turns":5.0},{"damage":0.0,"enemies":"3 Shapes","floor":35.0,"turns":2.0},{"damage":0.0,"enemies":"3 Darklings","floor":38.0,"turns":1.0},{"damage":0.0,"enemies":"Transient","floor":39.0,"turns":6.0},{"damage":0.0,"enemies":"Nemesis","floor":40.0,"turns":3.0},{"damage":0.0,"enemies":"Writhing Mass","floor":41.0,"turns":3.0},{"damage":0.0,"enemies":"Spire Growth","floor":45.0,"turns":2.0},{"damage":0.0,"enemies":"Sphere and 2 Shapes","floor":46.0,"turns":1.0},{"damage":0.0,"enemies":"Maw","floor":47.0,"turns":2.0},{"damage":0.0,"enemies":"Giant Head","floor":48.0,"turns":4.0},{"damage":80.0,"enemies":"Awakened One","floor":50.0,"turns":6.0},{"damage":15.0,"enemies":"Donu and Deca","floor":51.0,"turns":3.0},{"damage":10,"enemies":"Shield and Spear","floor":55,"turns":3},{"damage":126,"enemies":"The Heart","floor":56,"turns":5}],"seed_played":"-8119548423189656586","potions_obtained":[{"floor":1.0,"key":"FearPotion"},{"floor":8.0,"key":"EssenceOfSteel"},{"floor":19.0,"key":"ElixirPotion"},{"floor":21.0,"key":"Regen Potion"},{"floor":38.0,"key":"DistilledChaos"}],"is_trial":false,"path_per_floor":["M","M","M","?","?","E","M","E","T","$","M","M","R","E","R","B",null,"M","M","?","M","$","E","R","E","T","R","?","$","?","M","R","B",null,"M","?","?","M","M","E","M","R","T","$","M","M","M","E","R","B","B",null,"R","$","E","B",null],"character_chosen":"IRONCLAD","items_purchased":["Trip","Paper Frog","Impatience","Double Tap","Centennial Puzzle","Orrery"],"campfire_rested":1,"item_purchase_floors":[10,22,29,44,54,54],"current_hp_per_floor":[74,75,75,49,42,33,39,45,45,45,41,47,47,53,53,59,76,80,76,76,80,80,55,55,61,61,61,61,61,61,69,69,56,77,83,80,80,82,82,84,86,86,86,86,88,90,90,90,90,16,16,72,72,78,76,84],"gold":97,"neow_bonus":"ONE_RANDOM_RARE_CARD","is_daily":false,"chose_seed":false,"campfire_upgraded":6,"win_rate":0.0,"timestamp":1613559152,"path_taken":["M","M","M","?","?","E","M","E","T","$","M","M","R","E","R","BOSS","M","M","?","M","$","E","R","E","T","R","?","?","?","?","R","BOSS","M","?","?","M","M","E","M","R","T","$","M","M","M","E","R","BOSS","BOSS","R","$","E","BOSS"],"items_purchased_type":["Card","Relic","Card","Card","Relic","Relic"],"build_version":"2020-12-22","purchased_purges":3,"victory":true,"max_hp_per_floor":[75,75,75,75,75,75,75,75,75,75,75,75,75,75,75,75,80,80,80,80,80,80,80,80,80,80,80,80,80,80,82,82,84,84,84,80,80,82,82,84,86,86,86,86,88,90,90,90,90,90,90,90,90,96,98,98],"card_choices":[{"not_picked":["Feel No Pain","Havoc"],"picked":"Pommel Strike","floor":1.0},{"not_picked":["Perfected Strike","Heavy Blade","Ghostly Armor"],"picked":"SKIP","floor":2.0},{"not_picked":["Warcry","Sword Boomerang","Clothesline"],"picked":"SKIP","floor":3.0},{"not_picked":["Clothesline","Corruption","Infernal Blade"],"picked":"SKIP","floor":6.0},{"not_picked":["Cleave","Anger","Thunderclap"],"picked":"SKIP","floor":7.0},{"not_picked":["Intimidate","Rupture","Pommel Strike"],"picked":"SKIP","floor":8.0},{"not_picked":["Burning Pact","Iron Wave","Sever Soul"],"picked":"SKIP","floor":11.0},{"not_picked":["Heavy Blade","Sword Boomerang","Shrug It Off"],"picked":"SKIP","floor":12.0},{"not_picked":["Headbutt","Shrug It Off","Rampage"],"picked":"SKIP","floor":14.0},{"not_picked":["Reckless Charge","Clash","Havoc"],"picked":"SKIP","floor":18.0},{"not_picked":["Sword Boomerang","Shrug It Off","Headbutt"],"picked":"SKIP","floor":19.0},{"not_picked":["True Grit","Carnage","Rupture"],"picked":"SKIP","floor":21.0},{"not_picked":["Spot Weakness","Cleave"],"picked":"Impervious","floor":23.0},{"not_picked":["Disarm","Dark Embrace","Pommel Strike","Shrug It Off"],"picked":"SKIP","floor":25.0},{"not_picked":["Twin Strike","Wild Strike","Ghostly Armor+1","Hemokinesis"],"picked":"Singing Bowl","floor":31.0},{"not_picked":["Exhume","Feed","Brutality","Impervious"],"picked":"Singing Bowl","floor":33.0},{"not_picked":["Armaments","Anger+1","Clash"],"picked":"Flex+1","floor":35.0},{"not_picked":["Intimidate","Shockwave","Pommel Strike","Carnage"],"picked":"Singing Bowl","floor":38.0},{"not_picked":["Armaments+1","Cleave","Headbutt"],"picked":"Warcry+1","floor":39.0},{"not_picked":["Twin Strike+1","Clothesline+1","Headbutt","Heavy Blade"],"picked":"Singing Bowl","floor":40.0},{"not_picked":["Rupture","Power Through","Clothesline","Clash+1"],"picked":"Singing Bowl","floor":41.0},{"not_picked":["Whirlwind","Cleave","Entrench+1","Sever Soul"],"picked":"Singing Bowl","floor":45.0},{"not_picked":["Disarm","Battle Trance","Immolate","Entrench"],"picked":"Singing Bowl","floor":46.0},{"not_picked":["Ghostly Armor","Blood for Blood","Dual Wield"],"picked":"Rage","floor":47.0},{"not_picked":["Ghostly Armor","Thunderclap","Sentinel"],"picked":"Burning Pact","floor":48.0},{"not_picked":["Clash+1","Disarm+1","Reckless Charge"],"picked":"Sentinel+1","floor":54},{"not_picked":["Feel No Pain","Carnage","Intimidate","Rampage"],"picked":"Singing Bowl","floor":54},{"not_picked":["Carnage","Infernal Blade","Uppercut","True Grit"],"picked":"Singing Bowl","floor":54},{"not_picked":["Armaments+1","Bludgeon","Clash","Iron Wave"],"picked":"Singing Bowl","floor":54},{"not_picked":["Metallicize","Shockwave","Armaments"],"picked":"Second Wind+1","floor":54},{"not_picked":["Armaments+1","Corruption","Twin Strike","Body Slam"],"picked":"Singing Bowl","floor":55}],"player_experience":788651,"relics_obtained":[{"floor":6.0,"key":"Pocketwatch"},{"floor":8.0,"key":"Ginger"},{"floor":9.0,"key":"HornCleat"},{"floor":14.0,"key":"Nunchaku"},{"floor":23.0,"key":"Question Card"},{"floor":25.0,"key":"FossilizedHelix"},{"floor":26.0,"key":"Singing Bowl"},{"floor":40.0,"key":"MawBank"},{"floor":48.0,"key":"Bottled Flame"},{"floor":55,"key":"Torii"}],"event_choices":[{"damage_healed":0.0,"max_hp_gain":0.0,"max_hp_loss":0.0,"gold_gain":0.0,"event_name":"Golden Idol","player_choice":"Take Damage","floor":4.0,"gold_loss":0.0,"damage_taken":26.0,"relics_obtained":["Golden Idol"]},{"cards_removed":["Defend_R"],"damage_healed":0.0,"max_hp_gain":0.0,"max_hp_loss":0.0,"gold_gain":0.0,"event_name":"Golden Wing","player_choice":"Card Removal","floor":5.0,"gold_loss":0.0,"damage_taken":7.0},{"damage_healed":0.0,"max_hp_gain":0.0,"max_hp_loss":0.0,"gold_gain":0.0,"event_name":"Ghosts","player_choice":"Ignored","floor":20.0,"gold_loss":0.0,"damage_taken":0.0},{"damage_healed":0.0,"max_hp_gain":0.0,"max_hp_loss":0.0,"gold_gain":0.0,"event_name":"The Mausoleum","player_choice":"Ignored","floor":28.0,"gold_loss":0.0,"damage_taken":0.0},{"damage_healed":0.0,"max_hp_gain":0.0,"max_hp_loss":0.0,"gold_gain":0.0,"event_name":"Back to Basics","player_choice":"Simplicity","floor":30.0,"gold_loss":0.0,"damage_taken":0.0,"cards_upgraded":[]},{"damage_healed":0.0,"max_hp_gain":0.0,"max_hp_loss":4.0,"gold_gain":0.0,"event_name":"Winding Halls","player_choice":"Max HP","floor":36.0,"gold_loss":0.0,"damage_taken":0.0},{"damage_healed":0.0,"max_hp_gain":0.0,"max_hp_loss":0.0,"gold_gain":333.0,"event_name":"The Moai Head","player_choice":"Gave Idol","floor":37.0,"relics_lost":["Golden Idol"],"gold_loss":0.0,"damage_taken":0.0}],"is_beta":false,"boss_relics":[{"not_picked":["Velvet Choker","Pandora\u0027s Box"],"picked":"Tiny House"},{"not_picked":["Runic Cube","Empty Cage"],"picked":"Runic Dome"}],"items_purged_floors":[10,22,44],"is_endless":false,"potions_floor_spawned":[1,8,12,14,19,21,23,31,38,39,47,48],"ascension_level":20}}