{"host":"p7cjtxxrilhp4dw7","time":1613596984,"event":{"mods":["BaseMod","Block Reminder","Colored Map","Curses Come First","Downfall","Highlight Path","Minty Spire (QoL Compilation)","StSLib"],"gold_per_floor":[199,215,215,231,60,60,60,60,45,45,77,94,94,94,114,211,211,111,127,227,227,76,76,76,101,101,120,155,175,75,95,106,203,203,203,216,235,235,235,248,322,322,334,100,127,142,142,9,21,21],"floor_reached":51,"language":"ENG","playtime":5607,"items_purged":[],"score":889,"play_id":"25c833d6-1b3a-44a4-9a62-b56580b9a71d","local_time":"20210217142304","is_ascension_mode":true,"campfire_choices":[{"floor":1,"key":"RECALL"},{"data":"Guardian:GatlingBeam","floor":6,"key":"SMITH"},{"data":"Guardian:TwinSlam","floor":8,"key":"SMITH"},{"floor":13,"key":"REST"},{"data":"Guardian:ChargeUp","floor":18,"key":"SMITH"},{"floor":26,"key":"REST"},{"floor":30,"key":"REST"},{"data":"expansioncontent:DashGenerateEvil","floor":35,"key":"SMITH"},{"data":"Guardian:Orbwalk","floor":47,"key":"SMITH"}],"circlet_count":0,"master_deck":["Guardian:Strike_Guardian+1","Guardian:Strike_Guardian+1","Guardian:Defend_Guardian+1","Guardian:Defend_Guardian+1","Guardian:Defend_Guardian+1","Guardian:CurlUp","Guardian:TwinSlam+1","Guardian:GatlingBeam+1","Guardian:Preprogram","Guardian:ChargeUp+1","Guardian:TemporalShield","Guardian:Incinerate","Guardian:GatlingBeam","Guardian:VentSteam+1","Guardian:StasisStrike","Guardian:PiercingHide","Guardian:Recover+1","Guardian:ShieldCharger+1","Guardian:BronzeOrb","expansioncontent:DashGenerateEvil+1","Guardian:ChargeUp","Guardian:ConstructionForm","CurseOfTheBell","Guardian:BodySlam","Guardian:TemporalStrike+1","Guardian:PolyBeam","Guardian:Incinerate","Guardian:Orbwalk+1","Guardian:PrimingBeam+1","expansioncontent:QuickStudy","Guardian:TimeSifter"],"relics":["Guardian:ModeShifter","Oddly Smooth Stone","Pear","Singing Bowl","Empty Cage","downfall:HeartBlessingRed","Guardian:SackOfGems","Slimebound:PreparedRelic","HornCleat","TungstenRod","Nunchaku","downfall:HeartBlessingGreen","Guardian:BottledStasis","Calling Bell","Omamori","Meat on the Bone","Unceasing Top","Guardian:StasisEgg","The Courier","Incense Burner","Orichalcum"],"acts_visited":["Exordium","TheCity","TheBeyond"],"potions_floor_usage":[19,19,25,25,25,33,50,50],"damage_taken":[{"damage":2,"enemies":"Jaw Worm","floor":2,"turns":5},{"damage":0,"enemies":"Cultist","floor":4,"turns":4},{"damage":0,"enemies":"downfall:FleeingMerchant","floor":5,"turns":4},{"damage":9,"enemies":"downfall:FleeingMerchant","floor":9,"turns":4},{"damage":9,"enemies":"3 Sentries","floor":11,"turns":11},{"damage":0,"enemies":"2 Louse","floor":12,"turns":3},{"damage":0,"enemies":"2 Fungi Beasts","floor":15,"turns":4},{"damage":32,"enemies":"DF_ARCHETYPE_STREAMLINE","floor":16,"turns":14},{"damage":8,"enemies":"downfall:LooterAlt2","floor":19,"turns":5},{"damage":2,"enemies":"SI_SHIV_ARCHETYPE","floor":20,"turns":5},{"damage":2,"enemies":"downfall:FleeingMerchant","floor":22,"turns":4},{"damage":21,"enemies":"Gremlin Leader","floor":25,"turns":6},{"damage":0,"enemies":"Spheric Guardian","floor":27,"turns":3},{"damage":26,"enemies":"Slavers","floor":28,"turns":8},{"damage":0,"enemies":"Snecko","floor":29,"turns":4},{"damage":0,"enemies":"downfall:FleeingMerchant","floor":31,"turns":4},{"damage":0,"enemies":"3 Cultists","floor":32,"turns":4},{"damage":0,"enemies":"WA_ARCHETYPE_CALM","floor":33,"turns":8},{"damage":0,"enemies":"3 Shapes","floor":36,"turns":5},{"damage":0,"enemies":"3 Darklings","floor":37,"turns":2},{"damage":0,"enemies":"Maw","floor":40,"turns":6},{"damage":0,"enemies":"4 Shapes","floor":43,"turns":4},{"damage":0,"enemies":"Giant Head","floor":45,"turns":8},{"damage":0,"enemies":"Sphere and 2 Shapes","floor":46,"turns":3},{"damage":0,"enemies":"3 Darklings","floor":49,"turns":3},{"damage":97,"enemies":"IC_BLOCK_ARCHETYPE","floor":50,"turns":13}],"seed_played":"-6312575693704539801","potions_obtained":[{"floor":11,"key":"BlessingOfTheForge"},{"floor":12,"key":"LiquidMemories"},{"floor":16,"key":"Swift Potion"},{"floor":19,"key":"LiquidMemories"},{"floor":20,"key":"Weak Potion"},{"floor":29,"key":"GamblersBrew"},{"floor":32,"key":"champ:CounterPotion"},{"floor":40,"key":"BlessingOfTheForge"},{"floor":42,"key":"EssenceOfSteel"}],"is_trial":false,"path_per_floor":["R","M","?","M","$","R","T","R","$","?","E","M","R","?","M","B",null,"R","M","?","?","$","?","T","E","R","M","E","M","R","$","M","B",null,"R","M","M","?","?","M","T","?","M","$","E","M","R","$","M","B",null],"character_chosen":"GUARDIAN","items_purchased":["Oddly Smooth Stone","Guardian:StasisStrike","Guardian:BottledStasis","expansioncontent:DashGenerateEvil","Incense Burner","expansioncontent:QuickStudy"],"campfire_rested":3,"item_purchase_floors":[5,22,31,31,44,48],"current_hp_per_floor":[80,78,78,78,78,78,88,88,79,84,75,75,95,95,95,63,95,95,87,87,87,85,85,85,64,93,95,69,69,98,98,98,98,99,99,99,99,99,99,101,101,101,103,103,103,103,103,103,103,18],"gold":21,"neow_bonus":"HUNDRED_GOLD","is_daily":false,"chose_seed":false,"campfire_upgraded":5,"win_rate":0.0,"timestamp":1613596984,"path_taken":["R","M","?","M","?","R","T","R","$","?","E","M","R","?","M","BOSS","R","M","?","?","$","?","T","E","R","M","E","M","R","$","M","BOSS","R","M","M","?","?","?","T","?","M","$","E","?","R","?","M","BOSS"],"items_purchased_type":["Relic","Card","Relic","Card","Relic","Card"],"build_version":"2020-12-22","purchased_purges":0,"victory":true,"max_hp_per_floor":[80,80,80,80,80,80,90,90,90,95,95,95,95,95,95,95,95,95,95,97,97,97,97,97,97,97,99,99,99,99,99,99,99,99,99,99,99,99,99,101,101,101,103,103,103,103,103,103,103,103],"card_choices":[{"not_picked":["Guardian:Planning","Guardian:Suspension"],"picked":"Guardian:Gem_Fragmented","floor":2},{"not_picked":["Guardian:TemporalShield","Guardian:ShieldCharger","Guardian:Suspension"],"picked":"SKIP","floor":4},{"not_picked":["Guardian:Repulse","Guardian:ShieldSpikes"],"picked":"Guardian:GatlingBeam","floor":5},{"not_picked":["Guardian:EvasiveProtocol","Guardian:WalkerClaw"],"picked":"Guardian:Preprogram","floor":9},{"not_picked":["Guardian:ArmoredProtocol","Guardian:Incinerate"],"picked":"Guardian:ChargeUp","floor":11},{"not_picked":["Guardian:Suspension","Guardian:Gem_Lightblue"],"picked":"Guardian:TemporalShield","floor":12},{"not_picked":["Guardian:ChargeCore","Guardian:Repulse"],"picked":"Guardian:Incinerate","floor":15},{"not_picked":["Guardian:GemFinder","Guardian:SphericShield"],"picked":"Guardian:GatlingBeam","floor":16},{"not_picked":["Guardian:Gem_Lightblue","Guardian:Incinerate+1"],"picked":"Guardian:VentSteam+1","floor":19},{"not_picked":["Guardian:TemporalShield","Guardian:MultiBeam","Guardian:Gem_White"],"picked":"Singing Bowl","floor":20},{"not_picked":["Guardian:Recover","Guardian:PiercingHide"],"picked":"Guardian:Gem_Orange","floor":22},{"not_picked":["Guardian:DecasProtection","Guardian:Gem_Lightblue"],"picked":"Guardian:PiercingHide","floor":25},{"not_picked":["Guardian:Gem_Purple","Guardian:EvasiveProtocol+1","Guardian:Emergency"],"picked":"Singing Bowl","floor":27},{"not_picked":["Guardian:ShieldCharger","Guardian:SentryBeam"],"picked":"Guardian:Recover+1","floor":28},{"not_picked":["Guardian:Planning","Guardian:Harden+1"],"picked":"Guardian:ShieldCharger+1","floor":29},{"not_picked":["Guardian:ArmoredProtocol","Guardian:RollAttack"],"picked":"Guardian:BronzeOrb","floor":31},{"not_picked":["Guardian:Gem_Fragmented","Guardian:Recover"],"picked":"Guardian:ChargeUp","floor":32},{"not_picked":["Guardian:GemFinder","Guardian:Gem_Synthetic"],"picked":"Guardian:ConstructionForm","floor":33},{"not_picked":["Guardian:Clone+1","Guardian:ChargeCore"],"picked":"Guardian:BodySlam","floor":36},{"not_picked":["Guardian:GuardianWhirl","Guardian:BodySlam"],"picked":"Guardian:TemporalStrike+1","floor":37},{"not_picked":["Guardian:Gem_Lightblue","Guardian:TemporalShield","Guardian:PiercingHide"],"picked":"Singing Bowl","floor":40},{"not_picked":["Guardian:Gem_Purple","Guardian:PrimingBeam","Guardian:Gem_Blue"],"picked":"Singing Bowl","floor":43},{"not_picked":["Guardian:MultiBeam+1","Guardian:Incinerate+1"],"picked":"Guardian:Orbwalk","floor":45},{"not_picked":["Guardian:ChargeUp+1","Guardian:WalkerClaw+1"],"picked":"Guardian:PrimingBeam+1","floor":46},{"not_picked":["Guardian:PiercingHide+1","Guardian:Emergency"],"picked":"Guardian:TimeSifter","floor":49}],"player_experience":808212,"relics_obtained":[{"floor":7,"key":"Pear"},{"floor":11,"key":"Singing Bowl"},{"floor":20,"key":"Guardian:SackOfGems"},{"floor":20,"key":"Slimebound:PreparedRelic"},{"floor":24,"key":"HornCleat"},{"floor":25,"key":"TungstenRod"},{"floor":28,"key":"Nunchaku"},{"floor":34,"key":"Omamori"},{"floor":34,"key":"Meat on the Bone"},{"floor":34,"key":"Unceasing Top"},{"floor":41,"key":"The Courier"},{"floor":45,"key":"Orichalcum"}],"event_choices":[{"damage_healed":0,"gold_gain":0,"player_choice":"Donut","damage_taken":0,"max_hp_gain":5,"max_hp_loss":0,"event_name":"Big Fish","floor":10,"gold_loss":0},{"damage_healed":0,"gold_gain":0,"player_choice":"Got Potions","damage_taken":0,"max_hp_gain":0,"max_hp_loss":0,"event_name":"Lab","floor":42,"gold_loss":0}],"is_beta":false,"boss_relics":[{"not_picked":["SacredBark","Snecko Eye"],"picked":"Empty Cage"},{"not_picked":["Runic Pyramid","Tiny House"],"picked":"Calling Bell"}],"items_purged_floors":[],"is_endless":false,"potions_floor_spawned":[11,12,16,19,20,29,32,40,43,45,46],"ascension_level":2}}