{"host":"7s2d9a8gejctdvjm","time":1613576106,"event":{"mods":["BaseMod","Downfall","Hermit","Marisa????????","Minty Spire (QoL Compilation)","StSLib","The Servant 0.9.4"],"gold_per_floor":[99,116,136,150,165,197,197,97,112,131,131,151,161,161,178,277,277,277,277,296,312,322,335,359,259,286,301,301,311,311,337,350,451,451,351,368,418,418,371,381,381,410,423,433,433,452,452,452,471,471,471,505,68,68,68,68,68,68],"floor_reached":56,"language":"ENG","playtime":5570,"items_purged":["Guardian:Defend_Guardian"],"score":834,"play_id":"96117281-21ea-4e40-93ff-ffe42a2275e5","local_time":"20210217073506","is_ascension_mode":false,"campfire_choices":[{"floor":1,"key":"RECALL"},{"data":"Guardian:TwinSlam","floor":8,"key":"SMITH"},{"data":"Guardian:TemporalShield","floor":11,"key":"SMITH"},{"data":"Guardian:PrismaticBeam","floor":18,"key":"SMITH"},{"data":"Guardian:StasisField","floor":25,"key":"SMITH"},{"data":"Guardian:RefractedBeam+1","floor":28,"key":"SMITH"},{"data":"Guardian:RefractedBeam+2","floor":30,"key":"SMITH"},{"data":"Guardian:RefractedBeam+3","floor":35,"key":"SMITH"},{"data":"Guardian:RefractedBeam+4","floor":45,"key":"SMITH"},{"data":"Guardian:RefractedBeam+5","floor":47,"key":"SMITH"},{"data":"expansioncontent:DashGenerateEvil","floor":54,"key":"SMITH"}],"circlet_count":0,"master_deck":["Guardian:Strike_Guardian","Guardian:Defend_Guardian","Guardian:Defend_Guardian","Guardian:CurlUp","Guardian:TwinSlam+1","Guardian:PiercingHide","Guardian:ConstructionForm","Guardian:BronzeOrb","Guardian:TemporalShield+1","Guardian:Preprogram","Guardian:BronzeArmor","Guardian:PrismaticBeam+1","Guardian:StasisField+1","Guardian:RefractedBeam+6","Guardian:TimeCapacitor+1","Guardian:TemporalStrike","Guardian:Planning","Guardian:CrystalBeam+1","Guardian:Suspension","Guardian:TimeSifter","Guardian:TemporalStrike","Guardian:PrismaticBeam+1","Guardian:CrystalBeam","Guardian:TimeCapacitor","Guardian:AncientConstruct","Guardian:Incinerate","Guardian:SentryBeam+1","expansioncontent:DashGenerateEvil+1"],"relics":["Guardian:ModeShifter","Strawberry","PreservedInsect","downfall:HeartBlessingRed","Astrolabe","Oddly Smooth Stone","downfall:HeartBlessingGreen","Kunai","Runic Pyramid","downfall:HeartBlessingBlue","Girya","ClockworkSouvenir","Pen Nib","Anchor","Blood Vial"],"acts_visited":["Exordium","TheCity","TheBeyond","TheEnding"],"potions_floor_usage":[5,5,5,5,6,12,16,39,39,50,50,55,55],"damage_taken":[{"damage":3,"enemies":"2 Louse","floor":2,"turns":3},{"damage":6,"enemies":"Jaw Worm","floor":3,"turns":5},{"damage":5,"enemies":"Cultist","floor":4,"turns":4},{"damage":0,"enemies":"Exordium Thugs","floor":5,"turns":5},{"damage":5,"enemies":"Gremlin Nob","floor":6,"turns":5},{"damage":1,"enemies":"2 Fungi Beasts","floor":9,"turns":5},{"damage":0,"enemies":"downfall:LooterAlt","floor":10,"turns":4},{"damage":0,"enemies":"Lots of Slimes","floor":12,"turns":2},{"damage":0,"enemies":"Large Slime","floor":13,"turns":6},{"damage":0,"enemies":"Blue Slaver","floor":15,"turns":4},{"damage":62,"enemies":"DF_ARCHETYPE_STREAMLINE","floor":16,"turns":17},{"damage":0,"enemies":"Spheric Guardian","floor":20,"turns":6},{"damage":3,"enemies":"3 Byrds","floor":21,"turns":8},{"damage":20,"enemies":"Snake Plant","floor":22,"turns":6},{"damage":4,"enemies":"Sentry and Sphere","floor":23,"turns":7},{"damage":0,"enemies":"Book of Stabbing","floor":26,"turns":5},{"damage":0,"enemies":"Centurion and Healer","floor":27,"turns":11},{"damage":0,"enemies":"3 Cultists","floor":29,"turns":6},{"damage":14,"enemies":"Snake Plant","floor":32,"turns":4},{"damage":0,"enemies":"WA_ARCHETYPE_CALM","floor":33,"turns":13},{"damage":0,"enemies":"3 Darklings","floor":36,"turns":6},{"damage":22,"enemies":"3 Darklings","floor":37,"turns":7},{"damage":0,"enemies":"downfall:FleeingMerchant","floor":39,"turns":4},{"damage":0,"enemies":"Orb Walker","floor":40,"turns":4},{"damage":0,"enemies":"Nemesis","floor":42,"turns":7},{"damage":18,"enemies":"Transient","floor":43,"turns":5},{"damage":0,"enemies":"Sphere and 2 Shapes","floor":44,"turns":5},{"damage":5,"enemies":"4 Shapes","floor":46,"turns":5},{"damage":0,"enemies":"3 Darklings","floor":49,"turns":3},{"damage":31,"enemies":"IC_BLOCK_ARCHETYPE","floor":50,"turns":10},{"damage":67,"enemies":"downfall:CharBossMerchant","floor":52,"turns":9},{"damage":33,"enemies":"downfall:NeowBoss","floor":55,"turns":29},{"damage":12,"enemies":"downfall:NeowBossFinal","floor":56,"turns":5}],"seed_played":"-3226295303923316778","potions_obtained":[{"floor":2,"key":"EntropicBrew"},{"floor":3,"key":"LiquidBronze"},{"floor":6,"key":"Swift Potion"},{"floor":10,"key":"Explosive Potion"},{"floor":22,"key":"Fire Potion"},{"floor":26,"key":"Swift Potion"},{"floor":27,"key":"SteroidPotion"},{"floor":40,"key":"Explosive Potion"},{"floor":42,"key":"CultistPotion"}],"is_trial":false,"path_per_floor":["R","M","M","M","M","E","T","R","M","M","R","M","M","?","M","B",null,"R","?","M","M","M","M","T","R","E","M","R","M","R","T","M","B",null,"R","M","?","?","$","M","T","E","M","M","R","M","R","?","M","B",null,"E","$","R","B","B"],"character_chosen":"GUARDIAN","items_purchased":["Guardian:Gem_Purple","Guardian:CrystalBeam","Guardian:TimeCapacitor","ClockworkSouvenir","Guardian:Gem_Green","DuplicationPotion","Dexterity Potion","expansioncontent:DashGenerateEvil"],"campfire_rested":0,"item_purchase_floors":[39,39,39,39,53,53,53,53],"current_hp_per_floor":[88,85,79,74,74,76,76,76,75,75,75,75,75,75,75,13,95,95,95,95,92,72,68,68,68,68,68,68,68,68,68,54,54,95,105,105,83,83,83,83,83,83,65,65,65,60,60,60,60,29,105,38,38,38,7,0,0,0],"gold":68,"neow_bonus":"TEN_PERCENT_HP_BONUS","is_daily":false,"chose_seed":false,"campfire_upgraded":10,"win_rate":0.0,"timestamp":1613576106,"path_taken":["R","M","M","M","M","E","T","R","M","M","R","M","M","?","M","BOSS","R","?","M","M","M","?","T","R","E","M","R","M","R","?","M","BOSS","R","M","?","?","$","M","T","E","?","M","R","M","R","?","M","BOSS","E","$","R","BOSS","BOSS"],"items_purchased_type":["Card","Card","Card","Relic","Card","Potion","Potion","Card"],"build_version":"2020-12-22","purchased_purges":1,"victory":false,"max_hp_per_floor":[88,88,88,88,88,95,95,95,95,95,95,95,95,95,95,95,95,95,95,95,95,95,95,95,95,95,95,95,95,95,95,95,95,95,105,105,105,105,105,105,105,105,105,105,105,105,105,105,105,105,105,105,105,105,105,105,105,105],"card_choices":[{"not_picked":["Guardian:SentryBeam","Guardian:WalkerClaw"],"picked":"Guardian:Gem_Yellow","floor":2},{"not_picked":["Guardian:Gem_Lightblue","Guardian:DecasProtection"],"picked":"Guardian:PiercingHide","floor":3},{"not_picked":["Guardian:TemporalStrike","Guardian:VentSteam"],"picked":"Guardian:ConstructionForm","floor":4},{"not_picked":["Guardian:Emergency","Guardian:ChargeCore"],"picked":"Guardian:Gem_Purple","floor":5},{"not_picked":["Guardian:PrismaticBeam","Guardian:VentSteam","Guardian:TemporalShield"],"picked":"SKIP","floor":6},{"not_picked":["Guardian:Clone","Guardian:TemporalStrike"],"picked":"Guardian:BronzeOrb","floor":9},{"not_picked":["Guardian:Gem_Red","Guardian:VentSteam"],"picked":"Guardian:TemporalShield","floor":10},{"not_picked":["Guardian:PiercingHide","Guardian:Gem_Blue"],"picked":"Guardian:Preprogram","floor":12},{"not_picked":["Guardian:ShieldCharger","Guardian:Gem_Red"],"picked":"Guardian:BronzeArmor","floor":13},{"not_picked":["Guardian:Gem_Green","Guardian:SpikerProtocol"],"picked":"Guardian:PrismaticBeam","floor":15},{"not_picked":["Guardian:SphericShield","Guardian:ExploitGems"],"picked":"Guardian:StasisField","floor":16},{"not_picked":["Guardian:Repulse","Guardian:MultiBeam"],"picked":"Guardian:Gem_White","floor":20},{"not_picked":["Guardian:Incinerate+1","Guardian:SpikerProtocol"],"picked":"Guardian:TemporalStrike","floor":21},{"not_picked":["Guardian:PrismaticBarrier","Guardian:VentSteam","Guardian:PrismaticBeam"],"picked":"SKIP","floor":22},{"not_picked":["Guardian:Incinerate","Guardian:DecasProtection"],"picked":"Guardian:Gem_Blue","floor":23},{"not_picked":["Guardian:ShieldCharger+1","Guardian:RollAttack"],"picked":"Guardian:Planning","floor":26},{"not_picked":["Guardian:SpikerProtocol+1","Guardian:TimeBomb"],"picked":"Guardian:Gem_Cyan","floor":27},{"not_picked":["Guardian:Gem_Cyan","Guardian:ChargeCore"],"picked":"Guardian:CrystalBeam+1","floor":29},{"not_picked":["Guardian:TimeCapacitor","Guardian:DecasProtection"],"picked":"Guardian:Suspension","floor":32},{"not_picked":["Guardian:FastForward","Guardian:ExploitGems"],"picked":"Guardian:TimeSifter","floor":33},{"not_picked":["Guardian:BronzeArmor+1","Guardian:BodySlam"],"picked":"Guardian:Gem_Blue","floor":36},{"not_picked":["Guardian:Suspension+1","Guardian:WalkerClaw"],"picked":"Guardian:TemporalStrike","floor":37},{"not_picked":["Guardian:RollAttack","Guardian:RevengeProtocol","Guardian:BronzeArmor"],"picked":"SKIP","floor":39},{"not_picked":["Guardian:RollAttack+1","Guardian:Gem_Green"],"picked":"Guardian:Gem_Lightblue","floor":40},{"not_picked":["Guardian:VentSteam+1","Guardian:EvasiveProtocol"],"picked":"Guardian:AncientConstruct","floor":42},{"not_picked":["Guardian:TemporalStrike","Guardian:Preprogram+1"],"picked":"Guardian:Incinerate","floor":43},{"not_picked":["Guardian:Suspension+1","Guardian:PrimingBeam"],"picked":"Guardian:SentryBeam+1","floor":44},{"not_picked":["Guardian:CrystalBeam+1","Guardian:Gem_Fragmented"],"picked":"Guardian:Gem_Cyan","floor":46},{"not_picked":["Guardian:PrismaticBeam","Guardian:BaubleBeam","Guardian:PrimingBeam+1"],"picked":"SKIP","floor":49},{"not_picked":["Guardian:PrismaticBeam","Guardian:BaubleBeam","Guardian:PrimingBeam+1"],"picked":"SKIP","floor":49},{"not_picked":["Guardian:PolyBeam+1","Guardian:WalkerClaw"],"picked":"Guardian:Gem_Blue","floor":52}],"player_experience":24556,"relics_obtained":[{"floor":6,"key":"Strawberry"},{"floor":7,"key":"PreservedInsect"},{"floor":24,"key":"Oddly Smooth Stone"},{"floor":26,"key":"Kunai"},{"floor":37,"key":"Girya"},{"floor":41,"key":"Pen Nib"},{"floor":42,"key":"Anchor"},{"floor":52,"key":"Blood Vial"}],"event_choices":[],"is_beta":false,"boss_relics":[{"not_picked":["Empty Cage","Calling Bell"],"picked":"Astrolabe"},{"not_picked":["Velvet Choker","Guardian:StasisSlotReductionRelic"],"picked":"Runic Pyramid"}],"items_purged_floors":[53],"is_endless":false,"potions_floor_spawned":[2,3,6,10,22,26,27,32,36,40,42,43],"killed_by":"downfall:NeowBossFinal","ascension_level":0}}