{"host":"5pruifpvrxoc6ior","time":1613585151,"event":{"mods":["AchievementEnabler","Aspiration","BaseMod","Colored Map","Colored Powertips","Downfall","Googly Eyes","Hermit","Hubris","Jorbs\u0027s Wanderer Trilogy","Marisa????????","Minty Spire (QoL Compilation)","Quick Restart","Remilia??????","Replay The Spire","StSLib","SuperFastMode","The Bug Knight","The Cursed","The Disciple","The Hierophant","The Jungle","The Necromancer","The Servant 0.9.4"],"gold_per_floor":[109,120,120,19,19,19,19,44,44,78,141,158,208,220,220,325,325,342,355,405,455,505,534,534,604,652,702,770,802,852,882,882,983,983,994,1014,1064,110,160,191,191,220,220,26,58,78,88,158,158,158],"floor_reached":51,"language":"ENG","playtime":1996,"items_purged":["downfall:Bewildered","Looming Evil"],"score":1116,"play_id":"3d4880ca-4bab-4f41-a843-dde1b6f55f00","local_time":"20210217130551","is_ascension_mode":true,"campfire_choices":[{"data":"Summon_Undead_Army","floor":6,"key":"SMITH"},{"data":"Summon_Undead_Army","floor":15,"key":"SMITH"},{"data":"RitualDagger","floor":24,"key":"SMITH"},{"data":"Summon_Undead","floor":32,"key":"SMITH"},{"floor":41,"key":"REST"},{"data":"Summon_Vampire_Lady","floor":49,"key":"SMITH"}],"circlet_count":0,"master_deck":["Strike_W","Strike_W","Defend_W","Defend_W","Defend_W","Defend_W","Negative_Energy_Arrows","Bone_Wall","Summon_Undead_Army+1","Negative_Energy_Shield","Summon_Undead_Army+1","Summon_Undead_Army+1","Bone_Armor","Life_Drain","Spectral_Walk","Negative_Energy_Shield","Negative_Energy_Javelin","Grasp_Heart","Finger_Of_Death","Acid_Javelin","RitualDagger+1","Dagger Spray","Toxic_Smoke_Screen","Blood_Curse+1","Toxic_Smoke_Screen","Summon_Undead+1","Negative_Energy_Mist+1","Toxic_Smoke_Screen","Summon_Lich","hubris:EnhanceAbility+1","Shade_Step+1","Summon_Vampire_Lady+1","Bone_Armor","Spectral_Armor+1"],"relics":["Vampire_Amulet","NeowsBlessing","hubris:Icosahedron","SsserpentHead","hubris:Reverence","Blue Doll","aspiration:FetidBarrel","Replay:Accelerometer","ChewingGum","sneckomod:BabySnecko","Ginger","aspiration:VileToxins","Pocketwatch","aspiration:FrozenJewel","MutagenicStrength","hubris:GlazedTorus","Empty Cage","hubris:Towel","OrangePellets","Incense Burner","Gremlin Horn","Ring of Hypnosis","Ring of Fury","hubris:TenFootPole","PreservedInsect","hubris:CrystalStatue","ReplayTheSpireMod:CursedCoin","hubris:Spice","FossilizedHelix"],"acts_visited":["Exordium","TheCity","TheBeyond"],"potions_floor_usage":[16,23,50,50],"damage_taken":[{"damage":0,"enemies":"Jaw Worm","floor":1,"turns":1},{"damage":0,"enemies":"Small Slimes","floor":2,"turns":1},{"damage":0,"enemies":"Gremlin Nob","floor":8,"turns":1},{"damage":27,"enemies":"3 Sentries","floor":10,"turns":6},{"damage":3,"enemies":"2 Louse","floor":11,"turns":2},{"damage":6,"enemies":"Exordium Thugs","floor":12,"turns":4},{"damage":18,"enemies":"Exordium Wildlife","floor":14,"turns":4},{"damage":8,"enemies":"The Guardian","floor":16,"turns":9},{"damage":19,"enemies":"2 Thieves","floor":18,"turns":4},{"damage":13,"enemies":"Spheric Guardian","floor":19,"turns":4},{"damage":29,"enemies":"Slavers","floor":23,"turns":3},{"damage":3,"enemies":"Snecko","floor":25,"turns":3},{"damage":12,"enemies":"3 Cultists","floor":28,"turns":4},{"damage":4,"enemies":"Book of Stabbing","floor":29,"turns":5},{"damage":0,"enemies":"Replay:Snechameleon","floor":31,"turns":4},{"damage":34,"enemies":"Automaton","floor":33,"turns":7},{"damage":20,"enemies":"3 Darklings","floor":35,"turns":5},{"damage":8,"enemies":"3 Shapes","floor":36,"turns":5},{"damage":39,"enemies":"Nemesis","floor":40,"turns":5},{"damage":15,"enemies":"Giant Head","floor":42,"turns":8},{"damage":0,"enemies":"Reptomancer","floor":45,"turns":2},{"damage":0,"enemies":"Jaw Worm Horde","floor":46,"turns":4},{"damage":2,"enemies":"3 Darklings","floor":47,"turns":4},{"damage":0,"enemies":"4 Shapes","floor":48,"turns":4},{"damage":0,"enemies":"Awakened One","floor":50,"turns":10}],"seed_played":"3734706626112784172","potions_obtained":[{"floor":1,"key":"Strength Potion"},{"floor":10,"key":"Energy Potion"},{"floor":11,"key":"DuplicationPotion"},{"floor":16,"key":"Milkshake"},{"floor":23,"key":"LiquidMemories"},{"floor":40,"key":"FairyPotion"},{"floor":46,"key":"LiquidMemories"}],"is_trial":false,"path_per_floor":["M","M","?","$","?","R","?","E","T","E","M","M","T","M","R","B",null,"M","M","?","?","?","E","R","M","T","?","M","E","?","E","R","B",null,"M","M","?","$","?","E","R","E","T","$","E","M","M","M","R","B",null],"character_chosen":"NECROMANCER","items_purchased":["Summon_Undead_Army","Bone_Armor","OrangePellets","Incense Burner","Gremlin Horn","Summon_Lich","hubris:EnhanceAbility+1","ReplayTheSpireMod:CursedCoin","hubris:Spice"],"campfire_rested":1,"item_purchase_floors":[4,4,38,38,38,38,38,44,44],"current_hp_per_floor":[75,75,75,75,75,75,75,75,75,54,61,65,65,51,51,51,75,66,61,61,55,55,32,32,31,31,31,31,29,29,31,31,28,75,57,55,55,55,55,24,46,39,39,47,55,67,83,83,83,83],"gold":158,"neow_bonus":"THREE_ENEMY_KILL","is_daily":false,"chose_seed":false,"campfire_upgraded":5,"win_rate":0.0,"timestamp":1613585151,"path_taken":["M","M","?","$","?","R","?","E","T","E","?","M","?","M","R","BOSS","M","M","?","?","?","E","R","?","T","?","?","E","?","E","R","BOSS","M","M","?","$","?","E","R","E","T","?","E","M","M","?","R","BOSS"],"items_purchased_type":["Card","Card","Relic","Relic","Relic","Card","Card","Relic","Relic"],"build_version":"2020-12-22","purchased_purges":2,"victory":true,"max_hp_per_floor":[75,75,75,75,75,75,75,75,75,75,75,75,75,75,75,75,75,75,75,75,75,75,75,75,75,75,75,75,75,75,75,75,75,75,75,75,75,75,75,75,75,75,75,83,83,83,83,83,83,83],"card_choices":[{"not_picked":["Shackles_Of_Pain","Bone_Bullets"],"picked":"Summon_Undead_Army","floor":1},{"not_picked":["Death_March_Dance","Shackles_Of_Pain"],"picked":"Negative_Energy_Shield","floor":2},{"not_picked":["Blood_Magic","Bone_Shift"],"picked":"Life_Drain","floor":8},{"not_picked":["Uncharnel","Vampiric_Strike"],"picked":"Spectral_Walk","floor":10},{"not_picked":["Scare","Bones_to_Steel"],"picked":"Chill_Blood","floor":11},{"not_picked":["Bone_Shift","Bones_to_Steel"],"picked":"Negative_Energy_Shield","floor":12},{"not_picked":["Chill_Blood","Slay_Living"],"picked":"Negative_Energy_Javelin","floor":14},{"not_picked":["Negative_Energy_Bomb","Detonate_Bones"],"picked":"Grasp_Heart","floor":16},{"not_picked":["Violent_Necrosis","Death_Coil"],"picked":"Finger_Of_Death","floor":18},{"not_picked":["Negative_Energy_Mist","Bone_Spikes"],"picked":"Acid_Javelin","floor":19},{"not_picked":["Blood_Is_Power+1","Death_Coil"],"picked":"Toxic_Smoke_Screen","floor":23},{"not_picked":["Epidemic","Whirlwind_of_Bones","Death_Knell"],"picked":"SKIP","floor":25},{"not_picked":["Blood_Whip","Blood_Wake"],"picked":"Blood_Curse+1","floor":28},{"not_picked":["Chill_Blood+1","Exploit"],"picked":"Toxic_Smoke_Screen","floor":29},{"not_picked":["Hellfire","Negative_Energy_Mist"],"picked":"Summon_Undead","floor":31},{"not_picked":["Blood_Curse","Shackles_Of_Pain"],"picked":"Negative_Energy_Mist+1","floor":35},{"not_picked":["Vampiric_Strike","Uncharnel"],"picked":"Toxic_Smoke_Screen","floor":36},{"not_picked":["Finger_Of_Death+1","Scare"],"picked":"Shade_Step+1","floor":40},{"not_picked":["Blood_Curse","Bones_to_Steel+1","Consume_Illness"],"picked":"SKIP","floor":42},{"not_picked":["Violent_Necrosis","Bone_Bullets"],"picked":"Summon_Vampire_Lady","floor":45},{"not_picked":["Blood_Curse+1","Bone_Spikes"],"picked":"Bone_Armor","floor":46},{"not_picked":["Violent_Necrosis+1","Negative_Energy_Javelin","Chill_Blood"],"picked":"SKIP","floor":47},{"not_picked":["Blood_Curse","Epidemic+1"],"picked":"Spectral_Armor+1","floor":48}],"player_experience":29245,"relics_obtained":[{"floor":8,"key":"hubris:Reverence"},{"floor":9,"key":"Blue Doll"},{"floor":10,"key":"aspiration:FetidBarrel"},{"floor":13,"key":"Replay:Accelerometer"},{"floor":23,"key":"Ginger"},{"floor":26,"key":"aspiration:VileToxins"},{"floor":29,"key":"aspiration:FrozenJewel"},{"floor":31,"key":"hubris:GlazedTorus"},{"floor":39,"key":"Ring of Hypnosis"},{"floor":39,"key":"Ring of Fury"},{"floor":40,"key":"hubris:TenFootPole"},{"floor":42,"key":"PreservedInsect"},{"floor":43,"key":"hubris:CrystalStatue"},{"floor":45,"key":"FossilizedHelix"}],"event_choices":[{"damage_healed":0,"gold_gain":0,"player_choice":"Grow","damage_taken":0,"max_hp_gain":0,"max_hp_loss":0,"event_name":"Living Wall","floor":5,"gold_loss":0,"cards_upgraded":["Summon_Undead_Army"]},{"damage_healed":0,"gold_gain":0,"player_choice":"Trade","damage_taken":0,"relics_obtained":["SsserpentHead"],"max_hp_gain":0,"max_hp_loss":0,"event_name":"FaceTrader","floor":7,"gold_loss":0},{"damage_healed":0,"gold_gain":0,"player_choice":"Joined the Cult","damage_taken":6,"max_hp_gain":0,"max_hp_loss":0,"event_name":"Nest","floor":21,"gold_loss":0,"cards_obtained":["RitualDagger"]},{"damage_healed":0,"gold_gain":0,"player_choice":"Read","damage_taken":0,"max_hp_gain":0,"max_hp_loss":0,"event_name":"The Library","floor":22,"gold_loss":0,"cards_obtained":["Dagger Spray"]},{"cards_removed":["Chill_Blood"],"damage_healed":0,"gold_gain":0,"player_choice":"Gave Card","damage_taken":0,"relics_obtained":["Pocketwatch"],"max_hp_gain":0,"max_hp_loss":0,"event_name":"WeMeetAgain","floor":27,"gold_loss":0},{"damage_healed":0,"gold_gain":0,"player_choice":"Inject Mutagens","damage_taken":0,"relics_obtained":["MutagenicStrength"],"max_hp_gain":0,"max_hp_loss":0,"event_name":"Drug Dealer","floor":30,"gold_loss":0}],"is_beta":false,"boss_relics":[{"not_picked":["Honey Jar","hubris:CrackedHourglass"],"picked":"ChewingGum"},{"not_picked":["Busted Crown","aspiration:ServantSkillbook"],"picked":"Empty Cage"}],"items_purged_floors":[38,44],"is_endless":false,"potions_floor_spawned":[1,10,11,14,16,19,23,28,29,35,40,42,46,47],"ascension_level":2}}