{"host":"y2bqfd80u7hqgj5z","time":1613589020,"event":{"mods":["AchievementEnabler","Act Like it!","Arknights","BaseMod","BetterRewards","CapriCore","Colored Map","Colored Powertips","Data Control","DeckTracker","Downfall","Friendly Minions","Good Game Mod","HololiveMod","Koishi","Marisa????????","Minty Spire (QoL Compilation)","Permanent Neow","RRrroohrrRGHHhhh!!","Rare Cards Sparkle","Reimu??????","Remilia??????","Replay The Spire","RumiaBox-????????","Shop Mod","Spikes Relics","StSLib","SuperFastMode","The Administrix","The Immortal","The Servant 0.9.4","The Wild Card","Transform Curses","Youmu??????"],"gold_per_floor":[109,69,30,40,56,91,91,107,187,187,214,227,237,247,247,342,342,355,315,331,350,366,366,384,403,403,430,445,445,445,445,445,544,544,559,8418,8434,7122,7140,7175,7187,7206,7206,7206,6032,6032,6032,6044,6044,6044,6044,6044,4897,4929,4929],"floor_reached":56,"language":"ENG","playtime":5607,"items_purged":["Lust_TH"],"score":1365,"play_id":"5da92711-dccd-44c7-9b28-a0d1e83f2f56","local_time":"20210217131020","is_ascension_mode":false,"campfire_choices":[{"floor":7,"key":"REST"},{"floor":15,"key":"RECALL"},{"data":"ats:Soul Absorption","floor":23,"key":"SMITH"},{"data":"ats:True Silver Slash","floor":29,"key":"SMITH"},{"data":"ats:Spore Proliferation","floor":32,"key":"SMITH"},{"floor":47,"key":"DIG"},{"data":"ats:Serious Mode","floor":49,"key":"SMITH"},{"floor":52,"key":"DIG"}],"circlet_count":0,"master_deck":["ats:Strike C","ats:Strike G","ats:Strike S","ats:Strike V","ats:Armor Crushing Shot","ats:Defend+1","ats:Defend","ats:Defend","ats:Emotion Absorption","SealNeedle:ReiMu","ats:Calcification+1","ats:Support Order","ats:Hammer On","ats:Hammer On","ats:Soul Absorption+1","ats:Healing Strengthening","ats:Apocalypse+1","ats:Revitalization","ats:Shell Defense+1","ats:Ignite+1","ats:Closed Bolt Burst Fire+1","ats:Spore Proliferation+1","ats:Chain Hook","ats:True Silver Slash+1","ats:Closed Bolt Burst Fire+1","ats:Powerful Strike+1","ats:Thermite Blade","ats:Shell Defense+1","ats:Curse Doll","ats:Collapsing Strike","ats:Wolf Pack","ats:Consecutive Shot Auto+1","ats:Volcano+1","ats:Apocalypse","ats:Serious Mode+1","ats:True Silver Slash+1","ReplayTheSpireMod:Uncanny Aura","ReplayTheSpireMod:Brewmster","ats:Blood Oath","ats:Sword Rain","ats:Revitalization","ats:Shell Defense","ats:Literary Storm+1","ats:Magnetic Hammer","ats:True Silver Slash","ats:Shell Defense","ats:Flexible Camouflage","ats:Phantom","Venomology","Purity","ats:Thorns+1","ats:Thorns","ats:Burning Ground","ats:Ignite+1","ats:Very Hot Blade","ats:Apocalypse","ats:Encircling Forest","ats:Burning Ground","ats:Sword Rain","Impatience","Crow Ritual","ats:Charging Defense","ats:Very Hot Blade","Mind Blast","Reforge","ats:Consecutive Shot Auto","ats:Apocalypse","ats:Spore Proliferation","ats:Roar Of Ursus+1","ats:Healing Drone"],"relics":["ats:Sanity","REME:ComplimentaryCards","PaintedHorse:ReiMu","ats:Originium","Pondfish Scales","Mastiff:ReiMu","Hololive_Finger","GiantMaggot","HornCleat","Blue Candle","Coffee Dripper","ats:Ability Aura","Calipers","DollysMirror","MerchantsRug","ats:Arts","ReplayTheSpireMod:Ninjato","Durian","Bottled Flame","ReplayTheSpireMod:TigerMarble","Mercury Hourglass","rorgmod:The Boot","Lee\u0027s Waffle","Shovel","Whetstone","Rawhide","Art of War","Oddly Smooth Stone","Membership Card","Snack Pack"],"acts_visited":["Exordium","TheCity","TheBeyond","TheEnding"],"potions_floor_usage":[6,6,6,11,14,22,27,33,33,33,37,37,39,39,39,39,39,39,39,39,40,40,40,41,41,41,42,50,50,50,50,50,54,55,55,55,55],"damage_taken":[{"damage":5,"enemies":"2 Louse","floor":1,"turns":7},{"damage":7,"enemies":"ats:Genji","floor":4,"turns":3},{"damage":3,"enemies":"Small Slimes","floor":5,"turns":3},{"damage":56,"enemies":"3 Sentries","floor":6,"turns":11},{"damage":12,"enemies":"Exordium Thugs","floor":8,"turns":6},{"damage":18,"enemies":"Gremlin Nob","floor":11,"turns":5},{"damage":7,"enemies":"2 Fungi Beasts","floor":12,"turns":5},{"damage":0,"enemies":"Looter","floor":13,"turns":3},{"damage":10,"enemies":"3 Louse","floor":14,"turns":6},{"damage":33,"enemies":"Hexaghost","floor":16,"turns":15},{"damage":4,"enemies":"Chosen","floor":18,"turns":6},{"damage":5,"enemies":"2 Thieves","floor":20,"turns":4},{"damage":25,"enemies":"Snake Plant","floor":21,"turns":4},{"damage":17,"enemies":"3 Cultists","floor":22,"turns":5},{"damage":3,"enemies":"Snecko","floor":24,"turns":3},{"damage":24,"enemies":"Shelled Parasite and Fungi","floor":25,"turns":5},{"damage":59,"enemies":"Slavers","floor":27,"turns":4},{"damage":0,"enemies":"Snake Plant","floor":28,"turns":4},{"damage":31,"enemies":"Collector","floor":33,"turns":16},{"damage":0,"enemies":"Orb Walker","floor":35,"turns":3},{"damage":2,"enemies":"3 Darklings","floor":37,"turns":6},{"damage":0,"enemies":"Transient","floor":39,"turns":5},{"damage":0,"enemies":"Giant Head","floor":40,"turns":6},{"damage":0,"enemies":"Spire Growth","floor":41,"turns":3},{"damage":0,"enemies":"Jaw Worm Horde","floor":42,"turns":2},{"damage":29,"enemies":"4 Shapes","floor":48,"turns":1},{"damage":10,"enemies":"Time Eater","floor":50,"turns":6},{"damage":0,"enemies":"Shield and Spear","floor":54,"turns":5},{"damage":12,"enemies":"The Heart","floor":55,"turns":10}],"seed_played":"6246590676555697005","potions_obtained":[{"floor":1,"key":"SkillPotion"},{"floor":4,"key":"Flashbang"},{"floor":5,"key":"BlessingOfTheForge"},{"floor":8,"key":"ColorlessPotion"},{"floor":12,"key":"ColorlessPotion"},{"floor":16,"key":"ZuzhouPotion:ReiMu"},{"floor":18,"key":"Death Potion"},{"floor":20,"key":"BlessingOfTheForge"},{"floor":22,"key":"SpeedPotion"},{"floor":28,"key":"PowerPotion"},{"floor":39,"key":"bronze:BurnAndBuffPotion"},{"floor":41,"key":"champ:CounterPotion"},{"floor":42,"key":"champ:CounterPotion"},{"floor":48,"key":"Reflective Coating"}],"is_trial":false,"path_per_floor":["M","?","$","M","M","E","R","M","T","?","E","M","M","M","R","B",null,"M","?","M","M","M","R","M","M","T","E","M","R","?","?","R","B",null,"M","$","M","$","M","E","M","M","T","?","$","?","R","M","R","B",null,"R","$","E","B",null],"character_chosen":"DOCTOR_CLASS","items_purchased":["ats:Hammer On","ats:Serious Mode","ats:Ability Aura","Calipers","DollysMirror","ReplayTheSpireMod:Uncanny Aura","ReplayTheSpireMod:Brewmster","ats:Blood Oath","ats:Sword Rain","ats:Revitalization","ats:Shell Defense","Guardian:BlockOnCardUsePotion","EntropicBrew","hexamod:SoulburnPotion","MerchantsRug","ats:Magnetic Hammer","ats:True Silver Slash","ats:Shell Defense","ats:Flexible Camouflage","ats:Phantom","Venomology","Purity","ats:Arts","ReplayTheSpireMod:Ninjato","Durian","ats:Very Hot Blade","ats:Apocalypse","ats:Encircling Forest","ats:Burning Ground","ats:Sword Rain","Impatience","Crow Ritual","Mercury Hourglass","rorgmod:The Boot","Lee\u0027s Waffle","hexamod:SoulburnPotion","ats:Very Hot Blade","Mind Blast","Reforge","ats:Consecutive Shot Auto","ats:Apocalypse","ats:Spore Proliferation","ats:Roar Of Ursus+1","Art of War","Oddly Smooth Stone","Membership Card","Strength Potion","hexamod:SoulburnPotion"],"campfire_rested":1,"item_purchase_floors":[3,36,36,36,36,36,36,36,36,36,36,36,36,36,36,38,38,38,38,38,38,38,38,38,38,45,45,45,45,45,45,45,45,45,45,45,53,53,53,53,53,53,53,53,53,53,53,53],"current_hp_per_floor":[68,68,68,61,58,8,29,24,24,24,11,19,22,19,72,57,72,68,68,71,49,42,42,39,24,24,40,41,41,36,36,36,72,72,72,72,71,76,77,77,77,77,77,77,84,84,84,59,59,68,84,84,84,84,78],"gold":4929,"neow_bonus":"ONE_RANDOM_RARE_CARD","is_daily":false,"chose_seed":false,"campfire_upgraded":4,"win_rate":0.0,"timestamp":1613589020,"path_taken":["M","?","$","M","M","E","R","M","T","?","E","M","M","M","R","BOSS","M","?","?","M","M","R","M","M","T","E","M","R","?","?","R","BOSS","M","$","M","$","M","E","M","M","T","?","$","?","R","?","R","BOSS","R","$","E","BOSS"],"items_purchased_type":["Card","Card","Relic","Relic","Relic","Card","Card","Card","Card","Card","Card","Potion","Potion","Potion","Relic","Card","Card","Card","Card","Card","Card","Card","Relic","Relic","Relic","Card","Card","Card","Card","Card","Card","Card","Relic","Relic","Relic","Potion","Card","Card","Card","Card","Card","Card","Card","Relic","Relic","Relic","Potion","Potion"],"build_version":"2020-12-22","purchased_purges":1,"victory":true,"max_hp_per_floor":[72,72,72,72,72,72,72,72,72,72,72,72,72,72,72,72,72,72,72,72,72,72,72,72,72,72,72,72,72,72,72,72,72,72,72,72,72,77,77,77,77,77,77,77,84,84,84,84,84,84,84,84,84,84,84],"card_choices":[{"not_picked":["ats:Guard Mode","ats:Hook Shot"],"picked":"ats:Support Order","floor":1},{"not_picked":["ats:Collapsing Strike","ats:Blood Oath"],"picked":"ats:Soul Absorption","floor":4},{"not_picked":["ats:Cat Scratch","ats:Revitalization"],"picked":"ats:Healing Strengthening","floor":5},{"not_picked":["ats:Powerful Strike","ats:Flexible Camouflage"],"picked":"ats:Apocalypse","floor":6},{"not_picked":["ats:Sword Rain","ats:Leaping Hammer"],"picked":"ats:Revitalization","floor":8},{"not_picked":["ats:LN2 Cannon","ats:Very Hot Blade"],"picked":"ats:Ignite","floor":11},{"not_picked":["ats:Beaten Up","ats:Shell Defense"],"picked":"ats:Closed Bolt Burst Fire","floor":12},{"not_picked":["ats:Revitalization","ats:Assault Order"],"picked":"ats:Spore Proliferation","floor":13},{"not_picked":["ats:Cat Scratch","ats:Dogmatic Field"],"picked":"ats:Chain Hook","floor":14},{"not_picked":["ats:Volcano","ats:Fractured Body"],"picked":"ats:True Silver Slash","floor":16},{"not_picked":["ats:Apocalypse+1","ats:Hammer On"],"picked":"ats:Closed Bolt Burst Fire+1","floor":18},{"not_picked":["ats:Very Hot Blade","ats:Composite Medical Shells"],"picked":"ats:Powerful Strike+1","floor":20},{"not_picked":["ats:Assault Order","ats:Cat Scratch"],"picked":"ats:Thermite Blade","floor":21},{"not_picked":["ats:Very Hot Blade+1","ats:Powerful Strike"],"picked":"ats:Shell Defense+1","floor":22},{"not_picked":["ats:Flexible Camouflage","ats:Consecutive Shot Auto"],"picked":"ats:Curse Doll","floor":24},{"not_picked":["ats:Revitalization","ats:Powerful Strike"],"picked":"ats:Collapsing Strike","floor":25},{"not_picked":["ats:Charging Defense","ats:Magnetic Hammer"],"picked":"ats:Wolf Pack","floor":27},{"not_picked":["ats:Very Hot Blade","ats:Mental Burst+1"],"picked":"ats:Consecutive Shot Auto+1","floor":28},{"not_picked":["ats:Wolf Pack","ats:Disruption Kick"],"picked":"ats:Volcano","floor":33},{"not_picked":["ats:Powerful Strike","ats:Guard Mode"],"picked":"ats:Apocalypse","floor":35},{"not_picked":["ats:Absolute Focus+1","ats:Hammer On"],"picked":"ats:Literary Storm+1","floor":37},{"not_picked":["ats:Ignite+1","ats:Magnetic Hammer+1"],"picked":"ats:Thorns+1","floor":39},{"not_picked":["ats:Fractured Body","ats:Shell Defense"],"picked":"ats:Thorns","floor":40},{"not_picked":["ats:Revitalization+1","ats:Cat Scratch+1"],"picked":"ats:Burning Ground","floor":41},{"not_picked":["ats:Sword Rain+1","ats:Apocalypse"],"picked":"ats:Ignite+1","floor":42},{"not_picked":["ats:Consecutive Shot Auto+1","ats:Cat Scratch"],"picked":"ats:Charging Defense","floor":48},{"not_picked":["ats:Powerful Strike","ats:Shadow Raid+1"],"picked":"ats:Healing Drone","floor":54}],"player_experience":90061,"relics_obtained":[{"floor":6,"key":"ats:Originium"},{"floor":6,"key":"Pondfish Scales"},{"floor":11,"key":"ats:Originium"},{"floor":11,"key":"Mastiff:ReiMu"},{"floor":26,"key":"GiantMaggot"},{"floor":27,"key":"ats:Originium"},{"floor":27,"key":"HornCleat"},{"floor":40,"key":"ats:Originium"},{"floor":40,"key":"Bottled Flame"},{"floor":43,"key":"ReplayTheSpireMod:TigerMarble"},{"floor":47,"key":"Whetstone"},{"floor":52,"key":"Rawhide"},{"floor":54,"key":"Snack Pack"}],"event_choices":[{"damage_healed":0,"gold_gain":0,"player_choice":"Donate","damage_taken":0,"relics_obtained":["PaintedHorse:ReiMu"],"max_hp_gain":0,"max_hp_loss":0,"event_name":"yidonshenshe","floor":2,"gold_loss":40},{"damage_healed":0,"gold_gain":0,"player_choice":"Upgraded Two","damage_taken":0,"max_hp_gain":0,"max_hp_loss":0,"event_name":"Designer","floor":19,"gold_loss":40,"cards_upgraded":["ats:Apocalypse","ats:Closed Bolt Burst Fire"]},{"damage_healed":0,"gold_gain":0,"player_choice":"Gave Potion","damage_taken":0,"relics_obtained":["Shovel"],"max_hp_gain":0,"max_hp_loss":0,"event_name":"WeMeetAgain","floor":46,"gold_loss":0}],"is_beta":false,"boss_relics":[{"not_picked":["Abe\u0027s Treasure","AddBug"],"picked":"Hololive_Finger"},{"not_picked":["ReplayTheSpireMod:DimensionalGlitch","ats:Tactical Delivery"],"picked":"Coffee Dripper"}],"items_purged_floors":[36],"is_endless":false,"potions_floor_spawned":[1,4,5,8,12,16,18,20,22,28,39,41,42,48],"ascension_level":0}}