{"host":"yassvrowvc2yfwp2","time":1613572281,"event":{"mods":["2.2 Compatiblity","Act Like it!","BaseMod","Better Note","Curses Come First","Dota2Spire","Downfall","HololiveMod","Jorbs\u0027s Wanderer Trilogy","Minty Spire (QoL Compilation)","Prisma Mod","Rare Cards Sparkle","Reimu£®≤©¿ˆ¡È√Œ£©","Replay The Spire","Say the Spire","Spicy Shops","StSLib","The Bug Knight","The Cursed","The Servant 0.9.4"],"gold_per_floor":[116,291,481,492,567,567,567,567,567],"floor_reached":8,"language":"ZHS","playtime":131,"items_purged":[],"score":46,"play_id":"d9780008-160b-4f2c-9aa0-054564fa1d26","local_time":"20210217223121","is_ascension_mode":true,"campfire_choices":[{"floor":6,"key":"REST"}],"circlet_count":0,"master_deck":["Strike_Lin:ReiMu","Strike_Lin:ReiMu+1","Strike_Lin:ReiMu","Strike_Lin:ReiMu","Defend_Lin:ReiMu","Defend_Lin:ReiMu","Defend_Lin:ReiMu","Defend_Lin:ReiMu","NB:ReiMu","Stagnation:ReiMu","PhosphorusFlame:ReiMu","Doubt","LearningPray:ReiMu+1","AirManeuver:ReiMu"],"relics":["FlyPower:ReiMu"],"acts_visited":["Exordium"],"potions_floor_usage":[],"damage_taken":[{"damage":0,"enemies":"Jaw Worm","floor":1,"turns":8},{"damage":1,"enemies":"Small Slimes","floor":4,"turns":5},{"damage":0,"enemies":"Gremlin Nob","floor":8,"turns":1}],"seed_played":"-6813608752455109739","potions_obtained":[{"floor":1,"key":"Fire Potion"},{"floor":4,"key":"DistilledChaos"}],"is_trial":false,"path_per_floor":["M","?","?","M","?","R","?","E"],"character_chosen":"REIMU","items_purchased":[],"campfire_rested":1,"item_purchase_floors":[],"current_hp_per_floor":[71,71,43,42,31,52,38,38,38],"gold":567,"neow_bonus":"TEN_PERCENT_HP_BONUS","is_daily":false,"chose_seed":false,"campfire_upgraded":0,"win_rate":0.0,"timestamp":1613572281,"path_taken":["M","?","?","M","?","R","?","E"],"items_purchased_type":[],"build_version":"2020-12-22","purchased_purges":0,"victory":false,"max_hp_per_floor":[71,71,71,71,71,71,71,71,71],"card_choices":[{"not_picked":["SafetyPray:ReiMu","OrbThrow:ReiMu"],"picked":"PhosphorusFlame:ReiMu","floor":1},{"not_picked":["AlertArray:ReiMu","RainPray2:ReiMu"],"picked":"LearningPray:ReiMu","floor":3},{"not_picked":["SpreadBorder2:ReiMu","RainPray2:ReiMu"],"picked":"AirManeuver:ReiMu","floor":4}],"player_experience":2157563,"relics_obtained":[],"event_choices":[{"damage_healed":0,"gold_gain":175,"player_choice":"AGREE","damage_taken":0,"max_hp_gain":0,"max_hp_loss":0,"event_name":"Liars Game","floor":2,"gold_loss":0,"cards_obtained":["Doubt"]},{"damage_healed":0,"gold_gain":75,"player_choice":"Gather Gold","damage_taken":11,"max_hp_gain":0,"max_hp_loss":0,"event_name":"World of Goop","floor":5,"gold_loss":0},{"damage_healed":0,"gold_gain":0,"player_choice":"Entered Light","damage_taken":14,"max_hp_gain":0,"max_hp_loss":0,"event_name":"Shining Light","floor":7,"gold_loss":0,"cards_upgraded":["Strike_Lin:ReiMu","LearningPray:ReiMu"]}],"is_beta":false,"boss_relics":[],"items_purged_floors":[],"is_endless":false,"potions_floor_spawned":[1,4],"killed_by":"Gremlin Nob","ascension_level":1}}