{"host":"nbofzmb1hl9rnais","time":1613523449,"event":{"mods":["BaseMod","Colored Map","Minty Spire (QoL Compilation)","StSLib"],"gold_per_floor":[116,164,183,183,196,222,235,235,235,235,410,410,423,457,457,561,561,579,494,107,107,125,125,135,165,189,189,203,234,234,134,134,237,237,247,259,275,150,170,170,170,170,170,182,182,211,211,222,222,222],"floor_reached":51,"language":"ENG","playtime":2959,"items_purged":["Doubt","Thunderclap","Deflect"],"score":850,"play_id":"28238830-e99b-40b5-a885-accad3d6b5c5","local_time":"20210216165729","daily_mods":["SealedDeck","Red Cards","Green Cards","Blue Cards","Purple Cards"],"is_ascension_mode":false,"campfire_choices":[{"data":"Bullet Time","floor":8,"key":"SMITH"},{"data":"Hologram","floor":10,"key":"SMITH"},{"data":"Chill","floor":12,"key":"SMITH"},{"data":"Disarm","floor":15,"key":"SMITH"},{"data":"Establishment","floor":23,"key":"SMITH"},{"data":"Barricade","floor":27,"key":"SMITH"},{"data":"1","floor":30,"key":"LIFT"},{"data":"2","floor":32,"key":"LIFT"},{"data":"Alpha","floor":40,"key":"SMITH"},{"data":"3","floor":47,"key":"LIFT"},{"data":"Buffer","floor":49,"key":"SMITH"}],"circlet_count":0,"master_deck":["Cloak And Dagger+1","Sucker Punch","Hologram+1","Acrobatics+1","Cleave","Redo+1","Glacier+1","Chill+1","Conserve Battery","Beam Cell","Bullet Time+1","Disarm+1","Establishment+1","Combust","CarveReality","Buffer+1","Barricade+1","CurseOfTheBell","Alpha+1"],"relics":["Burning Blood","Art of War","Sundial","Gremlin Horn","Boot","Sozu","Turnip","Self Forming Clay","Girya","War Paint","Bottled Tornado","Calling Bell","Pen Nib","Pantograph","Pocketwatch","Singing Bowl","Darkstone Periapt"],"acts_visited":["Exordium","TheCity","TheBeyond"],"potions_floor_usage":[14,46],"damage_taken":[{"damage":0,"enemies":"Cultist","floor":1,"turns":3},{"damage":0,"enemies":"Small Slimes","floor":3,"turns":3},{"damage":4,"enemies":"2 Louse","floor":5,"turns":2},{"damage":10,"enemies":"Lagavulin","floor":6,"turns":6},{"damage":0,"enemies":"Exordium Wildlife","floor":7,"turns":2},{"damage":0,"enemies":"Blue Slaver","floor":13,"turns":5},{"damage":53,"enemies":"Gremlin Nob","floor":14,"turns":7},{"damage":19,"enemies":"Hexaghost","floor":16,"turns":15},{"damage":1,"enemies":"Shell Parasite","floor":18,"turns":7},{"damage":2,"enemies":"Chosen","floor":22,"turns":4},{"damage":4,"enemies":"Centurion and Healer","floor":24,"turns":5},{"damage":6,"enemies":"Book of Stabbing","floor":25,"turns":5},{"damage":11,"enemies":"Shelled Parasite and Fungi","floor":28,"turns":5},{"damage":21,"enemies":"Slavers","floor":29,"turns":6},{"damage":9,"enemies":"Champ","floor":33,"turns":13},{"damage":15,"enemies":"Orb Walker","floor":35,"turns":4},{"damage":4,"enemies":"3 Shapes","floor":36,"turns":4},{"damage":31,"enemies":"Transient","floor":37,"turns":5},{"damage":0,"enemies":"Maw","floor":39,"turns":7},{"damage":31,"enemies":"Writhing Mass","floor":44,"turns":5},{"damage":9,"enemies":"Nemesis","floor":46,"turns":7},{"damage":9,"enemies":"Spire Growth","floor":48,"turns":7},{"damage":25,"enemies":"Time Eater","floor":50,"turns":12}],"seed_played":"5729849164364303433","potions_obtained":[{"floor":5,"key":"DistilledChaos"},{"floor":7,"key":"BloodPotion"},{"floor":13,"key":"BloodPotion"},{"floor":16,"key":"FearPotion"}],"is_trial":true,"path_per_floor":["M","T","M","?","M","E","M","R","T","R","?","R","M","E","R","B",null,"M","?","$","?","M","R","M","E","T","R","M","E","R","$","R","B",null,"M","M","M","$","M","R","?","?","T","M","?","E","R","M","R","B",null],"character_chosen":"IRONCLAD","items_purchased":["Self Forming Clay","Combust"],"campfire_rested":0,"item_purchase_floors":[20,20],"current_hp_per_floor":[80,80,80,64,66,62,68,68,68,68,68,68,74,43,43,30,80,80,80,80,80,80,80,80,80,80,80,75,60,60,60,60,57,80,71,73,48,48,54,54,54,54,54,31,68,67,67,66,66,53],"gold":222,"neow_bonus":"","is_daily":false,"chose_seed":false,"campfire_upgraded":8,"win_rate":0.0,"timestamp":1613523449,"path_taken":["M","?","M","?","M","E","M","R","T","R","?","R","M","E","R","BOSS","M","?","$","?","M","R","M","E","T","R","M","E","R","$","R","BOSS","M","M","?","$","M","R","?","?","T","?","?","E","R","M","R","BOSS"],"items_purchased_type":["Relic","Card"],"build_version":"2020-12-22","purchased_purges":3,"victory":true,"max_hp_per_floor":[80,80,80,80,80,80,80,80,80,80,80,80,80,80,80,80,80,80,80,80,80,80,80,80,80,80,80,80,80,80,80,80,80,80,80,80,80,80,80,80,76,76,76,78,68,70,70,72,72,72],"card_choices":[{"not_picked":["Evolve","Weave"],"picked":"Conserve Battery","floor":1},{"not_picked":["Tactician","Headbutt","Underhanded Strike"],"picked":"SKIP","floor":3},{"not_picked":["Gash","Masterful Stab"],"picked":"Beam Cell","floor":5},{"not_picked":["Concentrate","Deflect"],"picked":"Bullet Time","floor":6},{"not_picked":["Accuracy","Redo","CutThroughFate"],"picked":"SKIP","floor":7},{"not_picked":["Evaluate","EmptyBody","Consecrate"],"picked":"SKIP","floor":13},{"not_picked":["Halt","Heavy Blade"],"picked":"Disarm","floor":14},{"not_picked":["Electrodynamics","Judgement"],"picked":"Establishment","floor":16},{"not_picked":["Iron Wave","CutThroughFate"],"picked":"Thunderclap","floor":18},{"not_picked":["SashWhip","Headbutt","Anger"],"picked":"SKIP","floor":22},{"not_picked":["Prepared","Leap"],"picked":"Buffer","floor":24},{"not_picked":["Dagger Throw","Corpse Explosion"],"picked":"Barricade","floor":25},{"not_picked":["Underhanded Strike","Anger","Streamline"],"picked":"SKIP","floor":28},{"not_picked":["Leg Sweep","Flex","Choke"],"picked":"SKIP","floor":29},{"not_picked":["Consecrate+1","Ball Lightning+1","Quick Slash+1"],"picked":"SKIP","floor":35},{"not_picked":["Poisoned Stab+1","Deflect+1"],"picked":"Alpha","floor":36},{"not_picked":["Dagger Spray+1","Blade Dance","Prepared"],"picked":"SKIP","floor":37},{"not_picked":["Ball Lightning+1","Deflect+1","Blade Dance"],"picked":"SKIP","floor":39},{"not_picked":["SashWhip","Evaluate+1","Tactician+1"],"picked":"Singing Bowl","floor":44},{"not_picked":["EmptyFist+1","Swivel+1","Masterful Stab+1"],"picked":"Singing Bowl","floor":46},{"not_picked":["FlyingSleeves","Armaments","Wild Strike"],"picked":"Singing Bowl","floor":48}],"player_experience":113721,"relics_obtained":[{"floor":2,"key":"Art of War"},{"floor":6,"key":"Sundial"},{"floor":9,"key":"Gremlin Horn"},{"floor":14,"key":"Boot"},{"floor":25,"key":"Girya"},{"floor":26,"key":"War Paint"},{"floor":29,"key":"Bottled Tornado"},{"floor":34,"key":"Pen Nib"},{"floor":34,"key":"Pantograph"},{"floor":34,"key":"Pocketwatch"},{"floor":43,"key":"Singing Bowl"},{"floor":46,"key":"Darkstone Periapt"}],"event_choices":[{"damage_healed":0,"gold_gain":0,"player_choice":"Entered Light","damage_taken":16,"max_hp_gain":0,"max_hp_loss":0,"event_name":"Shining Light","floor":4,"gold_loss":0,"cards_upgraded":["Glacier","Cloak And Dagger"]},{"damage_healed":0,"gold_gain":175,"player_choice":"AGREE","damage_taken":0,"max_hp_gain":0,"max_hp_loss":0,"event_name":"Liars Game","floor":11,"gold_loss":0,"cards_obtained":["Doubt"]},{"damage_healed":0,"gold_gain":0,"player_choice":"Obtained Relic","damage_taken":0,"relics_obtained":["Turnip"],"max_hp_gain":0,"max_hp_loss":0,"event_name":"Addict","floor":19,"gold_loss":85},{"damage_healed":0,"gold_gain":0,"player_choice":"Copied","damage_taken":0,"max_hp_gain":0,"max_hp_loss":0,"event_name":"Duplicator","floor":21,"gold_loss":0,"cards_obtained":["CarveReality"]},{"damage_healed":0,"gold_gain":0,"player_choice":"Max HP","damage_taken":0,"max_hp_gain":0,"max_hp_loss":4,"event_name":"Winding Halls","floor":41,"gold_loss":0},{"cards_removed":["CarveReality"],"damage_healed":0,"gold_gain":0,"player_choice":"Removed Attack","damage_taken":0,"max_hp_gain":0,"max_hp_loss":0,"event_name":"Falling","floor":42,"gold_loss":0},{"damage_healed":68,"gold_gain":0,"player_choice":"Heal","damage_taken":0,"max_hp_gain":0,"max_hp_loss":10,"event_name":"The Moai Head","floor":45,"gold_loss":0}],"is_beta":false,"boss_relics":[{"not_picked":["Coffee Dripper","Snecko Eye"],"picked":"Sozu"},{"not_picked":["Cursed Key","Velvet Choker"],"picked":"Calling Bell"}],"items_purged_floors":[20,31,38],"is_endless":false,"potions_floor_spawned":[5,7,13,16,25,28,29,33,35,39,48],"ascension_level":0}}