{"host":"uod8ea48n93qw90p","time":1613520339,"event":{"mods":["AchievementEnabler","BaseMod","Highlight Path","Minty Spire (QoL Compilation)","Relic Stats","StSLib","ojb\u0027s Info Mod"],"gold_per_floor":[118,134,94,109,122,122,155,155,155,167,180,208,208,11,11,89,89,105,105,105,115,10,36,36,50,50,76,76,176,203,216,216,291,291,306,316,335,21,21,47,47,67,67,2,2,36,64,78,78,78,78,78,78,10,35,35,35],"floor_reached":56,"language":"ENG","playtime":7946,"items_purged":["Injury","Clumsy"],"score":2179,"play_id":"6a936f66-007c-4647-b6b5-65832e52df78","local_time":"20210216180539","is_ascension_mode":true,"campfire_choices":[{"data":"Unload","floor":6.0,"key":"SMITH"},{"data":"Underhanded Strike","floor":8.0,"key":"SMITH"},{"data":"Neutralize","floor":13.0,"key":"SMITH"},{"floor":15.0,"key":"REST"},{"data":"Footwork","floor":28.0,"key":"SMITH"},{"data":"1","floor":32.0,"key":"LIFT"},{"data":"2","floor":41.0,"key":"LIFT"},{"floor":49.0,"key":"RECALL"},{"data":"3","floor":53.0,"key":"LIFT"}],"circlet_count":0,"master_deck":["AscendersBane","Strike_G","Strike_G","Strike_G+1","Defend_G","Defend_G+1","Defend_G","Defend_G","Defend_G+1","Survivor","Neutralize+1","Unload+1","Underhanded Strike+1","Dagger Throw+1","Flying Knee","Reflex","Adrenaline","Acrobatics","Tools of the Trade","Terror+1","Eviscerate","Heel Hook","Slice+1","Endless Agony+1","Footwork+1","Backstab+1","Quick Slash+1","Blade Dance","Underhanded Strike+1","Adrenaline","Finisher+1","Tools of the Trade","Acrobatics","Tactician","Riddle With Holes+1","Panache","Eviscerate+1","Reflex","Acrobatics","Choke+1","Blade Dance","Cloak And Dagger+1","Sucker Punch+1","Reflex"],"relics":["Ring of the Snake","Lizard Tail","Paper Crane","Ornamental Fan","Membership Card","Cursed Key","Molten Egg 2","Mercury Hourglass","Eternal Feather","Smiling Mask","Girya","Matryoshka","InkBottle","Fusion Hammer","Toolbox","War Paint","Whetstone","Pantograph","Blood Vial"],"acts_visited":["Exordium","TheCity","TheBeyond","TheEnding"],"potions_floor_usage":[56,56],"damage_taken":[{"damage":11.0,"enemies":"Jaw Worm","floor":1.0,"turns":5.0},{"damage":6.0,"enemies":"Cultist","floor":2.0,"turns":3.0},{"damage":0.0,"enemies":"2 Louse","floor":4.0,"turns":2.0},{"damage":4.0,"enemies":"Exordium Wildlife","floor":5.0,"turns":5.0},{"damage":17.0,"enemies":"3 Sentries","floor":7.0,"turns":8.0},{"damage":0.0,"enemies":"Looter","floor":10.0,"turns":3.0},{"damage":8.0,"enemies":"Blue Slaver","floor":11.0,"turns":2.0},{"damage":10.0,"enemies":"Lagavulin","floor":12.0,"turns":8.0},{"damage":43.0,"enemies":"Hexaghost","floor":16.0,"turns":13.0},{"damage":13.0,"enemies":"3 Byrds","floor":18.0,"turns":6.0},{"damage":0.0,"enemies":"Chosen","floor":21.0,"turns":2.0},{"damage":6.0,"enemies":"Slavers","floor":23.0,"turns":4.0},{"damage":0.0,"enemies":"Sentry and Sphere","floor":25.0,"turns":3.0},{"damage":0.0,"enemies":"Gremlin Leader","floor":27.0,"turns":5.0},{"damage":0.0,"enemies":"Colosseum Slavers","floor":29.0,"turns":2.0},{"damage":0.0,"enemies":"Colosseum Nobs","floor":29.0,"turns":2.0},{"damage":0.0,"enemies":"Book of Stabbing","floor":30.0,"turns":3.0},{"damage":0.0,"enemies":"Shelled Parasite and Fungi","floor":31.0,"turns":2.0},{"damage":57.0,"enemies":"Champ","floor":33.0,"turns":7.0},{"damage":6.0,"enemies":"3 Darklings","floor":35.0,"turns":3.0},{"damage":0.0,"enemies":"Orb Walker","floor":36.0,"turns":2.0},{"damage":0.0,"enemies":"Spire Growth","floor":37.0,"turns":2.0},{"damage":20.0,"enemies":"Reptomancer","floor":40.0,"turns":4.0},{"damage":0.0,"enemies":"Writhing Mass","floor":42.0,"turns":1.0},{"damage":0.0,"enemies":"4 Shapes","floor":46.0,"turns":5.0},{"damage":0.0,"enemies":"Giant Head","floor":47.0,"turns":3.0},{"damage":0.0,"enemies":"Transient","floor":48.0,"turns":6.0},{"damage":32.0,"enemies":"Awakened One","floor":50.0,"turns":10.0},{"damage":29.0,"enemies":"Donu and Deca","floor":51.0,"turns":6.0},{"damage":0.0,"enemies":"Shield and Spear","floor":55.0,"turns":2.0},{"damage":61,"enemies":"The Heart","floor":56,"turns":5}],"seed_played":"8832730197068036304","potions_obtained":[{"floor":1.0,"key":"Energy Potion"},{"floor":3.0,"key":"Regen Potion"},{"floor":5.0,"key":"SpeedPotion"},{"floor":11.0,"key":"Dexterity Potion"},{"floor":21.0,"key":"Weak Potion"},{"floor":23.0,"key":"Block Potion"},{"floor":30.0,"key":"GamblersBrew"},{"floor":31.0,"key":"Swift Potion"},{"floor":33.0,"key":"Block Potion"},{"floor":35.0,"key":"Fire Potion"},{"floor":47.0,"key":"DistilledChaos"},{"floor":48.0,"key":"GhostInAJar"}],"is_trial":false,"path_per_floor":["M","M","?","M","M","R","E","R","T","M","M","E","R","$","R","B",null,"M","?","T","M","$","E","?","M","T","E","R","?","E","M","R","B",null,"M","M","M","$","?","E","R","M","T","$","?","M","E","M","R","B","B",null,"R","$","E","B"],"character_chosen":"THE_SILENT","items_purchased":["Membership Card","Acrobatics","Endless Agony+1","Footwork","Backstab+1","Toolbox","Panache","Eviscerate+1","Reflex","Choke+1","Blade Dance","Reflex"],"campfire_rested":1,"item_purchase_floors":[14,14,22,22,22,38,38,38,38,44,44,54],"current_hp_per_floor":[33,27,27,27,23,23,21,21,21,21,13,3,3,3,22,14,53,40,40,40,40,40,34,34,34,34,34,52,52,52,52,66,9,52,46,46,46,46,46,26,47,47,47,47,47,47,47,47,60,28,24,51,60,60,60,0,0],"gold":35,"neow_bonus":"THREE_RARE_CARDS","is_daily":false,"chose_seed":false,"campfire_upgraded":4,"win_rate":0.0,"timestamp":1613520339,"path_taken":["M","M","?","M","M","R","E","R","T","?","M","E","R","$","R","BOSS","M","?","?","M","$","E","?","?","T","E","R","?","E","M","R","BOSS","M","M","M","$","?","E","R","M","T","?","?","?","E","M","R","BOSS","BOSS","R","$","E","BOSS"],"items_purchased_type":["Relic","Card","Card","Card","Card","Relic","Card","Card","Card","Card","Card","Card"],"build_version":"2020-12-22","purchased_purges":2,"victory":false,"max_hp_per_floor":[66,66,66,66,66,66,66,66,66,66,66,66,66,66,66,66,66,66,66,66,66,66,66,66,66,66,66,66,66,66,66,66,66,66,66,66,66,66,63,63,63,63,63,63,60,60,60,60,60,60,60,60,60,60,60,60,60],"relic_stats":{"counters":[31,134],"Eternal Feather":75,"Whetstone":["Strike_G","Dagger Throw"],"War Paint":["Defend_G","Defend_G"],"Cursed Key":3,"Smiling Mask":-12,"Mercury Hourglass":[293],"Blood Vial":0,"Lizard Tail":33,"Ornamental Fan":[420],"Pantograph":25,"obtain_stats":[{"Girya":29,"Eternal Feather":26,"Whetstone":43,"Paper Crane":9,"War Paint":40,"Cursed Key":17,"Smiling Mask":27,"Mercury Hourglass":23,"Blood Vial":55,"Lizard Tail":7,"Matryoshka":29,"Ornamental Fan":12,"Pantograph":47,"Toolbox":38,"Molten Egg 2":20,"Fusion Hammer":34,"Membership Card":14,"InkBottle":30,"Ring of the Snake":0},{"Girya":16,"Eternal Feather":13,"Whetstone":24,"Paper Crane":5,"War Paint":23,"Cursed Key":9,"Smiling Mask":14,"Mercury Hourglass":12,"Blood Vial":30,"Lizard Tail":5,"Matryoshka":16,"Ornamental Fan":8,"Pantograph":26,"Toolbox":22,"Molten Egg 2":10,"Fusion Hammer":19,"Membership Card":8,"InkBottle":17,"Ring of the Snake":0},{"Girya":73,"Eternal Feather":64,"Whetstone":97,"Paper Crane":23,"War Paint":96,"Cursed Key":49,"Smiling Mask":69,"Mercury Hourglass":61,"Blood Vial":129,"Lizard Tail":23,"Matryoshka":73,"Ornamental Fan":36,"Pantograph":105,"Toolbox":92,"Molten Egg 2":55,"Fusion Hammer":85,"Membership Card":36,"InkBottle":76,"Ring of the Snake":0}],"InkBottle":[43],"Ring of the Snake":[62]},"card_choices":[{"not_picked":["Corpse Explosion","Storm of Steel"],"picked":"Unload","floor":0.0},{"not_picked":["Caltrops","Prepared"],"picked":"Underhanded Strike","floor":1.0},{"not_picked":["Dagger Spray","Leg Sweep"],"picked":"Dagger Throw","floor":2.0},{"not_picked":["Bane","Quick Slash","Dodge and Roll"],"picked":"SKIP","floor":4.0},{"not_picked":["Bane","Riddle With Holes"],"picked":"Flying Knee","floor":5.0},{"not_picked":["Prepared","Deadly Poison"],"picked":"Reflex","floor":7.0},{"not_picked":["Outmaneuver","Flying Knee","Quick Slash"],"picked":"SKIP","floor":10.0},{"not_picked":["Escape Plan","Dash"],"picked":"Adrenaline","floor":11.0},{"not_picked":["Flechettes","Outmaneuver","Heel Hook"],"picked":"SKIP","floor":12.0},{"not_picked":["Envenom","Corpse Explosion"],"picked":"Tools of the Trade","floor":16.0},{"not_picked":["Bane","Outmaneuver+1"],"picked":"Terror+1","floor":18.0},{"not_picked":["Dodge and Roll","Concentrate"],"picked":"Slice+1","floor":21.0},{"not_picked":["Doppelganger","Bullet Time"],"picked":"Quick Slash+1","floor":23.0},{"not_picked":["All Out Attack+1","Backflip"],"picked":"Blade Dance","floor":25.0},{"not_picked":["Cloak And Dagger","Infinite Blades"],"picked":"Underhanded Strike+1","floor":27.0},{"not_picked":["Prepared","Leg Sweep"],"picked":"Adrenaline","floor":29.0},{"not_picked":["Masterful Stab+1","Outmaneuver"],"picked":"Finisher+1","floor":30.0},{"not_picked":["Concentrate","Slice+1","Predator+1"],"picked":"SKIP","floor":31.0},{"not_picked":["Bullet Time","Unload+1"],"picked":"Tools of the Trade","floor":33.0},{"not_picked":["Flying Knee+1","Dash+1"],"picked":"Acrobatics","floor":35.0},{"not_picked":["Cloak And Dagger","Bane+1"],"picked":"Tactician","floor":36.0},{"not_picked":["Dagger Spray+1","Bane+1"],"picked":"Riddle With Holes+1","floor":37.0},{"not_picked":["Well Laid Plans","Flying Knee+1","Noxious Fumes"],"picked":"SKIP","floor":40.0},{"not_picked":["Expertise","Noxious Fumes"],"picked":"Acrobatics","floor":42.0},{"not_picked":["Prepared","Tactician","Skewer+1"],"picked":"SKIP","floor":46.0},{"not_picked":["Outmaneuver","Dash+1"],"picked":"Cloak And Dagger+1","floor":47.0},{"not_picked":["Flechettes+1","Burst"],"picked":"Sucker Punch+1","floor":48.0},{"not_picked":["Dagger Spray+1","Calculated Gamble","Infinite Blades"],"picked":"SKIP","floor":55.0}],"player_experience":132291,"relics_obtained":[{"floor":7.0,"key":"Lizard Tail"},{"floor":9.0,"key":"Paper Crane"},{"floor":12.0,"key":"Ornamental Fan"},{"floor":20.0,"key":"Molten Egg 2"},{"floor":23.0,"key":"Mercury Hourglass"},{"floor":26.0,"key":"Eternal Feather"},{"floor":27.0,"key":"Smiling Mask"},{"floor":29.0,"key":"Girya"},{"floor":29.0,"key":"Matryoshka"},{"floor":30.0,"key":"InkBottle"},{"floor":40.0,"key":"War Paint"},{"floor":43.0,"key":"Whetstone"},{"floor":47.0,"key":"Pantograph"},{"floor":55.0,"key":"Blood Vial"}],"event_choices":[{"damage_healed":0.0,"max_hp_gain":0.0,"max_hp_loss":0.0,"gold_gain":0.0,"event_name":"The Woman in Blue","player_choice":"Bought 3 Potions","floor":3.0,"gold_loss":0.0,"damage_taken":0.0},{"damage_healed":0.0,"max_hp_gain":0.0,"max_hp_loss":0.0,"gold_gain":0.0,"cards_transformed":["Strike_G","Strike_G"],"event_name":"Drug Dealer","player_choice":"Became Test Subject","floor":19.0,"gold_loss":0.0,"damage_taken":0.0,"cards_obtained":["Eviscerate","Heel Hook"]},{"damage_healed":0.0,"max_hp_gain":0.0,"max_hp_loss":0.0,"gold_gain":0.0,"event_name":"Ghosts","player_choice":"Ignored","floor":24.0,"gold_loss":0.0,"damage_taken":0.0},{"damage_healed":0.0,"max_hp_gain":0.0,"max_hp_loss":0.0,"gold_gain":0.0,"event_name":"Colosseum","player_choice":"Fight","floor":29.0,"gold_loss":0.0,"damage_taken":0.0},{"damage_healed":0.0,"max_hp_gain":0.0,"max_hp_loss":0.0,"gold_gain":0.0,"event_name":"Colosseum","player_choice":"Fought Nobs","floor":29.0,"gold_loss":0.0,"damage_taken":0.0},{"cards_removed":["Parasite"],"damage_healed":0.0,"max_hp_gain":0.0,"max_hp_loss":0.0,"gold_gain":0.0,"event_name":"Fountain of Cleansing","player_choice":"Removed Curses","floor":39.0,"gold_loss":0.0,"damage_taken":0.0},{"damage_healed":0.0,"max_hp_gain":0.0,"max_hp_loss":3.0,"gold_gain":0.0,"event_name":"Winding Halls","player_choice":"Max HP","floor":45.0,"gold_loss":0.0,"damage_taken":0.0}],"is_beta":false,"boss_relics":[{"not_picked":["SlaversCollar","Ring of the Serpent"],"picked":"Cursed Key"},{"not_picked":["Velvet Choker","Runic Dome"],"picked":"Fusion Hammer"}],"items_purged_floors":[38,54],"is_endless":false,"potions_floor_spawned":[1,5,11,21,23,30,31,33,35,47,48],"killed_by":"The Heart","ascension_level":20}}