{"host":"mmqs5ul2bvb60kyc","time":1613603570,"event":{"mods":["AchievementEnabler","Act Like it!","BaseMod","Colored Map","Colored Powertips","Minty Spire (QoL Compilation)","Quick Restart","StSLib"],"gold_per_floor":[418,288,299,311,61,61,118,118,118,136,162,180,180,196,196,273,273,293,318,318,334,348,348,348,348],"floor_reached":24,"language":"ZHS","playtime":1140,"items_purged":["Strike_B"],"score":376,"play_id":"cf34087a-cbad-431c-9213-8cd43e1d5baf","local_time":"20210218071250","is_ascension_mode":true,"campfire_choices":[{"data":"Defragment","floor":6.0,"key":"SMITH"},{"floor":15.0,"key":"REST"},{"floor":23.0,"key":"REST"}],"circlet_count":0,"master_deck":["AscendersBane","Zap","Dualcast","Cold Snap","Heatsinks","Hologram","Defragment+1","Backflip","Offering","Ball Lightning","Reflex","Brilliance","BootSequence","Echo Form","Seek","Lockon","Amplify","Heatsinks","Chill","Crescendo","Hello World"],"relics":["Cracked Core","Old Coin","PrismaticShard","Lantern","Ornamental Fan","Pandora\u0027s Box","Red Mask"],"acts_visited":["Exordium","TheCity"],"potions_floor_usage":[],"damage_taken":[{"damage":3.0,"enemies":"2 Louse","floor":1.0,"turns":3.0},{"damage":3.0,"enemies":"Small Slimes","floor":3.0,"turns":5.0},{"damage":2.0,"enemies":"Jaw Worm","floor":4.0,"turns":3.0},{"damage":31.0,"enemies":"Gremlin Nob","floor":7.0,"turns":4.0},{"damage":3.0,"enemies":"Blue Slaver","floor":10.0,"turns":4.0},{"damage":18.0,"enemies":"Lagavulin","floor":11.0,"turns":9.0},{"damage":8.0,"enemies":"Large Slime","floor":12.0,"turns":7.0},{"damage":7.0,"enemies":"Looter","floor":14.0,"turns":2.0},{"damage":12.0,"enemies":"Hexaghost","floor":16.0,"turns":8.0},{"damage":17.0,"enemies":"Shell Parasite","floor":18.0,"turns":2.0},{"damage":6.0,"enemies":"Masked Bandits","floor":19.0,"turns":5.0},{"damage":12.0,"enemies":"3 Byrds","floor":21.0,"turns":4.0},{"damage":6.0,"enemies":"Snecko","floor":22.0,"turns":4.0},{"damage":38,"enemies":"Gremlin Leader","floor":24,"turns":6}],"seed_played":"-7233001504955124953","potions_obtained":[{"floor":3.0,"key":"ColorlessPotion"},{"floor":4.0,"key":"Swift Potion"},{"floor":11.0,"key":"ColorlessPotion"},{"floor":21.0,"key":"ColorlessPotion"}],"is_trial":false,"path_per_floor":["M","$","M","M","$","R","?","?","T","M","E","M","?","M","R","B",null,"M","?","?","M","M","R","E"],"character_chosen":"DEFECT","items_purchased":["Cold Snap","PrismaticShard","Defragment"],"campfire_rested":2,"item_purchase_floors":[2,5,5],"current_hp_per_floor":[61,61,58,56,56,56,25,46,46,43,25,17,17,10,29,17,52,35,29,29,17,11,30,0,0],"gold":348,"neow_bonus":"ONE_RARE_RELIC","is_daily":false,"chose_seed":false,"campfire_upgraded":1,"win_rate":0.0,"timestamp":1613603570,"path_taken":["M","$","M","M","$","R","?","?","T","M","E","M","?","M","R","BOSS","M","?","?","M","M","R","E"],"items_purchased_type":["Card","Relic","Card"],"build_version":"2020-12-22","purchased_purges":1,"victory":false,"max_hp_per_floor":[64,64,64,64,64,64,64,64,64,64,64,64,64,64,64,64,64,64,64,64,64,64,64,64,64],"card_choices":[{"not_picked":["Go for the Eyes","Gash","Rebound"],"picked":"SKIP","floor":1.0},{"not_picked":["White Noise","Stack"],"picked":"Heatsinks","floor":3.0},{"not_picked":["Beam Cell","Conserve Battery"],"picked":"Hologram","floor":4.0},{"not_picked":["Concentrate","EmptyMind"],"picked":"Backflip","floor":7.0},{"not_picked":["Deadly Poison","FollowUp"],"picked":"Offering","floor":10.0},{"not_picked":["Heatsinks","Flechettes","PathToVictory"],"picked":"SKIP","floor":11.0},{"not_picked":["Deadly Poison","Perfected Strike"],"picked":"Ball Lightning","floor":12.0},{"not_picked":["Bane","Steam"],"picked":"Reflex","floor":14.0},{"not_picked":["Ragnarok","Brutality"],"picked":"Brilliance","floor":16.0},{"not_picked":["Clash","PiercingWail"],"picked":"Chill","floor":18.0},{"not_picked":["Accuracy+1","BowlingBash"],"picked":"Crescendo","floor":21.0},{"not_picked":["Rage","Shrug It Off"],"picked":"Hello World","floor":22.0}],"player_experience":372041,"relics_obtained":[{"floor":7.0,"key":"Lantern"},{"floor":11.0,"key":"Ornamental Fan"},{"floor":19.0,"key":"Red Mask"}],"event_choices":[{"damage_healed":0.0,"max_hp_gain":0.0,"max_hp_loss":0.0,"gold_gain":0.0,"event_name":"Dead Adventurer","player_choice":"Searched \u00271\u0027 times","floor":7.0,"gold_loss":0.0,"damage_taken":0.0},{"damage_healed":21.0,"max_hp_gain":0.0,"max_hp_loss":0.0,"gold_gain":0.0,"event_name":"Big Fish","player_choice":"Banana","floor":8.0,"gold_loss":0.0,"damage_taken":0.0},{"damage_healed":0.0,"max_hp_gain":0.0,"max_hp_loss":0.0,"gold_gain":0.0,"event_name":"Shining Light","player_choice":"Ignored","floor":13.0,"gold_loss":0.0,"damage_taken":0.0},{"damage_healed":0.0,"max_hp_gain":0.0,"max_hp_loss":0.0,"gold_gain":0.0,"event_name":"Masked Bandits","player_choice":"Fought Bandits","floor":19.0,"gold_loss":0.0,"damage_taken":0.0},{"cards_removed":["Reprogram"],"damage_healed":0.0,"max_hp_gain":0.0,"max_hp_loss":0.0,"gold_gain":0.0,"event_name":"Back to Basics","player_choice":"Elegance","floor":20.0,"gold_loss":0.0,"damage_taken":0.0}],"is_beta":false,"boss_relics":[{"not_picked":["Runic Pyramid","Coffee Dripper"],"picked":"Pandora\u0027s Box"}],"items_purged_floors":[2],"is_endless":false,"potions_floor_spawned":[3,4,11,21],"killed_by":"Gremlin Leader","ascension_level":18}}