{"host":"q8mjpf3krl0t4p3x","time":1613546561,"event":{"mods":["BaseMod","Colored Map","Colored Powertips","Googly Eyes","Minty Spire (QoL Compilation)","Quick Restart","StSLib","everything is the same but u backflip on backflip","slay the spire mod where everything is the same but ironclad has a cowboy hat"],"gold_per_floor":[113,123,20,20,36,36,50,69,115,115,40,72,89,103,103,178,178,189,215,265,280,298,298,311,322,370,370,65,94,106,121,121,121,121],"floor_reached":33,"language":"ENG","playtime":1102,"items_purged":["Strike_R","Strike_R"],"score":478,"play_id":"01ba313b-53d9-43d5-847f-2dad57aebf77","local_time":"20210216232241","is_ascension_mode":true,"campfire_choices":[{"data":"Dual Wield","floor":15,"key":"SMITH"},{"data":"Battle Trance","floor":23,"key":"SMITH"},{"data":"Demon Form","floor":27,"key":"SMITH"},{"floor":32,"key":"REST"}],"circlet_count":0,"master_deck":["AscendersBane","Strike_R","Strike_R","Strike_R","Defend_R","Defend_R","Defend_R","Defend_R","Bash","Demon Form+1","Whirlwind+1","Uppercut","Flex","Shrug It Off","Dual Wield+1","Battle Trance+1","Offering"],"relics":["Burning Blood","Oddly Smooth Stone","Paper Frog","Velvet Choker","Red Mask","Toy Ornithopter","ClockworkSouvenir","Lantern"],"acts_visited":["Exordium","TheCity"],"potions_floor_usage":[16,16,19,22,25,29,29,31],"damage_taken":[{"damage":10,"enemies":"Jaw Worm","floor":1,"turns":7},{"damage":6,"enemies":"Cultist","floor":2,"turns":4},{"damage":0,"enemies":"Small Slimes","floor":5,"turns":2},{"damage":14,"enemies":"Looter","floor":7,"turns":3},{"damage":10,"enemies":"Exordium Wildlife","floor":8,"turns":3},{"damage":26,"enemies":"Gremlin Nob","floor":12,"turns":4},{"damage":0,"enemies":"3 Louse","floor":13,"turns":1},{"damage":0,"enemies":"Lots of Slimes","floor":14,"turns":1},{"damage":33,"enemies":"Hexaghost","floor":16,"turns":7},{"damage":24,"enemies":"Spheric Guardian","floor":18,"turns":5},{"damage":0,"enemies":"Masked Bandits","floor":19,"turns":2},{"damage":20,"enemies":"Chosen","floor":21,"turns":5},{"damage":1,"enemies":"Snecko","floor":22,"turns":3},{"damage":14,"enemies":"Cultist and Chosen","floor":24,"turns":5},{"damage":11,"enemies":"Shelled Parasite and Fungi","floor":25,"turns":2},{"damage":15,"enemies":"Gremlin Leader","floor":29,"turns":4},{"damage":26,"enemies":"Centurion and Healer","floor":30,"turns":4},{"damage":0,"enemies":"Snake Plant","floor":31,"turns":3},{"damage":36,"enemies":"Champ","floor":33,"turns":7}],"seed_played":"625457172543987929","potions_obtained":[{"floor":1,"key":"Ancient Potion"},{"floor":5,"key":"ColorlessPotion"},{"floor":8,"key":"SteroidPotion"},{"floor":13,"key":"DuplicationPotion"},{"floor":16,"key":"Explosive Potion"},{"floor":19,"key":"AttackPotion"},{"floor":21,"key":"DuplicationPotion"},{"floor":24,"key":"Block Potion"},{"floor":30,"key":"BlessingOfTheForge"}],"is_trial":false,"path_per_floor":["M","M","$","?","M","?","M","M","T","?","$","E","M","M","R","B",null,"M","?","?","M","M","R","M","M","T","R","$","E","M","M","R","B"],"character_chosen":"IRONCLAD","items_purchased":["Flex","Shrug It Off","Energy Potion","ClockworkSouvenir"],"campfire_rested":1,"item_purchase_floors":[3,3,28,28],"current_hp_per_floor":[64,64,64,64,70,70,62,58,58,63,63,43,49,55,55,28,67,49,55,55,41,46,46,38,33,33,33,33,34,14,25,49,13,13],"gold":121,"neow_bonus":"ONE_RANDOM_RARE_CARD","is_daily":false,"chose_seed":false,"campfire_upgraded":3,"win_rate":0.0,"timestamp":1613546561,"path_taken":["M","M","$","?","?","?","M","M","T","?","?","E","M","M","R","BOSS","M","?","?","M","?","R","M","?","T","R","$","E","M","M","R","BOSS"],"items_purchased_type":["Card","Card","Potion","Relic"],"build_version":"2020-12-22","purchased_purges":2,"victory":false,"max_hp_per_floor":[75,75,75,75,75,75,75,75,75,80,80,80,80,80,80,80,80,80,80,80,80,80,80,80,80,80,80,80,80,80,80,80,80,80],"card_choices":[{"not_picked":["Sever Soul","Dark Embrace"],"picked":"Whirlwind","floor":1},{"not_picked":["Twin Strike","Havoc"],"picked":"Uppercut","floor":2},{"not_picked":["Iron Wave","Wild Strike","Cleave"],"picked":"SKIP","floor":5},{"not_picked":["Sword Boomerang","Cleave"],"picked":"Dual Wield","floor":7},{"not_picked":["Sword Boomerang","Shockwave"],"picked":"Battle Trance","floor":8},{"not_picked":["Rupture","Evolve","Warcry"],"picked":"SKIP","floor":12},{"not_picked":["Metallicize","Flex","Berserk"],"picked":"SKIP","floor":13},{"not_picked":["Flex","Havoc","Carnage"],"picked":"SKIP","floor":14},{"not_picked":["Immolate","Feed"],"picked":"Offering","floor":16},{"not_picked":["Shrug It Off","Havoc","Dual Wield"],"picked":"SKIP","floor":18},{"not_picked":["Power Through","Iron Wave","Perfected Strike"],"picked":"SKIP","floor":21},{"not_picked":["Pummel","Body Slam+1","True Grit+1"],"picked":"SKIP","floor":22},{"not_picked":["Shrug It Off","Warcry","Rampage"],"picked":"SKIP","floor":24},{"not_picked":["Intimidate","Clothesline+1","Battle Trance"],"picked":"SKIP","floor":25},{"not_picked":["True Grit","Thunderclap+1","Second Wind"],"picked":"SKIP","floor":29},{"not_picked":["Fiend Fire","Perfected Strike+1","Sword Boomerang"],"picked":"SKIP","floor":30},{"not_picked":["Clothesline","Thunderclap+1","Warcry"],"picked":"SKIP","floor":31}],"player_experience":191008,"relics_obtained":[{"floor":9,"key":"Oddly Smooth Stone"},{"floor":12,"key":"Paper Frog"},{"floor":19,"key":"Red Mask"},{"floor":26,"key":"Toy Ornithopter"},{"floor":29,"key":"Lantern"}],"event_choices":[{"damage_healed":0,"gold_gain":0,"player_choice":"Forge","damage_taken":0,"max_hp_gain":0,"max_hp_loss":0,"event_name":"Accursed Blacksmith","floor":4,"gold_loss":0,"cards_upgraded":["Whirlwind"]},{"damage_healed":0,"gold_gain":0,"player_choice":"Ignored","damage_taken":0,"max_hp_gain":0,"max_hp_loss":0,"event_name":"Golden Idol","floor":6,"gold_loss":0},{"damage_healed":0,"gold_gain":0,"player_choice":"Donut","damage_taken":0,"max_hp_gain":5,"max_hp_loss":0,"event_name":"Big Fish","floor":10,"gold_loss":0},{"damage_healed":0,"gold_gain":0,"player_choice":"Fought Bandits","damage_taken":0,"max_hp_gain":0,"max_hp_loss":0,"event_name":"Masked Bandits","floor":19,"gold_loss":0},{"damage_healed":0,"gold_gain":100,"player_choice":"Bet on Murderer","damage_taken":0,"max_hp_gain":0,"max_hp_loss":0,"event_name":"The Joust","floor":20,"gold_loss":50}],"is_beta":false,"boss_relics":[{"not_picked":["Black Star","Snecko Eye"],"picked":"Velvet Choker"}],"items_purged_floors":[11,28],"is_endless":false,"potions_floor_spawned":[1,5,8,13,16,19,21,24,30],"killed_by":"Champ","ascension_level":15}}