{"host":"92108ef2q9tm8rod","time":1613567157,"event":{"mods":["BaseMod","Defuse TimeMaze Blight","Minty Spire (QoL Compilation)","StSLib","The Jungle"],"gold_per_floor":[110,110,110,125,138,138,170,180,180,180,197,197,223,255,255,359,359,371,386,386,386,386,640,667,696,696,707,707,707,707,719,719,820,820,830,843,617,617,633,633,633,660,660,694,446,446,460,156,156,156],"floor_reached":51,"language":"ENG","playtime":2118,"items_purged":["ThirdEye","Hologram"],"score":1206,"play_id":"feb8c0a9-82bf-40fb-9dee-6e8d47aa0888","local_time":"20210217130557","daily_mods":["SealedDeck","Purple Cards","Heirloom","Flight"],"is_ascension_mode":false,"campfire_choices":[{"data":"Go for the Eyes","floor":6,"key":"SMITH"},{"data":"PathToVictory","floor":10,"key":"SMITH"},{"data":"PathToVictory","floor":12,"key":"SMITH"},{"data":"Glacier","floor":15,"key":"SMITH"},{"data":"Streamline","floor":28,"key":"SMITH"},{"floor":30,"key":"DIG"},{"floor":32,"key":"DIG"},{"floor":40,"key":"REST"},{"floor":46,"key":"DIG"},{"data":"Gash","floor":49,"key":"SMITH"}],"circlet_count":0,"master_deck":["Leap","Go for the Eyes+1","Streamline+1","Conserve Battery","Glacier+1","PathToVictory+1","Gash+1","PathToVictory+1","WindmillStrike+1"],"relics":["Cracked Core","Ginger","Meat on the Bone","Matryoshka","Molten Egg 2","Bottled Flame","MealTicket","Nunchaku","Art of War","Blue Candle","Shovel","StrikeDummy","Bag of Marbles","Juzu Bracelet","Incense Burner","Vajra","Anchor","Busted Crown","Lee\u0027s Waffle","Lantern","InkBottle","Letter Opener","Mummified Hand","Ornamental Fan","Omamori","Pocketwatch","StoneCalendar"],"acts_visited":["Exordium","Exordium","TheBeyond"],"potions_floor_usage":[16,23,23,23,24,42,50,50,50],"damage_taken":[{"damage":0,"enemies":"2 Louse","floor":1,"turns":2},{"damage":0,"enemies":"Small Slimes","floor":4,"turns":3},{"damage":0,"enemies":"Jaw Worm","floor":5,"turns":2},{"damage":7,"enemies":"Gremlin Nob","floor":7,"turns":3},{"damage":0,"enemies":"Lots of Slimes","floor":8,"turns":3},{"damage":0,"enemies":"3 Louse","floor":11,"turns":3},{"damage":0,"enemies":"Lagavulin","floor":13,"turns":3},{"damage":0,"enemies":"Gremlin Nob","floor":14,"turns":2},{"damage":0,"enemies":"The Guardian","floor":16,"turns":7},{"damage":0,"enemies":"theJungle:5_Spyders","floor":18,"turns":5},{"damage":2,"enemies":"theJungle:MUSHROOMGANG","floor":19,"turns":4},{"damage":15,"enemies":"theJungle:Cassacara","floor":23,"turns":5},{"damage":0,"enemies":"theJungle:MamaSnecko","floor":24,"turns":7},{"damage":3,"enemies":"theJungle:Cassacara","floor":25,"turns":6},{"damage":0,"enemies":"theJungle:SlimyTreeVines","floor":27,"turns":4},{"damage":0,"enemies":"theJungle:2_Snecko_Cultists","floor":31,"turns":3},{"damage":0,"enemies":"theJungle:FunGuy","floor":33,"turns":7},{"damage":0,"enemies":"Orb Walker","floor":35,"turns":4},{"damage":3,"enemies":"3 Shapes","floor":36,"turns":3},{"damage":23,"enemies":"Jaw Worm Horde","floor":39,"turns":3},{"damage":0,"enemies":"Reptomancer","floor":42,"turns":5},{"damage":0,"enemies":"Nemesis","floor":44,"turns":5},{"damage":0,"enemies":"Sphere and 2 Shapes","floor":47,"turns":4},{"damage":0,"enemies":"Donu and Deca","floor":50,"turns":8}],"seed_played":"-7919647394819582730","potions_obtained":[{"floor":5,"key":"SkillPotion"},{"floor":11,"key":"SpeedPotion"},{"floor":13,"key":"DistilledChaos"},{"floor":14,"key":"Swift Potion"},{"floor":16,"key":"FocusPotion"},{"floor":19,"key":"Dexterity Potion"},{"floor":23,"key":"DuplicationPotion"},{"floor":23,"key":"PotionOfCapacity"},{"floor":23,"key":"PotionOfCapacity"},{"floor":27,"key":"FearPotion"},{"floor":31,"key":"Energy Potion"},{"floor":36,"key":"Strength Potion"},{"floor":39,"key":"Ancient Potion"},{"floor":47,"key":"PowerPotion"}],"is_trial":true,"path_per_floor":["M","$","?","M","M","R","E","M","T","R","M","R","E","E","R","B",null,"M","M","?","?","?","E","E","E","T","M","R","?","R","M","R","B",null,"M","M","$","T","M","R","?","E","T","E","$","R","M","$","R","B",null],"character_chosen":"DEFECT","items_purchased":["Lee\u0027s Waffle","Omamori","StoneCalendar"],"campfire_rested":1,"item_purchase_floors":[37,45,48],"current_hp_per_floor":[75,75,75,75,75,75,68,68,68,68,68,68,68,68,68,68,75,75,73,73,73,73,58,58,55,55,58,58,58,58,58,58,58,75,75,72,82,82,59,82,82,82,82,82,82,82,82,82,82,82],"gold":156,"neow_bonus":"","is_daily":false,"chose_seed":false,"campfire_upgraded":6,"win_rate":0.0,"timestamp":1613567157,"path_taken":["M","$","?","M","M","R","E","M","T","R","M","R","E","E","R","BOSS","M","M","?","?","?","E","E","E","T","M","R","?","R","M","R","BOSS","M","M","$","?","M","R","?","E","T","E","$","R","M","$","R","BOSS"],"items_purchased_type":["Relic","Relic","Relic"],"build_version":"2020-12-22","purchased_purges":2,"victory":true,"max_hp_per_floor":[75,75,75,75,75,75,75,75,75,75,75,75,75,75,75,75,75,75,75,75,75,75,75,75,75,75,75,75,75,75,75,75,75,75,75,75,82,82,82,82,82,82,82,82,82,82,82,82,82,82],"card_choices":[{"not_picked":["Redo","Beam Cell","Consecrate"],"picked":"SKIP","floor":1},{"not_picked":["Consecrate","Cold Snap","Tempest"],"picked":"SKIP","floor":4},{"not_picked":["Turbo","CrushJoints","Leap"],"picked":"SKIP","floor":5},{"not_picked":["Barrage","Tantrum","Halt"],"picked":"SKIP","floor":7},{"not_picked":["Consecrate","Streamline","Crescendo"],"picked":"SKIP","floor":8},{"not_picked":["Prostrate","Crescendo","Nirvana"],"picked":"SKIP","floor":11},{"not_picked":["Force Field","TalkToTheHand+1"],"picked":"WindmillStrike+1","floor":13},{"not_picked":["Multi-Cast","White Noise","Seek"],"picked":"SKIP","floor":14},{"not_picked":["Skim","Steam","Halt"],"picked":"SKIP","floor":18},{"not_picked":["FollowUp+1","Conserve Battery+1","FlyingSleeves+1"],"picked":"SKIP","floor":19},{"not_picked":["Sunder+1","Lockon+1","CarveReality+1"],"picked":"SKIP","floor":23},{"not_picked":["Fission","Conserve Battery","Consecrate+1"],"picked":"SKIP","floor":24},{"not_picked":["Worship","ReachHeaven+1","EmptyBody"],"picked":"SKIP","floor":25},{"not_picked":["Protect","Streamline+1","FollowUp+1"],"picked":"SKIP","floor":27},{"not_picked":["Scrape+1","Steam Power","Consecrate+1"],"picked":"SKIP","floor":31},{"not_picked":["Gash+1"],"picked":"SKIP","floor":35},{"not_picked":["Vengeance+1"],"picked":"SKIP","floor":36},{"not_picked":["Go for the Eyes+1"],"picked":"SKIP","floor":39},{"not_picked":["Crescendo"],"picked":"SKIP","floor":42},{"not_picked":["Pray"],"picked":"SKIP","floor":44},{"not_picked":["WreathOfFlame"],"picked":"SKIP","floor":47}],"player_experience":3428008,"relics_obtained":[{"floor":7,"key":"Meat on the Bone"},{"floor":9,"key":"Matryoshka"},{"floor":13,"key":"Molten Egg 2"},{"floor":14,"key":"Bottled Flame"},{"floor":23,"key":"MealTicket"},{"floor":23,"key":"Nunchaku"},{"floor":23,"key":"Art of War"},{"floor":23,"key":"Blue Candle"},{"floor":24,"key":"Shovel"},{"floor":25,"key":"StrikeDummy"},{"floor":26,"key":"Bag of Marbles"},{"floor":26,"key":"Juzu Bracelet"},{"floor":29,"key":"Incense Burner"},{"floor":30,"key":"Vajra"},{"floor":32,"key":"Anchor"},{"floor":38,"key":"Lantern"},{"floor":38,"key":"InkBottle"},{"floor":42,"key":"Letter Opener"},{"floor":43,"key":"Mummified Hand"},{"floor":44,"key":"Ornamental Fan"},{"floor":46,"key":"Pocketwatch"}],"event_choices":[{"damage_healed":0,"gold_gain":0,"player_choice":"Fled","damage_taken":0,"max_hp_gain":0,"max_hp_loss":0,"event_name":"Scrap Ooze","floor":3,"gold_loss":0},{"damage_healed":0,"gold_gain":0,"player_choice":"Relic","damage_taken":0,"max_hp_gain":0,"max_hp_loss":0,"event_name":"Wheel of Change","floor":29,"gold_loss":0},{"damage_healed":0,"gold_gain":0,"player_choice":"Ignored","damage_taken":0,"max_hp_gain":0,"max_hp_loss":0,"event_name":"Mysterious Sphere","floor":41,"gold_loss":0}],"is_beta":false,"boss_relics":[{"not_picked":["Calling Bell","Philosopher\u0027s Stone","Sozu"]},{"not_picked":["SlaversCollar","FrozenCore"],"picked":"Busted Crown"}],"items_purged_floors":[37,45],"is_endless":false,"potions_floor_spawned":[5,11,13,14,16,19,27,31,33,36,39,47],"ascension_level":0}}