{"host":"zxd2l8an9de7z7b9","time":1613588795,"event":{"mods":["2.2 Compatiblity","AchievementEnabler","BaseMod","CapriCore","Colored Map","Colored Powertips","Minty Spire (QoL Compilation)","Rare Cards Sparkle","StSLib","SuperFastMode","everything is the same but u backflip on backflip"],"gold_per_floor":[112,112,128,128,146,184,184,199,274,224,299,299,313,343,343,467,467,491,18,18,18,42,82,82,107,107,132,132,155,155,194,194,322,322,336,160,160,175,195,218,253,276,351,684,684,711,711,727,727,727,727,727,141,171,171],"floor_reached":56,"language":"KOR","playtime":3763,"items_purged":["Zap","Strike_B+1","Strike_B+1"],"score":1245,"play_id":"fd705825-a7ed-46a6-a37a-d1de39c9817f","local_time":"20210218040635","is_ascension_mode":false,"campfire_choices":[{"data":"Beam Cell","floor":7.0,"key":"SMITH"},{"floor":12.0,"key":"REST"},{"floor":15.0,"key":"REST"},{"data":"Reprogram","floor":24.0,"key":"SMITH"},{"data":"Reprogram","floor":28.0,"key":"SMITH"},{"floor":32.0,"key":"RECALL"},{"data":"Seek","floor":45.0,"key":"SMITH"},{"data":"Deep Breath","floor":47.0,"key":"SMITH"},{"data":"Loop","floor":49.0,"key":"SMITH"},{"data":"Skim","floor":52.0,"key":"SMITH"}],"circlet_count":0,"master_deck":["Defend_B+1","Defend_B+1","Defend_B+1","Dualcast+1","Beam Cell+1","Go for the Eyes+1","Loop+1","Seek+1","Gash","Reprogram+1","Conserve Battery","Sweeping Beam","Reprogram+1","Leap+1","Gash+1","Skim+1","Machine Learning","Deep Breath+1","Scrape+1","Streamline"],"relics":["Cracked Core","CaptainsWheel","Nuclear Battery","Shuriken","OrangePellets","Tiny Chest","Gremlin Horn","Vajra","SacredBark","Smiling Mask","Pantograph","Question Card","Regal Pillow","Whetstone","Pear","War Paint"],"acts_visited":["Exordium","TheCity","TheBeyond","TheEnding"],"potions_floor_usage":[55,55,55],"damage_taken":[{"damage":0.0,"enemies":"2 Louse","floor":1.0,"turns":2.0},{"damage":1.0,"enemies":"Cultist","floor":3.0,"turns":3.0},{"damage":0.0,"enemies":"Jaw Worm","floor":5.0,"turns":2.0},{"damage":34.0,"enemies":"3 Sentries","floor":6.0,"turns":8.0},{"damage":6.0,"enemies":"3 Louse","floor":8.0,"turns":3.0},{"damage":2.0,"enemies":"Looter","floor":13.0,"turns":2.0},{"damage":19.0,"enemies":"The Guardian","floor":16.0,"turns":13.0},{"damage":10.0,"enemies":"Shell Parasite","floor":18.0,"turns":6.0},{"damage":0.0,"enemies":"Spheric Guardian","floor":22.0,"turns":4.0},{"damage":3.0,"enemies":"Book of Stabbing","floor":23.0,"turns":6.0},{"damage":13.0,"enemies":"Chosen and Byrds","floor":25.0,"turns":7.0},{"damage":0.0,"enemies":"Cultist and Chosen","floor":27.0,"turns":6.0},{"damage":1.0,"enemies":"Shelled Parasite and Fungi","floor":29.0,"turns":6.0},{"damage":0.0,"enemies":"Gremlin Leader","floor":31.0,"turns":5.0},{"damage":9.0,"enemies":"Champ","floor":33.0,"turns":9.0},{"damage":16.0,"enemies":"3 Shapes","floor":35.0,"turns":3.0},{"damage":5.0,"enemies":"Orb Walker","floor":38.0,"turns":4.0},{"damage":25.0,"enemies":"Maw","floor":39.0,"turns":8.0},{"damage":5.0,"enemies":"Nemesis","floor":41.0,"turns":9.0},{"damage":0.0,"enemies":"Spire Growth","floor":42.0,"turns":4.0},{"damage":5.0,"enemies":"Giant Head","floor":46.0,"turns":6.0},{"damage":3.0,"enemies":"3 Darklings","floor":48.0,"turns":4.0},{"damage":54.0,"enemies":"Donu and Deca","floor":50.0,"turns":6.0},{"damage":26,"enemies":"Shield and Spear","floor":54,"turns":7},{"damage":73,"enemies":"The Heart","floor":55,"turns":8}],"seed_played":"6653433582597652898","potions_obtained":[{"floor":1.0,"key":"EssenceOfDarkness"},{"floor":5.0,"key":"BlessingOfTheForge"},{"floor":16.0,"key":"Fire Potion"},{"floor":18.0,"key":"Block Potion"},{"floor":27.0,"key":"Strength Potion"},{"floor":31.0,"key":"AttackPotion"},{"floor":35.0,"key":"Regen Potion"},{"floor":39.0,"key":"Fire Potion"},{"floor":42.0,"key":"LiquidMemories"},{"floor":48.0,"key":"Strength Potion"}],"is_trial":false,"path_per_floor":["M","?","M","?","M","E","R","M","T","?","?","R","M","?","R","B",null,"M","$","?","?","M","E","R","M","T","M","R","M","?","E","R","B",null,"M","$","?","M","M","T","E","M","T","?","R","E","R","M","R","B",null,"R","$","E","B",null],"character_chosen":"DEFECT","items_purchased":["Shuriken","OrangePellets","DuplicationPotion","Whetstone","Dexterity Potion","Dexterity Potion","SteroidPotion","Pear"],"campfire_rested":2,"item_purchase_floors":[19,19,36,53,53,53,53,53],"current_hp_per_floor":[75,57,56,56,56,22,22,16,16,16,5,27,25,25,47,28,75,65,65,65,85,85,82,82,69,69,69,69,68,68,68,68,59,85,69,69,69,64,84,84,79,79,79,79,79,74,74,71,71,31,85,85,95,69,21],"gold":171,"neow_bonus":"REMOVE_CARD","is_daily":false,"chose_seed":false,"campfire_upgraded":7,"win_rate":0.0,"timestamp":1613588795,"path_taken":["M","?","M","?","?","E","R","M","T","?","?","R","M","?","R","BOSS","M","$","?","?","M","E","R","M","T","?","R","M","?","E","R","BOSS","M","$","?","M","M","?","E","M","T","?","R","E","R","M","R","BOSS","R","$","E","BOSS"],"items_purchased_type":["Relic","Relic","Potion","Relic","Potion","Potion","Potion","Relic"],"build_version":"2020-12-22","purchased_purges":3,"victory":true,"max_hp_per_floor":[75,75,75,75,75,75,75,75,75,75,75,75,75,75,75,75,75,75,75,75,85,85,85,85,85,85,85,85,85,85,85,85,85,85,85,85,85,85,85,85,85,85,85,85,85,85,85,85,85,85,85,85,95,95,95],"card_choices":[{"not_picked":["Undo","Recycle"],"picked":"Beam Cell","floor":1.0},{"not_picked":["Barrage","Streamline"],"picked":"Go for the Eyes","floor":3.0},{"not_picked":["Steam","Coolheaded"],"picked":"Loop","floor":5.0},{"not_picked":["Barrage","Reprogram"],"picked":"Seek","floor":6.0},{"not_picked":["Go for the Eyes","Compile Driver"],"picked":"Gash","floor":8.0},{"not_picked":["Sunder","Stack"],"picked":"Reprogram","floor":13.0},{"not_picked":["Thunder Strike","Biased Cognition"],"picked":"Creative AI","floor":16.0},{"not_picked":["Recycle","Hello World"],"picked":"Conserve Battery","floor":18.0},{"not_picked":["Cold Snap+1","Conserve Battery"],"picked":"Sweeping Beam","floor":22.0},{"not_picked":["Redo+1","Steam+1"],"picked":"Reprogram","floor":23.0},{"not_picked":["Steam Power","Streamline+1"],"picked":"Leap","floor":25.0},{"not_picked":["Sweeping Beam","Redo","Amplify"],"picked":"SKIP","floor":27.0},{"not_picked":["Sweeping Beam","Redo","Amplify"],"picked":"SKIP","floor":27.0},{"not_picked":["Beam Cell","White Noise"],"picked":"Gash","floor":29.0},{"not_picked":["Doom and Gloom","Steam+1"],"picked":"Skim","floor":31.0},{"not_picked":["Creative AI","Buffer"],"picked":"Machine Learning","floor":33.0},{"not_picked":["Sunder+1","Rebound+1","Stack+1"],"picked":"SKIP","floor":35.0},{"not_picked":["Blind","PanicButton"],"picked":"Deep Breath","floor":37.0},{"not_picked":["Beam Cell","Conserve Battery+1","Ball Lightning"],"picked":"SKIP","floor":38.0},{"not_picked":["Conserve Battery","Cold Snap+1","Sweeping Beam"],"picked":"SKIP","floor":39.0},{"not_picked":["Barrage+1","Go for the Eyes"],"picked":"Scrape+1","floor":41.0},{"not_picked":["Capacitor+1","White Noise","Recycle"],"picked":"SKIP","floor":42.0},{"not_picked":["Beam Cell","Genetic Algorithm+1","Steam Power+1","Amplify"],"picked":"SKIP","floor":46.0},{"not_picked":["Coolheaded","Steam Power","Fusion"],"picked":"Streamline","floor":48.0},{"not_picked":["FTL","Tempest+1","Steam","White Noise"],"picked":"SKIP","floor":54}],"player_experience":378422,"relics_obtained":[{"floor":6.0,"key":"CaptainsWheel"},{"floor":23.0,"key":"Tiny Chest"},{"floor":26.0,"key":"Gremlin Horn"},{"floor":31.0,"key":"Vajra"},{"floor":40.0,"key":"Smiling Mask"},{"floor":41.0,"key":"Pantograph"},{"floor":43.0,"key":"Question Card"},{"floor":46.0,"key":"Regal Pillow"},{"floor":54,"key":"War Paint"}],"event_choices":[{"damage_healed":0.0,"max_hp_gain":0.0,"max_hp_loss":0.0,"gold_gain":0.0,"event_name":"Golden Idol","player_choice":"Take Damage","floor":2.0,"gold_loss":0.0,"damage_taken":18.0,"relics_obtained":["Golden Idol"]},{"cards_removed":["Defend_B"],"damage_healed":0.0,"max_hp_gain":0.0,"max_hp_loss":0.0,"gold_gain":0.0,"event_name":"Purifier","player_choice":"Purged","floor":4.0,"gold_loss":0.0,"damage_taken":0.0},{"cards_removed":["Strike_B"],"damage_healed":0.0,"max_hp_gain":0.0,"max_hp_loss":0.0,"gold_gain":0.0,"event_name":"The Cleric","player_choice":"Card Removal","floor":10.0,"gold_loss":50.0,"damage_taken":0.0},{"damage_healed":0.0,"max_hp_gain":0.0,"max_hp_loss":0.0,"gold_gain":75.0,"event_name":"World of Goop","player_choice":"Gather Gold","floor":11.0,"gold_loss":0.0,"damage_taken":11.0},{"damage_healed":0.0,"max_hp_gain":0.0,"max_hp_loss":0.0,"gold_gain":30.0,"event_name":"Dead Adventurer","player_choice":"Searched \u00271\u0027 times","floor":14.0,"gold_loss":0.0,"damage_taken":0.0},{"damage_healed":0.0,"max_hp_gain":0.0,"max_hp_loss":0.0,"gold_gain":0.0,"event_name":"Back to Basics","player_choice":"Simplicity","floor":20.0,"gold_loss":0.0,"damage_taken":0.0,"cards_upgraded":["Strike_B","Strike_B","Defend_B","Defend_B","Defend_B"]},{"cards_removed":["Creative AI"],"damage_healed":10.0,"max_hp_gain":10.0,"max_hp_loss":0.0,"gold_gain":0.0,"event_name":"Bonfire Elementals","player_choice":"Offered Rare","floor":21.0,"gold_loss":0.0,"damage_taken":0.0},{"damage_healed":0.0,"max_hp_gain":0.0,"max_hp_loss":0.0,"gold_gain":0.0,"event_name":"Ghosts","player_choice":"Ignored","floor":30.0,"gold_loss":0.0,"damage_taken":0.0},{"damage_healed":0.0,"max_hp_gain":0.0,"max_hp_loss":0.0,"gold_gain":0.0,"event_name":"SensoryStone","player_choice":"Memory 1","floor":37.0,"gold_loss":0.0,"damage_taken":0.0},{"damage_healed":0.0,"max_hp_gain":0.0,"max_hp_loss":0.0,"gold_gain":333.0,"event_name":"The Moai Head","player_choice":"Gave Idol","floor":44.0,"relics_lost":["Golden Idol"],"gold_loss":0.0,"damage_taken":0.0}],"is_beta":false,"boss_relics":[{"not_picked":["Pandora\u0027s Box","Philosopher\u0027s Stone"],"picked":"Nuclear Battery"},{"not_picked":["Velvet Choker","Sozu"],"picked":"SacredBark"}],"items_purged_floors":[19,36,53],"is_endless":false,"potions_floor_spawned":[1,5,16,18,27,31,35,39,42,48,54],"ascension_level":0}}