{"host":"cfqfeqi6u2qx5u0e","time":1613586787,"event":{"mods":["AchievementEnabler","BaseMod","Minty Spire (QoL Compilation)","Quick Restart","StSLib"],"gold_per_floor":[159,170,184,359,0,34,34,48,48,108,142,157,186,254,254,353,353,368,300,300,300,300,335,335,362,362,396,421,72,84,110,110,208,208,218,67,289,289,334,361,361,411,411,411,423,423,423,117,117,117,117,117,39,68,68],"floor_reached":56,"language":"ENG","playtime":3598,"items_purged":[],"score":1340,"play_id":"644c20e8-3a89-4ae7-9bdd-7ee459d837cb","local_time":"20210217103307","is_ascension_mode":true,"campfire_choices":[{"floor":7,"key":"REST"},{"floor":15,"key":"REST"},{"floor":24,"key":"REST"},{"floor":32,"key":"RECALL"},{"data":"Spot Weakness","floor":41,"key":"SMITH"},{"data":"1","floor":44,"key":"LIFT"},{"data":"2","floor":46,"key":"LIFT"},{"data":"3","floor":49,"key":"LIFT"},{"data":"Heavy Blade","floor":52,"key":"SMITH"}],"circlet_count":0,"master_deck":["Strike_R","Strike_R","Strike_R","Strike_R+1","Strike_R","Defend_R","Defend_R","Defend_R","Bash","Spot Weakness+1","Flex","Infernal Blade","Carnage","Doubt","Reaper","Feel No Pain","Heavy Blade","Corruption","Shrug It Off","Heavy Blade+1","Pommel Strike","Combust","Feed","Armaments","Reaper","Shockwave","Metallicize","J.A.X.","Uppercut+1","Twin Strike","Uppercut","Fire Breathing","Shockwave+1","Bludgeon","Dark Embrace","Reaper","Bludgeon","Uppercut","Fire Breathing+1","Power Through+1","Evolve","Pommel Strike+1"],"relics":["Tiny House","Vajra","Dream Catcher","Sundial","Incense Burner","Magic Flower","InkBottle","Snecko Eye","CaptainsWheel","Tiny Chest","Champion Belt","Red Mask","Bronze Scales","Orichalcum","Philosopher\u0027s Stone","TheAbacus","Letter Opener","TungstenRod","White Beast Statue","Ginger","Girya","Brimstone","Boot","Paper Frog"],"acts_visited":["Exordium","TheCity","TheBeyond","TheEnding"],"potions_floor_usage":[6,6,13,13,16,23,25,33,33,54,55],"damage_taken":[{"damage":6,"enemies":"2 Louse","floor":1,"turns":2},{"damage":0,"enemies":"Small Slimes","floor":2,"turns":3},{"damage":0,"enemies":"Jaw Worm","floor":3,"turns":1},{"damage":31,"enemies":"Lagavulin","floor":6,"turns":5},{"damage":10,"enemies":"3 Louse","floor":8,"turns":3},{"damage":31,"enemies":"3 Sentries","floor":10,"turns":6},{"damage":27,"enemies":"3 Sentries","floor":11,"turns":5},{"damage":1,"enemies":"2 Fungi Beasts","floor":12,"turns":2},{"damage":36,"enemies":"Lagavulin","floor":13,"turns":7},{"damage":45,"enemies":"Hexaghost","floor":16,"turns":9},{"damage":14,"enemies":"2 Thieves","floor":18,"turns":4},{"damage":49,"enemies":"Slavers","floor":23,"turns":5},{"damage":65,"enemies":"Gremlin Leader","floor":25,"turns":7},{"damage":33,"enemies":"Slavers","floor":27,"turns":6},{"damage":43,"enemies":"Masked Bandits","floor":28,"turns":6},{"damage":8,"enemies":"3 Byrds","floor":30,"turns":3},{"damage":31,"enemies":"Collector","floor":33,"turns":9},{"damage":17,"enemies":"3 Shapes","floor":35,"turns":3},{"damage":47,"enemies":"2 Orb Walkers","floor":39,"turns":4},{"damage":23,"enemies":"Giant Head","floor":40,"turns":7},{"damage":27,"enemies":"Mind Bloom Boss Battle","floor":42,"turns":7},{"damage":5,"enemies":"Orb Walker","floor":45,"turns":2},{"damage":28,"enemies":"Donu and Deca","floor":50,"turns":6},{"damage":50,"enemies":"Shield and Spear","floor":54,"turns":4},{"damage":66,"enemies":"The Heart","floor":55,"turns":5}],"seed_played":"7122745011145429032","potions_obtained":[{"floor":0,"key":"LiquidMemories"},{"floor":1,"key":"CultistPotion"},{"floor":2,"key":"GamblersBrew"},{"floor":11,"key":"Regen Potion"},{"floor":13,"key":"Fire Potion"},{"floor":16,"key":"BloodPotion"},{"floor":23,"key":"SteroidPotion"},{"floor":28,"key":"FairyPotion"},{"floor":30,"key":"Ancient Potion"},{"floor":35,"key":"FearPotion"},{"floor":42,"key":"Regen Potion"},{"floor":45,"key":"Regen Potion"},{"floor":54,"key":"BloodPotion"}],"is_trial":false,"path_per_floor":["M","M","M","?","$","E","R","M","T","?","E","M","E","?","R","B",null,"M","$","?","?","?","E","R","E","T","E","?","$","M","T","R","B",null,"M","$","?","T","?","E","R","?","T","R","M","R","?","$","R","B",null,"R","$","E","B",null],"character_chosen":"IRONCLAD","items_purchased":["Vajra","Reaper","Feel No Pain","Metallicize","Bronze Scales","Bludgeon","ColorlessPotion","TheAbacus","Brimstone","Boot","Evolve"],"campfire_rested":3,"item_purchase_floors":[5,5,5,19,29,29,29,36,48,48,53],"current_hp_per_floor":[79,79,79,79,79,48,73,75,75,44,29,28,28,28,53,20,85,79,79,79,79,62,67,94,36,36,58,66,66,78,78,78,80,103,91,91,91,91,92,86,86,81,81,81,88,88,88,88,88,107,109,109,109,105,109],"gold":68,"neow_bonus":"BOSS_RELIC","is_daily":false,"chose_seed":false,"campfire_upgraded":2,"win_rate":0.0,"timestamp":1613586787,"path_taken":["M","M","M","?","$","E","R","M","T","?","E","M","E","?","R","BOSS","M","$","?","?","?","E","R","E","T","E","?","$","M","?","R","BOSS","M","$","?","?","?","E","R","?","T","R","M","R","?","$","R","BOSS","R","$","E","BOSS"],"items_purchased_type":["Relic","Card","Card","Card","Relic","Card","Potion","Relic","Relic","Relic","Card"],"build_version":"2020-12-22","purchased_purges":0,"victory":true,"max_hp_per_floor":[85,85,85,85,85,85,85,85,85,85,85,85,85,85,85,85,85,89,89,89,89,94,94,94,94,94,97,100,100,103,103,103,103,103,106,106,106,106,106,106,106,106,106,106,106,106,106,106,106,109,109,109,109,109,109],"card_choices":[{"not_picked":["True Grit","Shrug It Off"],"picked":"Spot Weakness","floor":0},{"not_picked":["Wild Strike","Sword Boomerang"],"picked":"Flex","floor":1},{"not_picked":["Armaments","Clothesline"],"picked":"Infernal Blade","floor":2},{"not_picked":["Power Through","Anger"],"picked":"Carnage","floor":3},{"not_picked":["Carnage","Headbutt"],"picked":"Heavy Blade","floor":6},{"not_picked":["Clothesline","Thunderclap"],"picked":"Corruption","floor":7},{"not_picked":["Sword Boomerang","Body Slam"],"picked":"Shrug It Off","floor":8},{"not_picked":["True Grit","Clothesline"],"picked":"Heavy Blade","floor":10},{"not_picked":["Carnage","Armaments"],"picked":"Pommel Strike","floor":11},{"not_picked":["Warcry","Anger"],"picked":"Combust","floor":12},{"not_picked":["Body Slam","Rupture"],"picked":"Feed","floor":13},{"not_picked":["Cleave","Warcry"],"picked":"Armaments","floor":15},{"not_picked":["Demon Form","Fiend Fire"],"picked":"Reaper","floor":16},{"not_picked":["Clash","Dual Wield"],"picked":"Shockwave","floor":18},{"not_picked":["Bloodletting","Perfected Strike+1"],"picked":"Uppercut+1","floor":23},{"not_picked":["Rage","Pommel Strike"],"picked":"Twin Strike","floor":24},{"not_picked":["Armaments","Warcry+1"],"picked":"Uppercut","floor":25},{"not_picked":["Pommel Strike","Entrench+1"],"picked":"Fire Breathing","floor":27},{"not_picked":["Offering","Anger"],"picked":"Shockwave+1","floor":28},{"not_picked":["Seeing Red","Cleave+1"],"picked":"Dark Embrace","floor":30},{"not_picked":["Limit Break","Barricade"],"picked":"Reaper","floor":33},{"not_picked":["Clash+1","Pommel Strike","Body Slam"],"picked":"SKIP","floor":35},{"not_picked":["Clash","Pummel"],"picked":"Bludgeon","floor":39},{"not_picked":["Armaments+1","Cleave+1"],"picked":"Uppercut","floor":40},{"not_picked":["Ghostly Armor+1","Warcry+1"],"picked":"Fire Breathing+1","floor":42},{"not_picked":["Body Slam+1","Shrug It Off+1"],"picked":"Power Through+1","floor":45},{"not_picked":["Thunderclap","Flex+1"],"picked":"Pommel Strike+1","floor":54}],"player_experience":71351,"relics_obtained":[{"floor":6,"key":"Dream Catcher"},{"floor":9,"key":"Sundial"},{"floor":11,"key":"Magic Flower"},{"floor":13,"key":"InkBottle"},{"floor":23,"key":"CaptainsWheel"},{"floor":25,"key":"Tiny Chest"},{"floor":27,"key":"Champion Belt"},{"floor":28,"key":"Red Mask"},{"floor":31,"key":"Orichalcum"},{"floor":38,"key":"Letter Opener"},{"floor":39,"key":"TungstenRod"},{"floor":40,"key":"White Beast Statue"},{"floor":42,"key":"Ginger"},{"floor":43,"key":"Girya"},{"floor":54,"key":"Paper Frog"}],"event_choices":[{"damage_healed":0,"gold_gain":175,"player_choice":"AGREE","damage_taken":0,"max_hp_gain":0,"max_hp_loss":0,"event_name":"Liars Game","floor":4,"gold_loss":0,"cards_obtained":["Doubt"]},{"damage_healed":0,"gold_gain":0,"player_choice":"Searched \u00272\u0027 times","damage_taken":0,"relics_obtained":["Incense Burner"],"max_hp_gain":0,"max_hp_loss":0,"event_name":"Dead Adventurer","floor":10,"gold_loss":0},{"damage_healed":0,"gold_gain":68,"player_choice":"Gained Gold","damage_taken":0,"max_hp_gain":0,"max_hp_loss":0,"event_name":"Golden Wing","floor":14,"gold_loss":0},{"damage_healed":0,"gold_gain":0,"player_choice":"Ignored","damage_taken":0,"max_hp_gain":0,"max_hp_loss":0,"event_name":"Ghosts","floor":20,"gold_loss":0},{"damage_healed":0,"gold_gain":0,"player_choice":"Obtain J.A.X.","damage_taken":0,"max_hp_gain":0,"max_hp_loss":0,"event_name":"Drug Dealer","floor":21,"gold_loss":0,"cards_obtained":["J.A.X."]},{"damage_healed":0,"gold_gain":0,"player_choice":"Shed Blood","damage_taken":22,"max_hp_gain":5,"max_hp_loss":0,"event_name":"Forgotten Altar","floor":22,"gold_loss":0},{"damage_healed":0,"gold_gain":0,"player_choice":"Fought Bandits","damage_taken":0,"max_hp_gain":0,"max_hp_loss":0,"event_name":"Masked Bandits","floor":28,"gold_loss":0},{"damage_healed":0,"gold_gain":222,"player_choice":"Wore Mask","damage_taken":0,"max_hp_gain":0,"max_hp_loss":0,"event_name":"Tomb of Lord Red Mask","floor":37,"gold_loss":0},{"damage_healed":0,"gold_gain":0,"player_choice":"Fight","damage_taken":0,"max_hp_gain":0,"max_hp_loss":0,"event_name":"Mysterious Sphere","floor":39,"gold_loss":0},{"damage_healed":0,"gold_gain":0,"player_choice":"Fight","damage_taken":0,"max_hp_gain":0,"max_hp_loss":0,"event_name":"MindBloom","floor":42,"gold_loss":0},{"cards_removed":["Defend_R"],"damage_healed":0,"gold_gain":0,"player_choice":"Removed Skill","damage_taken":0,"max_hp_gain":0,"max_hp_loss":0,"event_name":"Falling","floor":47,"gold_loss":0}],"is_beta":false,"boss_relics":[{"not_picked":["Fusion Hammer","Busted Crown"],"picked":"Snecko Eye"},{"not_picked":["Mark of Pain","Velvet Choker"],"picked":"Philosopher\u0027s Stone"}],"items_purged_floors":[],"is_endless":false,"potions_floor_spawned":[1,2,11,13,16,23,28,30,35,42,45,54],"ascension_level":1}}