{"host":"m6e09adb7fik7oct","time":1613585334,"event":{"mods":["AchievementEnabler","BaseMod","Better Altar","Better Note","Better Sensory Stone","Better Third Choice","BetterRewards","Block Reminder","Colored Map","Displayed Cursed Tome","Energized Spire","Evolution","Infinite Spire","Ironclad Rager","Key Reminder","Mad Scientist","Minty Spire (QoL Compilation)","Quick Restart","RNG Fix","Relic Stats","Reorder Act Four","Replay The Spire","StSLib","The Construct","The Jungle","The Marked","Trackpad","Transform Curses","Unceasing Turn Reminder","Wandering Minibosses","everything is the same but u backflip on backflip"],"gold_per_floor":[114,89,7,22,22,22,60,60,85,104,123,142,161,180,180,305,305,324,324,343,343,343,343,381,400,425,425,444,444,463,482,482,607,607,665,727,793,793,793],"floor_reached":38,"language":"ENG","playtime":3767,"items_purged":["Injury"],"score":602,"play_id":"497237cf-7e12-461d-9450-03856de41ba8","local_time":"20210217130854","daily_mods":["Chimera","Uncertain Future","Terminal"],"is_ascension_mode":false,"campfire_choices":[{"data":"Static Discharge","floor":6.0,"key":"SMITH"},{"data":"Rip and Tear","floor":8.0,"key":"SMITH"},{"data":"Double Energy","floor":15.0,"key":"SMITH"},{"floor":23.0,"key":"DIG"},{"data":"Double Energy","floor":29.0,"key":"SMITH"}],"circlet_count":0,"master_deck":["Bash","Survivor","Zap","Eruption","Compile Driver","Compile Driver","Compile Driver","Conserve Battery","Conserve Battery","Conserve Battery","Static Discharge+1","Rip and Tear+1","Beam Cell","Core Surge","Streamline","Double Energy+1","Rainbow","CurseOfTheBell","Self Repair","Storm","Hello World","Double Energy+1","Pot Of Greed","Pot Of Greed","FIFO Queue","Barrage+1","Beam Cell","Pot Of Greed","ReplayTheSpireMod:GoodbyeWorld+1","Conserve Battery+1","Rip and Tear","Mirror Shield","Electrodynamics","Cold Snap+1","Go for the Eyes+1","ReplayTheSpireMod:Reroute Power"],"relics":["Cracked Core","EVO:Axolotl","betterThird:SlimedRelic","Golden Idol","Smiling Mask","trackpad:SappingStone","Replay:Grab Bag","energizedSpire:StickyHand","energizedSpire:NeverEndingSparkler","Calling Bell","Blue Doll","Blue Candle","infinitespire:Golems Mask","Enchiridion","Replay:Multitool","trackpad:RapidFire","trackpad:DisasterInABottle","Grinning Jar","energizedSpire:OldTV","infinitespire:EvilPickle","Prayer Wheel"],"acts_visited":["Exordium","TheCity","TheBeyond"],"potions_floor_usage":[],"damage_taken":[{"damage":0.0,"enemies":"Jaw Worm","floor":1.0,"turns":3.0},{"damage":0.0,"enemies":"2 Louse","floor":4.0,"turns":2.0},{"damage":4.0,"enemies":"Gremlin Nob","floor":7.0,"turns":3.0},{"damage":0.0,"enemies":"Cultist","floor":10.0,"turns":3.0},{"damage":0.0,"enemies":"Red Slaver","floor":11.0,"turns":2.0},{"damage":0.0,"enemies":"Lots of Slimes","floor":12.0,"turns":3.0},{"damage":0.0,"enemies":"3 Louse","floor":13.0,"turns":3.0},{"damage":0.0,"enemies":"Exordium Wildlife","floor":14.0,"turns":2.0},{"damage":35.0,"enemies":"Hexaghost","floor":16.0,"turns":7.0},{"damage":10.0,"enemies":"3 Byrds","floor":18.0,"turns":4.0},{"damage":1.0,"enemies":"Shell Parasite","floor":20.0,"turns":3.0},{"damage":1.0,"enemies":"Nightmare","floor":24.0,"turns":4.0},{"damage":0.0,"enemies":"Cultist and Chosen","floor":25.0,"turns":3.0},{"damage":0.0,"enemies":"Sentry and Sphere","floor":28.0,"turns":3.0},{"damage":8.0,"enemies":"Snake Plant","floor":30.0,"turns":2.0},{"damage":0,"enemies":"3 Cultists","floor":31,"turns":4},{"damage":9,"enemies":"Pondfish","floor":33,"turns":10},{"damage":0,"enemies":"Orb Walker","floor":35,"turns":2},{"damage":0,"enemies":"3 Darklings","floor":36,"turns":2},{"damage":49,"enemies":"Maw","floor":37,"turns":6},{"damage":16,"enemies":"Sphere and 2 Shapes","floor":38,"turns":3}],"seed_played":"6706742764168558924","potions_obtained":[{"floor":1.0,"key":"Strength Potion"},{"floor":4.0,"key":"SteroidPotion"},{"floor":11.0,"key":"SpeedPotion"},{"floor":16.0,"key":"FocusPotion"},{"floor":18.0,"key":"ColorlessPotion"},{"floor":24.0,"key":"GamblersBrew"}],"is_trial":false,"path_per_floor":["M","?","$","M","?","R","E","R","T","M","M","M","M","M","R","B",null,"M","?","M","AVR","?","R","NM","M","T","?","M","R","M","M","R","B",null,"M","M","M","M"],"character_chosen":"DEFECT","items_purchased":["Rip and Tear"],"campfire_rested":0,"item_purchase_floors":[3],"current_hp_per_floor":[91,80,80,80,80,80,76,76,76,76,76,76,76,76,76,41,75,65,49,48,48,48,48,54,61,61,61,61,61,60,61,60,58,58,57,56,14,0,0],"gold":793,"neow_bonus":"","is_daily":true,"chose_seed":false,"campfire_upgraded":4,"win_rate":0.0,"timestamp":1613585334,"path_taken":["M","?","$","M","?","R","E","R","T","M","M","M","?","M","R","BOSS","M","?","M","AVR","?","R","NM","M","T","?","M","R","M","M","R","BOSS","M","M","M","M"],"items_purchased_type":["Card"],"build_version":"2020-12-22","purchased_purges":1,"victory":false,"max_hp_per_floor":[91,90,89,88,87,86,85,84,83,82,81,80,79,78,77,76,75,74,73,72,71,70,69,68,67,66,65,64,63,62,61,60,59,58,57,56,55,55,55],"relic_stats":{"counters":[21,74],"Golden Idol":122,"Blue Candle":[0],"Prayer Wheel":1,"Smiling Mask":0,"obtain_stats":[{"Golden Idol":5,"trackpad:SappingStone":9,"Replay:Grab Bag":17,"Blue Candle":17,"Enchiridion":19,"Blue Doll":17,"Replay:Multitool":21,"EVO:Axolotl":0,"energizedSpire:StickyHand":17,"Smiling Mask":7,"trackpad:DisasterInABottle":24,"Calling Bell":17,"infinitespire:EvilPickle":34,"trackpad:RapidFire":23,"energizedSpire:NeverEndingSparkler":17,"betterThird:SlimedRelic":2,"infinitespire:Golems Mask":17,"Prayer Wheel":37,"Grinning Jar":26,"Cracked Core":0,"energizedSpire:OldTV":34},{"Golden Idol":2,"trackpad:SappingStone":3,"Replay:Grab Bag":9,"Blue Candle":9,"Enchiridion":10,"Blue Doll":9,"Replay:Multitool":11,"EVO:Axolotl":0,"energizedSpire:StickyHand":9,"Smiling Mask":3,"trackpad:DisasterInABottle":12,"Calling Bell":9,"infinitespire:EvilPickle":17,"trackpad:RapidFire":11,"energizedSpire:NeverEndingSparkler":9,"betterThird:SlimedRelic":1,"infinitespire:Golems Mask":9,"Prayer Wheel":20,"Grinning Jar":13,"Cracked Core":0,"energizedSpire:OldTV":17},{"Golden Idol":5,"trackpad:SappingStone":8,"Replay:Grab Bag":28,"Blue Candle":28,"Enchiridion":32,"Blue Doll":28,"Replay:Multitool":35,"EVO:Axolotl":0,"energizedSpire:StickyHand":28,"Smiling Mask":8,"trackpad:DisasterInABottle":39,"Calling Bell":28,"infinitespire:EvilPickle":61,"trackpad:RapidFire":35,"energizedSpire:NeverEndingSparkler":28,"betterThird:SlimedRelic":3,"infinitespire:Golems Mask":28,"Prayer Wheel":68,"Grinning Jar":42,"Cracked Core":0,"energizedSpire:OldTV":61}]},"card_choices":[{"not_picked":["Stack","Steam"],"picked":"Static Discharge","floor":1.0},{"not_picked":["Ball Lightning","Heatsinks"],"picked":"Beam Cell","floor":4.0},{"not_picked":["Stack","Sunder"],"picked":"Core Surge","floor":7.0},{"not_picked":["Scrape","Coolheaded"],"picked":"Streamline","floor":10.0},{"not_picked":["Barrage","Conserve Battery","Coolheaded"],"picked":"SKIP","floor":11.0},{"not_picked":["Steam Power","Hello World","Go for the Eyes"],"picked":"SKIP","floor":12.0},{"not_picked":["Steam","Panic Button","Leap"],"picked":"SKIP","floor":13.0},{"not_picked":["Turbo","Core Surge"],"picked":"Double Energy","floor":14.0},{"not_picked":["Seek","Buffer"],"picked":"Rainbow","floor":16.0},{"not_picked":["Streamline","Cold Snap","Beam Cell+1"],"picked":"SKIP","floor":18.0},{"not_picked":["Turbo","Steam","BasicCrystalCard+1"],"picked":"SKIP","floor":20.0},{"not_picked":["Storm","Double Energy"],"picked":"Hello World","floor":24.0},{"not_picked":["Compile Driver","Coolheaded","Self Repair"],"picked":"SKIP","floor":25.0},{"not_picked":["Barrage+1","Beam Cell"],"picked":"FIFO Queue","floor":28.0},{"not_picked":["Conserve Battery+1","Rip and Tear"],"picked":"ReplayTheSpireMod:GoodbyeWorld","floor":30.0},{"not_picked":["Coolheaded","BasicCrystalCard","Loop+1"],"picked":"SKIP","floor":31},{"not_picked":["Mirror Shield","Electrodynamics"],"picked":"ReplayTheSpireMod:Fabricate Wheel","floor":33},{"not_picked":["Chill+1","Ball Lightning","Cold Snap+1"],"picked":"SKIP","floor":35},{"not_picked":["Cold Snap+1","Go for the Eyes+1"],"picked":"ReplayTheSpireMod:Reroute Power","floor":36},{"not_picked":["Compile Driver","Ball Lightning+1","Gash+1"],"picked":"SKIP","floor":37},{"not_picked":["Stack","Leap+1","Electrodynamics"],"picked":"SKIP","floor":37}],"player_experience":452656,"relics_obtained":[{"floor":7.0,"key":"Smiling Mask"},{"floor":9.0,"key":"trackpad:SappingStone"},{"floor":17.0,"key":"Blue Doll"},{"floor":17.0,"key":"Blue Candle"},{"floor":17.0,"key":"infinitespire:Golems Mask"},{"floor":23.0,"key":"trackpad:RapidFire"},{"floor":24.0,"key":"trackpad:DisasterInABottle"},{"floor":26.0,"key":"Grinning Jar"}],"event_choices":[{"damage_healed":0.0,"max_hp_gain":0.0,"max_hp_loss":0.0,"gold_gain":0.0,"event_name":"betterThird:BetterGoop","player_choice":"Slimed","floor":2.0,"gold_loss":25.0,"damage_taken":11.0},{"damage_healed":0.0,"max_hp_gain":0.0,"max_hp_loss":0.0,"gold_gain":0.0,"event_name":"Golden Idol","player_choice":"Take Wound","floor":5.0,"gold_loss":0.0,"damage_taken":0.0,"relics_obtained":["Golden Idol"],"cards_obtained":["Injury"]},{"damage_healed":0.0,"max_hp_gain":0.0,"max_hp_loss":0.0,"gold_gain":0.0,"event_name":"Cursed Tome","player_choice":"Obtained Book","floor":19.0,"gold_loss":0.0,"damage_taken":16.0},{"damage_healed":0.0,"max_hp_gain":0.0,"max_hp_loss":0.0,"gold_gain":0.0,"event_name":"The Library","player_choice":"Read","floor":22.0,"gold_loss":0.0,"damage_taken":0.0,"cards_obtained":["Self Repair"]},{"damage_healed":0.0,"max_hp_gain":0.0,"max_hp_loss":0.0,"gold_gain":0.0,"event_name":"betterThird:BetterWriting","player_choice":"Adaptability","floor":27.0,"gold_loss":0.0,"damage_taken":0.0}],"is_beta":false,"boss_relics":[{"not_picked":["energizedSpire:RedRose","Abe\u0027s Treasure"],"picked":"Replay:Grab Bag"},{"not_picked":["energizedSpire:OgreHead","ReplayTheSpireMod:Onyx Gauntlets"],"picked":"energizedSpire:StickyHand"},{"not_picked":["Replay:Wanted Poster","Runic Dome"],"picked":"energizedSpire:NeverEndingSparkler"},{"not_picked":["trackpad:StolenKidneys","Inserter"],"picked":"Calling Bell"},{"not_picked":["Velvet Choker","construct:WeddingRing"],"picked":"energizedSpire:OldTV"}],"items_purged_floors":[21],"is_endless":true,"potions_floor_spawned":[1,4,11,16,18,24,25,30,37],"killed_by":"Sphere and 2 Shapes","ascension_level":0}}