{"host":"3hzk4hwwdropes3d","time":1613598536,"event":{"mods":["BaseMod","Hermit","Minty Spire (QoL Compilation)","StSLib"],"gold_per_floor":[117,94,105,120,132,132,165,165,165,165,191,191,207,232,232,331,381,392,392,392,410,45,45,144,144,144,163,63,98,110,139,139,243,243,254,266,266,141,152,152,2,27,27,42,42,42,57,0,0,0],"floor_reached":51,"language":"ENG","playtime":2285,"items_purged":["Strike_P","Defend_P+1","Wireheading","Eruption"],"score":985,"play_id":"2841563f-6dd5-4448-a483-9e3424fccffd","local_time":"20210217134856","is_ascension_mode":true,"campfire_choices":[{"data":"Halt","floor":6,"key":"SMITH"},{"data":"Consecrate","floor":8,"key":"SMITH"},{"data":"Tantrum","floor":10,"key":"SMITH"},{"data":"Adaptation","floor":15,"key":"SMITH"},{"data":"Halt","floor":23,"key":"SMITH"},{"floor":32,"key":"REST"},{"data":"MentalFortress","floor":40,"key":"SMITH"},{"data":"Blasphemy","floor":45,"key":"SMITH"},{"floor":49,"key":"REST"}],"circlet_count":0,"master_deck":["Vigilance","FlurryOfBlows","EmptyFist","FlurryOfBlows+1","Tantrum+1","Halt+1","Consecrate+1","Blasphemy+1","Devotion","InnerPeace","Adaptation+1","Vault","MentalFortress+1","Halt+1","ThirdEye","FlurryOfBlows","Wallop","SashWhip+1","EmptyMind","InnerPeace","Brilliance","Protect","ClearTheMind","Tantrum","EmptyFist+1"],"relics":["PureWater","NeowsBlessing","Blood Vial","Anchor","TeardropLocket","Akabeko","Tiny House","MutagenicStrength","Shuriken","Darkstone Periapt","Strawberry","Kunai","Pandora\u0027s Box","Omamori","Singing Bowl","Red Mask"],"acts_visited":["Exordium","TheCity","TheBeyond"],"potions_floor_usage":[16,33,50,50],"damage_taken":[{"damage":0,"enemies":"Small Slimes","floor":1,"turns":1},{"damage":0,"enemies":"Cultist","floor":3,"turns":1},{"damage":0,"enemies":"2 Louse","floor":4,"turns":1},{"damage":0,"enemies":"Large Slime","floor":5,"turns":3},{"damage":15,"enemies":"3 Sentries","floor":7,"turns":5},{"damage":0,"enemies":"Gremlin Nob","floor":11,"turns":2},{"damage":0,"enemies":"Blue Slaver","floor":13,"turns":2},{"damage":21,"enemies":"Lagavulin","floor":14,"turns":4},{"damage":38,"enemies":"Hexaghost","floor":16,"turns":7},{"damage":0,"enemies":"Chosen","floor":18,"turns":3},{"damage":0,"enemies":"2 Thieves","floor":21,"turns":1},{"damage":0,"enemies":"Centurion and Healer","floor":27,"turns":2},{"damage":33,"enemies":"Slavers","floor":29,"turns":4},{"damage":6,"enemies":"Snecko","floor":30,"turns":4},{"damage":0,"enemies":"Book of Stabbing","floor":31,"turns":4},{"damage":21,"enemies":"Champ","floor":33,"turns":6},{"damage":0,"enemies":"Orb Walker","floor":35,"turns":2},{"damage":49,"enemies":"3 Shapes","floor":36,"turns":5},{"damage":6,"enemies":"Spire Growth","floor":39,"turns":3},{"damage":0,"enemies":"Reptomancer","floor":42,"turns":3},{"damage":0,"enemies":"Maw","floor":44,"turns":4},{"damage":36,"enemies":"3 Darklings","floor":47,"turns":3},{"damage":73,"enemies":"Time Eater","floor":50,"turns":6}],"seed_played":"-7516814476653750180","potions_obtained":[{"floor":1,"key":"CultistPotion"},{"floor":11,"key":"ColorlessPotion"},{"floor":16,"key":"SneckoOil"},{"floor":17,"key":"FairyPotion"},{"floor":18,"key":"Energy Potion"},{"floor":33,"key":"FearPotion"}],"is_trial":false,"path_per_floor":["M","$","M","M","M","R","E","R","T","R","E","?","M","E","R","B",null,"M","?","?","M","$","R","?","?","T","M","$","E","M","E","R","B",null,"M","M","?","$","M","R","$","E","T","M","R","$","M","?","R","B",null],"character_chosen":"WATCHER","items_purchased":["EmptyFist","Shuriken","FlurryOfBlows"],"campfire_rested":2,"item_purchase_floors":[2,22,22],"current_hp_per_floor":[72,72,72,72,72,72,57,57,57,57,59,59,61,42,42,6,77,77,63,63,65,65,65,65,65,65,67,67,43,39,41,67,48,89,89,40,40,40,36,36,36,38,38,42,42,42,10,10,37,7],"gold":0,"neow_bonus":"THREE_ENEMY_KILL","is_daily":false,"chose_seed":false,"campfire_upgraded":7,"win_rate":0.0,"timestamp":1613598536,"path_taken":["M","$","M","M","M","R","E","R","T","R","E","?","?","E","R","BOSS","M","?","?","M","$","R","?","?","T","M","?","E","M","E","R","BOSS","M","M","?","$","M","R","$","E","T","M","R","$","?","?","R","BOSS"],"items_purchased_type":["Card","Relic","Card"],"build_version":"2020-12-22","purchased_purges":4,"victory":true,"max_hp_per_floor":[72,72,72,72,72,72,72,72,72,72,72,72,72,72,72,72,77,77,82,82,82,82,82,82,82,82,82,82,89,89,89,89,89,89,89,89,89,89,89,89,89,89,89,91,91,91,93,93,93,93],"card_choices":[{"not_picked":["ThirdEye","Evaluate"],"picked":"FlurryOfBlows","floor":1},{"not_picked":["BowlingBash","Protect"],"picked":"FlurryOfBlows","floor":3},{"not_picked":["CarveReality","Prostrate"],"picked":"Tantrum","floor":4},{"not_picked":["Evaluate","EmptyBody"],"picked":"Halt","floor":5},{"not_picked":["ForeignInfluence","PathToVictory"],"picked":"Consecrate","floor":7},{"not_picked":["Nirvana","Study"],"picked":"Blasphemy","floor":11},{"not_picked":["BowlingBash","SashWhip"],"picked":"InnerPeace","floor":13},{"not_picked":["SashWhip","BattleHymn"],"picked":"Adaptation","floor":14},{"not_picked":["Establishment","SpiritShield"],"picked":"Vault","floor":16},{"not_picked":["Protect","CrushJoints"],"picked":"MentalFortress","floor":17},{"not_picked":["Evaluate","Conclude"],"picked":"Halt","floor":18},{"not_picked":["Blasphemy","SashWhip+1"],"picked":"ThirdEye","floor":21},{"not_picked":["Weave+1","WheelKick"],"picked":"Wallop","floor":27},{"not_picked":["Consecrate+1","SignatureMove"],"picked":"SashWhip+1","floor":29},{"not_picked":["Pray+1","CrushJoints","BattleHymn+1"],"picked":"SKIP","floor":30},{"not_picked":["Fasting2","Vault"],"picked":"EmptyMind","floor":31},{"not_picked":["WheelKick","EmptyBody+1"],"picked":"Tantrum","floor":35},{"not_picked":["ClearTheMind+1","JustLucky+1","FollowUp"],"picked":"SKIP","floor":36},{"not_picked":["SashWhip","Halt","ReachHeaven"],"picked":"SKIP","floor":39},{"not_picked":["ReachHeaven+1","Crescendo+1"],"picked":"EmptyFist+1","floor":42},{"not_picked":["CrushJoints","BowlingBash","Nirvana"],"picked":"Singing Bowl","floor":44},{"not_picked":["EmptyBody","JustLucky+1","DevaForm"],"picked":"Singing Bowl","floor":47}],"player_experience":309377,"relics_obtained":[{"floor":7,"key":"Blood Vial"},{"floor":9,"key":"Anchor"},{"floor":11,"key":"TeardropLocket"},{"floor":14,"key":"Akabeko"},{"floor":26,"key":"Darkstone Periapt"},{"floor":29,"key":"Strawberry"},{"floor":31,"key":"Kunai"},{"floor":42,"key":"Omamori"},{"floor":43,"key":"Singing Bowl"}],"event_choices":[{"damage_healed":0,"gold_gain":0,"player_choice":"1 cards matched","damage_taken":0,"max_hp_gain":0,"max_hp_loss":0,"event_name":"Match and Keep!","floor":12,"gold_loss":0,"cards_obtained":["Devotion"]},{"damage_healed":0,"gold_gain":0,"player_choice":"Shed Blood","damage_taken":19,"max_hp_gain":5,"max_hp_loss":0,"event_name":"Forgotten Altar","floor":19,"gold_loss":0},{"damage_healed":0,"gold_gain":0,"player_choice":"Inject Mutagens","damage_taken":0,"relics_obtained":["MutagenicStrength"],"max_hp_gain":0,"max_hp_loss":0,"event_name":"Drug Dealer","floor":20,"gold_loss":0},{"damage_healed":0,"gold_gain":99,"player_choice":"Stole From Cult","damage_taken":0,"max_hp_gain":0,"max_hp_loss":0,"event_name":"Nest","floor":24,"gold_loss":0},{"damage_healed":0,"gold_gain":0,"player_choice":"Simplicity","damage_taken":0,"max_hp_gain":0,"max_hp_loss":0,"event_name":"Back to Basics","floor":25,"gold_loss":0,"cards_upgraded":["Strike_P","Strike_P","Strike_P","Defend_P","Defend_P","Defend_P","Defend_P"]},{"cards_removed":["SignatureMove"],"damage_healed":0,"gold_gain":0,"player_choice":"Purged","damage_taken":0,"max_hp_gain":0,"max_hp_loss":0,"event_name":"Purifier","floor":37,"gold_loss":0},{"damage_healed":0,"gold_gain":0,"player_choice":"Paid","damage_taken":0,"relics_obtained":["Red Mask"],"max_hp_gain":0,"max_hp_loss":0,"event_name":"Tomb of Lord Red Mask","floor":48,"gold_loss":57}],"is_beta":false,"boss_relics":[{"not_picked":["Velvet Choker","Runic Pyramid"],"picked":"Tiny House"},{"not_picked":["SacredBark","Empty Cage"],"picked":"Pandora\u0027s Box"}],"items_purged_floors":[22,28,38,41],"is_endless":false,"potions_floor_spawned":[1,11,16,18,33,36,47],"ascension_level":4}}