{"host":"4gkev1dtxxhiue3x","time":1613590985,"event":{"mods":["AchievementEnabler","BaseMod","Better Altar","Better Match","Better Note","Better Sensory Stone","Better Skull","Better Third Choice","Colored Powertips","Downfall","Friendly Minions","Hermit","Minty Spire (QoL Compilation)","Relic Stats","Robot Space Explorer","Shop Mod","StSLib","The Construct","The Disciple","The Hierophant"],"gold_per_floor":[109,123,95,109,122,122,156,156,156,156,156],"floor_reached":10,"language":"ENG","playtime":806,"items_purged":[],"score":75,"play_id":"02cd06a9-6477-4187-988e-4753fde2776e","local_time":"20210217204305","is_ascension_mode":true,"campfire_choices":[{"data":"Static Discharge","floor":6,"key":"SMITH"},{"data":"Double Energy","floor":8,"key":"SMITH"}],"circlet_count":0,"master_deck":["Strike_B","Strike_B","Strike_B","Strike_B","Defend_B","Defend_B","Defend_B","Defend_B","Zap","Dualcast","Buffer","Fusion","Static Discharge+1","Steam","Machine Learning","Double Energy+1"],"relics":["Cracked Core","betterThird:SlimedRelic","Unceasing Top","Darkstone Periapt"],"acts_visited":["Exordium"],"potions_floor_usage":[5],"damage_taken":[{"damage":0,"enemies":"2 Louse","floor":1,"turns":3},{"damage":1,"enemies":"Small Slimes","floor":2,"turns":4},{"damage":0,"enemies":"Jaw Worm","floor":4,"turns":3},{"damage":4,"enemies":"Exordium Thugs","floor":5,"turns":5},{"damage":20,"enemies":"3 Sentries","floor":7,"turns":7},{"damage":41,"enemies":"Gremlin Nob","floor":10,"turns":5}],"seed_played":"2709276630811373464","potions_obtained":[{"floor":4,"key":"AttackPotion"},{"floor":7,"key":"sneckomod:MuddlingPotion"}],"is_trial":false,"path_per_floor":["M","M","?","M","M","R","E","R","T","E"],"character_chosen":"DEFECT","items_purchased":[],"campfire_rested":0,"item_purchase_floors":[],"current_hp_per_floor":[68,67,56,56,52,52,32,32,32,0,0],"gold":156,"neow_bonus":"THREE_RARE_CARDS","is_daily":false,"chose_seed":false,"campfire_upgraded":2,"win_rate":0.0,"timestamp":1613590985,"path_taken":["M","M","?","M","M","R","E","R","T","E"],"items_purchased_type":[],"build_version":"2020-12-22","purchased_purges":0,"victory":false,"max_hp_per_floor":[68,68,68,68,68,68,68,68,68,68,68],"relic_stats":{"Darkstone Periapt":0,"counters":[6,27],"obtain_stats":[{"Darkstone Periapt":9,"betterThird:SlimedRelic":3,"Cracked Core":0,"Unceasing Top":7},{"Darkstone Periapt":5,"betterThird:SlimedRelic":2,"Cracked Core":0,"Unceasing Top":5},{"Darkstone Periapt":22,"betterThird:SlimedRelic":7,"Cracked Core":0,"Unceasing Top":22}],"Unceasing Top":[0]},"card_choices":[{"not_picked":["Fission","Multi-Cast"],"picked":"Buffer","floor":0},{"not_picked":["Beam Cell","Turbo"],"picked":"Fusion","floor":1},{"not_picked":["Hello World","Self Repair"],"picked":"Static Discharge","floor":2},{"not_picked":["Rip and Tear","Leap"],"picked":"Steam","floor":4},{"not_picked":["Steam Power","Hologram"],"picked":"Machine Learning","floor":5},{"not_picked":["Rebound","BootSequence"],"picked":"Double Energy","floor":7}],"player_experience":194921,"relics_obtained":[{"floor":7,"key":"Unceasing Top"},{"floor":9,"key":"Darkstone Periapt"}],"event_choices":[{"damage_healed":0,"gold_gain":0,"player_choice":"Slimed","damage_taken":11,"max_hp_gain":0,"max_hp_loss":0,"event_name":"betterThird:BetterGoop","floor":3,"gold_loss":28}],"is_beta":false,"boss_relics":[],"items_purged_floors":[],"is_endless":false,"potions_floor_spawned":[4,7],"killed_by":"Gremlin Nob","ascension_level":2}}