{"host":"dztixnx9b0gu6w9i","time":1613526143,"event":{"mods":["BaseMod","Bestiary","Minty Spire (QoL Compilation)","Relic Stats","SpireBot","ojb\u0027s Better Paths Mod","ojb\u0027s Info Mod"],"gold_per_floor":[109,129,279,279,296,296,326,5,29,82,134,189,189,150,150,277,277,289,289,348,367,367,400,400,452,531,589,157,157,220,255,255,354,354,394,394,412,190,30,30,87,87,87,137,179,237,237,274,274,274,324,324,324,26,59,59],"floor_reached":57,"language":"ENG","playtime":10074,"items_purged":["Doubt","Zap","Pain","Rip and Tear"],"score":3478,"play_id":"9f2fedf9-7862-436b-8c49-d22f3c036c08","local_time":"20210216204223","is_ascension_mode":true,"campfire_choices":[{"data":"Doom and Gloom","floor":6.0,"key":"SMITH"},{"floor":13.0,"key":"REST"},{"data":"HandOfGreed","floor":15.0,"key":"SMITH"},{"floor":24.0,"key":"REST"},{"floor":29.0,"key":"REST"},{"data":"Defragment","floor":32.0,"key":"SMITH"},{"data":"Defragment","floor":40,"key":"SMITH"},{"data":"Creative AI","floor":42,"key":"SMITH"},{"floor":49,"key":"RECALL"},{"data":"Reinforced Body","floor":53,"key":"SMITH"}],"circlet_count":0,"master_deck":["AscendersBane","Dualcast","Conserve Battery","Doom and Gloom+1","Cold Snap","Genetic Algorithm","HandOfGreed+1","Glacier","Undo","FTL","Creative AI+1","Auto Shields","Reinforced Body+1","Echo Form","Defragment+1","Rainbow","FTL","Sweeping Beam","Cold Snap","Defragment+1","Steam","BootSequence","Defragment+1","Capacitor+1","Force Field","Capacitor+1","Core Surge","Self Repair","Genetic Algorithm","Reinforced Body+1","PanicButton","Blind","Compile Driver","Defragment"],"relics":["Cracked Core","Akabeko","Strawberry","Bronze Scales","Smiling Mask","Mummified Hand","PreservedInsect","Pandora\u0027s Box","Nilry\u0027s Codex","Red Mask","TungstenRod","Cables","Art of War","Potion Belt","ClockworkSouvenir","Coffee Dripper","WarpedTongs","Chemical X","DollysMirror","Bag of Preparation","Gambling Chip","Nunchaku","Incense Burner","Frozen Eye","Vajra"],"acts_visited":["Exordium","TheCity","TheBeyond","TheEnding"],"potions_floor_usage":[56,56,56],"damage_taken":[{"damage":4.0,"enemies":"Small Slimes","floor":1.0,"turns":3.0},{"damage":0.0,"enemies":"2 Louse","floor":2.0,"turns":1.0},{"damage":2.0,"enemies":"Jaw Worm","floor":5.0,"turns":3.0},{"damage":25.0,"enemies":"3 Sentries","floor":7.0,"turns":6.0},{"damage":8.0,"enemies":"Gremlin Nob","floor":10.0,"turns":3.0},{"damage":11.0,"enemies":"Exordium Thugs","floor":11.0,"turns":4.0},{"damage":10.0,"enemies":"3 Sentries","floor":12.0,"turns":5.0},{"damage":7.0,"enemies":"Slime Boss","floor":16.0,"turns":9.0},{"damage":12.0,"enemies":"2 Thieves","floor":18.0,"turns":4.0},{"damage":16.0,"enemies":"Masked Bandits","floor":20.0,"turns":8.0},{"damage":0.0,"enemies":"Spheric Guardian","floor":21.0,"turns":3.0},{"damage":13.0,"enemies":"Book of Stabbing","floor":23.0,"turns":5.0},{"damage":6.0,"enemies":"Slavers","floor":25.0,"turns":9.0},{"damage":11.0,"enemies":"Gremlin Leader","floor":27.0,"turns":5.0},{"damage":0.0,"enemies":"Centurion and Healer","floor":30.0,"turns":10.0},{"damage":0.0,"enemies":"3 Cultists","floor":31.0,"turns":6.0},{"damage":0.0,"enemies":"Automaton","floor":33.0,"turns":14.0},{"damage":0,"enemies":"Orb Walker","floor":35,"turns":2},{"damage":1,"enemies":"3 Shapes","floor":37,"turns":3},{"damage":0,"enemies":"Nemesis","floor":41,"turns":13},{"damage":0,"enemies":"Reptomancer","floor":44,"turns":11},{"damage":0,"enemies":"Maw","floor":45,"turns":19},{"damage":0,"enemies":"Giant Head","floor":46,"turns":23},{"damage":0,"enemies":"Spire Growth","floor":48,"turns":23},{"damage":0,"enemies":"Time Eater","floor":50,"turns":16},{"damage":0,"enemies":"Donu and Deca","floor":51,"turns":19},{"damage":0,"enemies":"Shield and Spear","floor":55,"turns":12},{"damage":10,"enemies":"The Heart","floor":56,"turns":9}],"seed_played":"-1239305590038241760","potions_obtained":[{"floor":5.0,"key":"ColorlessPotion"},{"floor":7.0,"key":"Regen Potion"},{"floor":11.0,"key":"GamblersBrew"},{"floor":21.0,"key":"SteroidPotion"},{"floor":25.0,"key":"Strength Potion"},{"floor":27.0,"key":"FocusPotion"},{"floor":30.0,"key":"Strength Potion"},{"floor":35,"key":"FocusPotion"},{"floor":41,"key":"LiquidMemories"}],"is_trial":false,"path_per_floor":["M","M","?","?","M","R","E","$","T","E","M","E","R","?","R","B",null,"M","?","?","M","?","E","R","E","T","E","$","R","M","M","R","B",null,"M","?","M","$","$","R","E","R","T","E","M","E","?","M","R","B","B",null,"R","$","E","B",null],"character_chosen":"DEFECT","items_purchased":["HandOfGreed","Energy Potion","Potion Belt","ClockworkSouvenir","SteroidPotion","Chemical X","DollysMirror","Frozen Eye","DuplicationPotion"],"campfire_rested":3,"item_purchase_floors":[8,8,28,28,28,38,39,54,54],"current_hp_per_floor":[60,60,60,56,54,54,29,29,29,21,22,12,35,35,35,28,66,54,33,17,17,17,4,27,21,21,10,10,33,33,33,33,33,67,67,67,66,66,66,66,78,78,78,78,78,78,69,78,78,78,78,78,78,78,78,75],"gold":59,"neow_bonus":"RANDOM_COMMON_RELIC","is_daily":false,"chose_seed":false,"campfire_upgraded":6,"win_rate":0.0,"timestamp":1613526143,"path_taken":["M","M","?","?","M","R","E","$","T","E","M","E","R","?","R","BOSS","M","?","?","M","?","E","R","E","T","E","$","R","M","M","R","BOSS","M","?","M","?","$","R","E","R","T","E","?","E","?","M","R","BOSS","BOSS","R","$","E","BOSS"],"items_purchased_type":["Card","Potion","Relic","Relic","Potion","Relic","Relic","Relic","Potion"],"build_version":"2020-12-22","purchased_purges":4,"victory":true,"max_hp_per_floor":[71,71,71,78,78,78,78,78,78,78,78,78,78,78,78,78,78,78,78,78,78,78,78,78,78,78,78,78,78,78,78,78,78,78,78,78,78,78,78,78,78,78,78,78,78,78,78,78,78,78,78,78,78,78,78,78],"relic_stats":{"counters":[28,248],"PreservedInsect":450,"Bag of Preparation":[16],"Smiling Mask":225,"Cables":[171,34,108,29,0],"WarpedTongs":[146],"Nunchaku":[13],"Mummified Hand":[571],"Bronze Scales":[791],"Gambling Chip":[40],"Pandora\u0027s Box":["Auto Shields","Reinforced Body","Rip and Tear","Echo Form","Defragment","Rainbow","FTL","Sweeping Beam"],"Art of War":[87],"Chemical X":[36],"obtain_stats":[{"Nilry\u0027s Codex":19,"Vajra":55,"Bag of Preparation":41,"Incense Burner":46,"Smiling Mask":9,"ClockworkSouvenir":28,"Frozen Eye":54,"Nunchaku":44,"Mummified Hand":10,"DollysMirror":39,"Strawberry":4,"Gambling Chip":43,"Red Mask":20,"Chemical X":38,"Cracked Core":0,"Potion Belt":28,"PreservedInsect":12,"Akabeko":0,"Cables":25,"WarpedTongs":36,"Bronze Scales":7,"Pandora\u0027s Box":17,"Art of War":27,"Coffee Dripper":34,"TungstenRod":23},{"Nilry\u0027s Codex":9,"Vajra":27,"Bag of Preparation":20,"Incense Burner":23,"Smiling Mask":4,"ClockworkSouvenir":14,"Frozen Eye":26,"Nunchaku":21,"Mummified Hand":5,"DollysMirror":19,"Strawberry":2,"Gambling Chip":20,"Red Mask":10,"Chemical X":19,"Cracked Core":0,"Potion Belt":14,"PreservedInsect":7,"Akabeko":0,"Cables":13,"WarpedTongs":18,"Bronze Scales":4,"Pandora\u0027s Box":8,"Art of War":14,"Coffee Dripper":17,"TungstenRod":12},{"Nilry\u0027s Codex":38,"Vajra":239,"Bag of Preparation":116,"Incense Burner":169,"Smiling Mask":13,"ClockworkSouvenir":68,"Frozen Eye":227,"Nunchaku":127,"Mummified Hand":16,"DollysMirror":103,"Strawberry":4,"Gambling Chip":116,"Red Mask":46,"Chemical X":103,"Cracked Core":0,"Potion Belt":68,"PreservedInsect":25,"Akabeko":0,"Cables":63,"WarpedTongs":100,"Bronze Scales":13,"Pandora\u0027s Box":34,"Art of War":68,"Coffee Dripper":98,"TungstenRod":54}],"TungstenRod":26},"card_choices":[{"not_picked":["Gash","Reprogram"],"picked":"Conserve Battery","floor":1.0},{"not_picked":["Hologram","Consume"],"picked":"Doom and Gloom","floor":2.0},{"not_picked":["Compile Driver","Stack"],"picked":"Cold Snap","floor":5.0},{"not_picked":["Streamline","Leap"],"picked":"Genetic Algorithm","floor":7.0},{"not_picked":["Fusion","Compile Driver"],"picked":"Glacier","floor":10.0},{"not_picked":["Conserve Battery","Recycle"],"picked":"Undo","floor":11.0},{"not_picked":["Coolheaded","Leap"],"picked":"FTL","floor":12.0},{"not_picked":["Thunder Strike","Meteor Strike"],"picked":"Creative AI","floor":16.0},{"not_picked":["Hologram","Barrage"],"picked":"Cold Snap","floor":18.0},{"not_picked":["Beam Cell+1","Streamline"],"picked":"Defragment","floor":20.0},{"not_picked":["Compile Driver","Coolheaded"],"picked":"Steam","floor":21.0},{"not_picked":["Glacier+1","Hologram"],"picked":"BootSequence","floor":23.0},{"not_picked":["Turbo+1","Multi-Cast"],"picked":"Defragment+1","floor":25.0},{"not_picked":["Aggregate","Go for the Eyes"],"picked":"Capacitor+1","floor":27.0},{"not_picked":["Static Discharge","Barrage"],"picked":"Force Field","floor":30.0},{"not_picked":["Rip and Tear","Static Discharge"],"picked":"Capacitor+1","floor":31.0},{"not_picked":["Thunder Strike","Multi-Cast"],"picked":"Core Surge","floor":33.0},{"not_picked":["Sweeping Beam","Redo+1"],"picked":"Self Repair","floor":35},{"not_picked":["Streamline","Gash","Redo"],"picked":"SKIP","floor":37},{"not_picked":["Stack","Conserve Battery"],"picked":"Reinforced Body+1","floor":41},{"not_picked":["Leap","Rebound","Capacitor"],"picked":"SKIP","floor":44},{"not_picked":["Leap","Rebound","Capacitor"],"picked":"SKIP","floor":44},{"not_picked":["Electrodynamics","Conserve Battery+1","Beam Cell"],"picked":"SKIP","floor":45},{"not_picked":["BootSequence","Self Repair","Sunder+1"],"picked":"SKIP","floor":46},{"not_picked":["Deep Breath","Mind Blast"],"picked":"PanicButton","floor":47},{"not_picked":["Purity","Finesse"],"picked":"Blind","floor":47},{"not_picked":["Sweeping Beam","Reprogram"],"picked":"Compile Driver","floor":48},{"not_picked":["Compile Driver","Cold Snap"],"picked":"Defragment","floor":55}],"player_experience":8666345,"relics_obtained":[{"floor":7.0,"key":"Bronze Scales"},{"floor":9.0,"key":"Smiling Mask"},{"floor":10.0,"key":"Mummified Hand"},{"floor":12.0,"key":"PreservedInsect"},{"floor":19.0,"key":"Nilry\u0027s Codex"},{"floor":20.0,"key":"Red Mask"},{"floor":23.0,"key":"TungstenRod"},{"floor":25.0,"key":"Cables"},{"floor":27.0,"key":"Art of War"},{"floor":41,"key":"Bag of Preparation"},{"floor":43,"key":"Gambling Chip"},{"floor":44,"key":"Nunchaku"},{"floor":46,"key":"Incense Burner"},{"floor":55,"key":"Vajra"}],"event_choices":[{"damage_healed":0.0,"max_hp_gain":0.0,"max_hp_loss":0.0,"gold_gain":150.0,"event_name":"Liars Game","player_choice":"AGREE","floor":3.0,"gold_loss":0.0,"damage_taken":0.0,"cards_obtained":["Doubt"]},{"damage_healed":0.0,"max_hp_gain":0.0,"max_hp_loss":0.0,"gold_gain":0.0,"event_name":"Scrap Ooze","player_choice":"Success","floor":4.0,"gold_loss":0.0,"damage_taken":11.0,"relics_obtained":["Strawberry"]},{"damage_healed":0.0,"max_hp_gain":0.0,"max_hp_loss":0.0,"gold_gain":0.0,"event_name":"World of Goop","player_choice":"Left Gold","floor":14.0,"gold_loss":39.0,"damage_taken":0.0},{"damage_healed":0.0,"max_hp_gain":0.0,"max_hp_loss":0.0,"gold_gain":0.0,"event_name":"Cursed Tome","player_choice":"Obtained Book","floor":19.0,"gold_loss":0.0,"damage_taken":21.0},{"damage_healed":0.0,"max_hp_gain":0.0,"max_hp_loss":0.0,"gold_gain":0.0,"event_name":"Masked Bandits","player_choice":"Fought Bandits","floor":20.0,"gold_loss":0.0,"damage_taken":0.0},{"damage_healed":0.0,"max_hp_gain":0.0,"max_hp_loss":0.0,"gold_gain":0.0,"event_name":"Vampires","player_choice":"Ignored","floor":22.0,"gold_loss":0.0,"damage_taken":0.0},{"damage_healed":0,"gold_gain":0,"player_choice":"Rummage","damage_taken":0,"relics_obtained":["WarpedTongs"],"max_hp_gain":0,"max_hp_loss":0,"event_name":"Accursed Blacksmith","floor":36,"gold_loss":0,"cards_obtained":["Pain"]},{"damage_healed":0,"gold_gain":0,"player_choice":"Memory 3","damage_taken":10,"max_hp_gain":0,"max_hp_loss":0,"event_name":"SensoryStone","floor":47,"gold_loss":0}],"is_beta":false,"boss_relics":[{"not_picked":["Calling Bell","Tiny House"],"picked":"Pandora\u0027s Box"},{"not_picked":["Inserter","Black Star"],"picked":"Coffee Dripper"}],"items_purged_floors":[8,28,38,54],"is_endless":false,"potions_floor_spawned":[5,7,11,21,25,27,30,35,41],"ascension_level":20}}