{"host":"8d3fefv2347kqkpz","time":1613546541,"event":{"mods":["AchievementEnabler","Aspiration","BaseMod","Better Vampires","BetterRewards","Colored Map","Colored Powertips","Downfall","Emptier Cage","Highlight Path","Marked Mod","Minty Spire (QoL Compilation)","Permanent Neow","Quick Restart","Rare Cards Sparkle","Relic Stats","Say the Spire","Spicy Shops","StSLib","Waifu the Spire"],"gold_per_floor":[99,116,133,133,133,145,145,157,172,3,68,68,68,101,114,211,211,211,231,246,259,70,88,114,114,49,77,95,95,109,120,138,237,237,137,152,202,212,229,229,252,187,202,230,30,46,46,46,59,59,59,85,35,35,35,35,35,35],"floor_reached":56,"language":"ZHS","playtime":3783,"items_purged":["champ:Strike","champ:Defend","champ:Defend","champ:Defend","champ:StrikeOfGenius","champ:Strike+1"],"score":803,"play_id":"4cfd0f23-45c7-43ab-99ad-2ed8d975ef03","local_time":"20210217152221","is_ascension_mode":false,"campfire_choices":[{"data":"champ:Taunt","floor":1.0,"key":"SMITH"},{"floor":12.0,"key":"RECALL"},{"data":"champ:DefensiveStyle","floor":18.0,"key":"SMITH"},{"floor":29.0,"key":"REST"},{"data":"champ:ShieldWall","floor":35.0,"key":"SMITH"},{"data":"champ:ShieldThrow","floor":40.0,"key":"SMITH"},{"data":"champ:CalledShot","floor":45.0,"key":"SMITH"},{"data":"champ:DefensiveShout","floor":47.0,"key":"SMITH"},{"floor":54.0,"key":"REST"}],"circlet_count":0,"master_deck":["champ:Taunt+1","champ:Circumvent+1","champ:CalledShot+1","champ:DefensiveStyle+1","champ:DefensiveShout+1","champ:ShieldThrow+1","champ:Circumvent+1","champ:ShieldWall+1","champ:ShieldWall+1","champ:SwordSigil+1","champ:SkillfulDodge+1","champ:Lariat+1"],"relics":["champ:ChampionCrown","Turnip","Nunchaku","Blue Candle","bronze:BronzeIdol","Astrolabe","Smiling Mask","Blood Vial","Philosopher\u0027s Stone","downfall:HeartBlessingGreen","TungstenRod","Anchor","ClockworkSouvenir","Gambling Chip","downfall:HeartBlessingRed","downfall:HeartBlessingBlue","aspiration:Lifesprig"],"acts_visited":["Exordium","TheCity","TheBeyond","TheEnding"],"potions_floor_usage":[56,56,56],"damage_taken":[{"damage":20.0,"enemies":"Jaw Worm","floor":2.0,"turns":6.0},{"damage":10.0,"enemies":"2 Louse","floor":3.0,"turns":3.0},{"damage":10.0,"enemies":"Cultist","floor":6.0,"turns":4.0},{"damage":22.0,"enemies":"Large Slime","floor":8.0,"turns":9.0},{"damage":20.0,"enemies":"2 Fungi Beasts","floor":9.0,"turns":4.0},{"damage":10.0,"enemies":"downfall:FleeingMerchant","floor":10.0,"turns":4.0},{"damage":49.0,"enemies":"Gremlin Nob","floor":11.0,"turns":5.0},{"damage":0.0,"enemies":"Lagavulin","floor":14.0,"turns":5.0},{"damage":9.0,"enemies":"downfall:LooterAlt","floor":15.0,"turns":3.0},{"damage":23.0,"enemies":"IC_STATUS_ARCHETYPE","floor":16.0,"turns":8.0},{"damage":1.0,"enemies":"Spheric Guardian","floor":19.0,"turns":5.0},{"damage":0.0,"enemies":"Shell Parasite","floor":20.0,"turns":6.0},{"damage":0.0,"enemies":"Snake Plant","floor":21.0,"turns":4.0},{"damage":0.0,"enemies":"downfall:FleeingMerchant","floor":22.0,"turns":4.0},{"damage":12.0,"enemies":"Chosen and Byrds","floor":23.0,"turns":6.0},{"damage":8.0,"enemies":"downfall:FleeingMerchant","floor":26.0,"turns":4.0},{"damage":56.0,"enemies":"Slavers","floor":27.0,"turns":8.0},{"damage":0.0,"enemies":"Snecko","floor":28.0,"turns":4.0},{"damage":1.0,"enemies":"Centurion and Healer","floor":30.0,"turns":6.0},{"damage":14.0,"enemies":"Shelled Parasite and Fungi","floor":31.0,"turns":4.0},{"damage":12.0,"enemies":"Snake Plant","floor":32.0,"turns":6.0},{"damage":15.0,"enemies":"DF_ARCHETYPE_CLAW","floor":33.0,"turns":10.0},{"damage":2.0,"enemies":"Orb Walker","floor":36.0,"turns":3.0},{"damage":3.0,"enemies":"Orb Walker","floor":37.0,"turns":5.0},{"damage":17.0,"enemies":"3 Shapes","floor":38.0,"turns":7.0},{"damage":0.0,"enemies":"Spire Growth","floor":39.0,"turns":4.0},{"damage":0.0,"enemies":"downfall:FleeingMerchant","floor":42.0,"turns":4.0},{"damage":0.0,"enemies":"downfall:FleeingMerchant","floor":43.0,"turns":2.0},{"damage":0.0,"enemies":"Giant Head","floor":44.0,"turns":8.0},{"damage":0.0,"enemies":"Sphere and 2 Shapes","floor":46.0,"turns":4.0},{"damage":0.0,"enemies":"Jaw Worm Horde","floor":49.0,"turns":3.0},{"damage":1.0,"enemies":"WA_ARCHETYPE_DIVINITY","floor":50.0,"turns":8.0},{"damage":32.0,"enemies":"downfall:CharBossMerchant","floor":52.0,"turns":9.0},{"damage":57.0,"enemies":"downfall:NeowBoss","floor":55.0,"turns":19.0},{"damage":64,"enemies":"downfall:NeowBossFinal","floor":56,"turns":11}],"seed_played":"-3057059544037882245","potions_obtained":[{"floor":3.0,"key":"Dexterity Potion"},{"floor":9.0,"key":"AttackPotion"},{"floor":11.0,"key":"LiquidBronze"},{"floor":14.0,"key":"champ:TechniquePotion"},{"floor":23.0,"key":"FearPotion"},{"floor":31.0,"key":"Weak Potion"},{"floor":33.0,"key":"Block Potion"},{"floor":36.0,"key":"champ:OpenerPotion"},{"floor":37.0,"key":"Strength Potion"}],"is_trial":false,"path_per_floor":["R","M","M","?","?","M","T","M","M","$","?","R","?","E","M","B",null,"R","M","M","M","$","M","T","?","$","E","M","R","M","M","M","B",null,"R","M","?","M","M","R","T","$","?","E","R","M","R","?","M","B",null,"E","$","R","B","B"],"character_chosen":"THE_CHAMP","items_purchased":["champ:DefensiveStyle","champ:DefensiveShout","champ:ShieldWall","Anchor","ClockworkSouvenir"],"campfire_rested":2,"item_purchase_floors":[10,10,22,43,43],"current_hp_per_floor":[90,90,90,100,100,100,100,98,98,98,64,64,59,59,50,27,100,100,99,99,99,99,87,87,79,71,15,17,47,48,36,26,13,100,100,98,97,82,84,84,84,86,88,90,100,102,102,102,104,105,110,78,78,110,53,0,0,0],"gold":35,"neow_bonus":"REMOVE_CARD","is_daily":false,"chose_seed":false,"campfire_upgraded":6,"win_rate":0.0,"timestamp":1613546541,"path_taken":["R","M","M","?","?","M","T","M","?","$","?","R","?","E","M","BOSS","R","M","M","M","$","M","T","?","?","E","M","R","?","M","M","BOSS","R","M","?","M","M","R","T","$","?","E","R","M","R","?","M","BOSS","E","$","R","BOSS","BOSS"],"items_purchased_type":["Card","Card","Card","Relic","Relic"],"build_version":"2020-12-22","purchased_purges":6,"victory":false,"max_hp_per_floor":[90,90,90,100,100,100,100,100,100,100,100,100,100,100,100,100,100,100,100,100,100,100,100,100,100,100,100,100,100,100,100,100,100,100,100,100,100,100,100,100,100,100,100,100,110,110,110,110,110,110,110,110,110,110,110,110,110,110],"relic_stats":{"Blood Vial":30,"Nunchaku":[10],"counters":[35,205],"Blue Candle":[3],"Astrolabe":["champ:Circumvent","champ:ShieldWall","champ:PerfectedStrike"],"Gambling Chip":[10],"Turnip":[43],"Smiling Mask":450,"obtain_stats":[{"aspiration:Lifesprig":52,"downfall:HeartBlessingRed":45,"Blue Candle":13,"Astrolabe":17,"champ:ChampionCrown":0,"downfall:HeartBlessingGreen":35,"Smiling Mask":24,"bronze:BronzeIdol":14,"ClockworkSouvenir":43,"Blood Vial":27,"Nunchaku":11,"Anchor":43,"downfall:HeartBlessingBlue":45,"Gambling Chip":44,"Philosopher\u0027s Stone":34,"Turnip":7,"TungstenRod":37},{"aspiration:Lifesprig":33,"downfall:HeartBlessingRed":29,"Blue Candle":7,"Astrolabe":10,"champ:ChampionCrown":0,"downfall:HeartBlessingGreen":22,"Smiling Mask":15,"bronze:BronzeIdol":8,"ClockworkSouvenir":28,"Blood Vial":17,"Nunchaku":6,"Anchor":28,"downfall:HeartBlessingBlue":29,"Gambling Chip":29,"Philosopher\u0027s Stone":22,"Turnip":3,"TungstenRod":24},{"aspiration:Lifesprig":175,"downfall:HeartBlessingRed":151,"Blue Candle":35,"Astrolabe":51,"champ:ChampionCrown":0,"downfall:HeartBlessingGreen":118,"Smiling Mask":76,"bronze:BronzeIdol":40,"ClockworkSouvenir":143,"Blood Vial":88,"Nunchaku":30,"Anchor":143,"downfall:HeartBlessingBlue":151,"Gambling Chip":151,"Philosopher\u0027s Stone":118,"Turnip":13,"TungstenRod":126}],"TungstenRod":19},"card_choices":[{"not_picked":["champ:EnGarde","champ:FanOfKnives","champ:GladiatorStyle"],"picked":"SKIP","floor":2.0},{"not_picked":["champ:CrownThrow","champ:AdrenalArmor"],"picked":"champ:Circumvent","floor":3.0},{"not_picked":["champ:UltimateStance","champ:PerfectedStrike","champ:EnGarde"],"picked":"SKIP","floor":6.0},{"not_picked":["champ:EnGarde","champ:StanceDance","champ:CrownThrow"],"picked":"SKIP","floor":8.0},{"not_picked":["champ:BladeFlurry","champ:DefensiveShout"],"picked":"champ:StrikeOfGenius","floor":9.0},{"not_picked":["champ:Backstep","champ:Haymaker"],"picked":"champ:CalledShot","floor":10.0},{"not_picked":["champ:HeartStrike","champ:EnGarde","champ:FancyFootwork"],"picked":"SKIP","floor":14.0},{"not_picked":["champ:CalledShot","champ:RisingSlash","champ:IronFortress"],"picked":"SKIP","floor":15.0},{"not_picked":["champ:DancingMaster","champ:VampiricStrike"],"picked":"champ:ShieldThrow","floor":16.0},{"not_picked":["champ:EndlessRage","champ:PreciseThrust","champ:RapidStrikes"],"picked":"SKIP","floor":19.0},{"not_picked":["champ:BringItOn+1","champ:EnragedBash+1","champ:CrownThrow"],"picked":"SKIP","floor":20.0},{"not_picked":["champ:StanceDance","champ:ShieldSigil+1","champ:EndlessRage"],"picked":"SKIP","floor":21.0},{"not_picked":["champ:IronFortress+1","champ:TripleStrike","champ:ArenaPreparation"],"picked":"SKIP","floor":22.0},{"not_picked":["champ:RecklessLeap","champ:GladiatorStyle","champ:BringItOn"],"picked":"SKIP","floor":23.0},{"not_picked":["champ:PreciseThrust+1","champ:CrownThrow","champ:Backstep"],"picked":"SKIP","floor":26.0},{"not_picked":["champ:Shatter","champ:SwordThrow","champ:BerserkersShout+1"],"picked":"SKIP","floor":27.0},{"not_picked":["champ:Shatter","champ:EnGarde","champ:GutPunch"],"picked":"SKIP","floor":28.0},{"not_picked":["champ:Haymaker","champ:Lariat","champ:Circumvent"],"picked":"SKIP","floor":30.0},{"not_picked":["champ:Circumvent+1","champ:StanceDance","champ:TornadoPunch"],"picked":"SKIP","floor":31.0},{"not_picked":["champ:DefensiveShout","champ:SwordSigil+1","champ:FanOfKnives"],"picked":"SKIP","floor":32.0},{"not_picked":["champ:DefensiveShout","champ:FanOfKnives"],"picked":"champ:SwordSigil+1","floor":32.0},{"not_picked":["champ:EnGarde","champ:Parry+1","champ:RecklessLeap"],"picked":"SKIP","floor":36.0},{"not_picked":["champ:BladeFlurry","champ:AdrenalArmor+1","champ:BerserkersShout"],"picked":"SKIP","floor":38.0},{"not_picked":["champ:FlashCut+1","champ:EnGarde+1","champ:GladiatorStyle+1"],"picked":"SKIP","floor":39.0},{"not_picked":["champ:PreciseThrust","champ:FlashCut+1","champ:Circumvent"],"picked":"SKIP","floor":42.0},{"not_picked":["champ:SteelEdge","champ:TornadoPunch","champ:PreciseThrust"],"picked":"SKIP","floor":43.0},{"not_picked":["champ:VampiricStrike","champ:CrownThrow"],"picked":"champ:SkillfulDodge+1","floor":44.0},{"not_picked":["champ:Haymaker+1","champ:Backstep+1","champ:AdrenalArmor+1"],"picked":"SKIP","floor":46.0},{"not_picked":["champ:EnGarde","champ:Endure+1"],"picked":"champ:Lariat+1","floor":49.0},{"not_picked":["champ:BerserkerStyle+1","champ:SkillfulDodge","champ:PreciseThrust+1"],"picked":"SKIP","floor":52.0}],"player_experience":440826,"relics_obtained":[{"floor":7.0,"key":"Turnip"},{"floor":14.0,"key":"bronze:BronzeIdol"},{"floor":24.0,"key":"Smiling Mask"},{"floor":27.0,"key":"Blood Vial"},{"floor":37.0,"key":"TungstenRod"},{"floor":44.0,"key":"Gambling Chip"},{"floor":52.0,"key":"aspiration:Lifesprig"}],"event_choices":[],"is_beta":false,"boss_relics":[{"not_picked":["expansioncontent:StudyCardRelic","SacredBark"],"picked":"Astrolabe"},{"not_picked":["Black Star","Calling Bell"],"picked":"Philosopher\u0027s Stone"}],"items_purged_floors":[10,22,26,42,43,53],"is_endless":false,"potions_floor_spawned":[3,9,11,14,23,27,30,31,33,36,37,44],"killed_by":"downfall:NeowBossFinal","ascension_level":0}}