{"host":"vhifjdba66khcqwn","time":1613540638,"event":{"mods":["AchievementEnabler","BaseMod","Bestiary","Energized Spire","Minty Spire (QoL Compilation)","Practice Mode","Relic Stats","Spicy Shops","StSLib","slay the spire mod where everything is the same but ironclad has a cowboy hat"],"gold_per_floor":[12,12,12,31,31,31,69,84,84,111,111,124,124,137,137,162,206,229,229,229,229],"floor_reached":20,"language":"ENG","playtime":593,"items_purged":[],"score":286,"play_id":"fe474ae9-77d7-432c-a3bc-92c817df4e7a","local_time":"20210216214358","is_ascension_mode":true,"campfire_choices":[{"data":"Bash","floor":6,"key":"SMITH"},{"data":"Flame Barrier","floor":9,"key":"SMITH"},{"floor":15,"key":"REST"},{"data":"Shockwave","floor":19,"key":"SMITH"}],"circlet_count":0,"master_deck":["AscendersBane","Strike_R","Strike_R","Strike_R","Strike_R","Defend_R","Defend_R","Defend_R","Defend_R","Bash+1","Offering","Cleave","Bloodletting","Flame Barrier+1","Shockwave+1","Clothesline","Shockwave+1"],"relics":["Burning Blood","Golden Idol","Orichalcum","Bag of Preparation","Incense Burner","WingedGreaves"],"acts_visited":["Exordium"],"potions_floor_usage":[],"damage_taken":[{"damage":9,"enemies":"Jaw Worm","floor":1,"turns":4},{"damage":0,"enemies":"2 Louse","floor":4,"turns":2},{"damage":32,"enemies":"3 Sentries","floor":7,"turns":9},{"damage":7,"enemies":"Cultist","floor":8,"turns":3},{"damage":12,"enemies":"Exordium Wildlife","floor":12,"turns":3},{"damage":8,"enemies":"Gremlin Gang","floor":14,"turns":4},{"damage":10,"enemies":"Blue Slaver","floor":16,"turns":4},{"damage":7,"enemies":"Lagavulin","floor":17,"turns":5},{"damage":6,"enemies":"2 Fungi Beasts","floor":18,"turns":3},{"damage":52,"enemies":"The Guardian","floor":20,"turns":9}],"seed_played":"4590100563059755762","potions_obtained":[{"floor":4,"key":"DuplicationPotion"},{"floor":8,"key":"Weak Potion"}],"is_trial":false,"path_per_floor":["M","?","?","M","$","R","E","M","R","T","T","M","?","M","R","M","E","M","R","B"],"character_chosen":"IRONCLAD","items_purchased":[],"campfire_rested":1,"item_purchase_floors":[],"current_hp_per_floor":[65,65,65,68,68,68,42,41,41,41,41,35,35,33,53,49,48,48,48,0,0],"gold":229,"neow_bonus":"THREE_RARE_CARDS","is_daily":false,"chose_seed":false,"campfire_upgraded":3,"win_rate":0.0,"timestamp":1613540638,"path_taken":["M","?","?","M","$","R","E","?","R","T","T","M","?","M","R","?","E","M","R","BOSS"],"items_purchased_type":[],"build_version":"2020-12-22","purchased_purges":0,"victory":false,"max_hp_per_floor":[75,68,68,68,68,68,68,68,68,68,68,68,68,68,68,68,68,68,68,68,68],"relic_stats":{"counters":[10,46],"Golden Idol":40,"Bag of Preparation":[12],"Orichalcum":[60],"obtain_stats":[{"Golden Idol":2,"WingedGreaves":17,"Bag of Preparation":10,"Incense Burner":11,"Orichalcum":7,"Burning Blood":0},{"Golden Idol":1,"WingedGreaves":8,"Bag of Preparation":4,"Incense Burner":4,"Orichalcum":3,"Burning Blood":0},{"Golden Idol":4,"WingedGreaves":34,"Bag of Preparation":18,"Incense Burner":18,"Orichalcum":15,"Burning Blood":0}],"Burning Blood":51},"card_choices":[{"not_picked":["Corruption","Double Tap"],"picked":"Offering","floor":0},{"not_picked":["Wild Strike","Clash"],"picked":"Cleave","floor":1},{"not_picked":["Dropkick","Sever Soul"],"picked":"Flame Barrier","floor":4},{"not_picked":["Dual Wield","Dropkick","Clash"],"picked":"SKIP","floor":7},{"not_picked":["Sever Soul","Evolve","Cleave"],"picked":"SKIP","floor":8},{"not_picked":["Flame Barrier","Impervious"],"picked":"Shockwave","floor":12},{"not_picked":["Clash","Cleave","Heavy Blade"],"picked":"SKIP","floor":14},{"not_picked":["Clash","Cleave","Pommel Strike"],"picked":"SKIP","floor":16},{"not_picked":["Pummel","Entrench"],"picked":"Clothesline","floor":17},{"not_picked":["Heavy Blade","Headbutt"],"picked":"Shockwave","floor":18}],"player_experience":1187072,"relics_obtained":[{"floor":7,"key":"Orichalcum"},{"floor":10,"key":"Bag of Preparation"},{"floor":11,"key":"Incense Burner"},{"floor":17,"key":"WingedGreaves"}],"event_choices":[{"damage_healed":0,"gold_gain":0,"player_choice":"Lose Max HP","damage_taken":0,"relics_obtained":["Golden Idol"],"max_hp_gain":0,"max_hp_loss":7,"event_name":"Golden Idol","floor":2,"gold_loss":0},{"damage_healed":0,"gold_gain":0,"cards_transformed":["Strike_R"],"player_choice":"Transformed","damage_taken":0,"max_hp_gain":0,"max_hp_loss":0,"event_name":"Transmorgrifier","floor":3,"gold_loss":0,"cards_obtained":["Bloodletting"]},{"damage_healed":0,"gold_gain":0,"player_choice":"Upgraded","damage_taken":0,"max_hp_gain":0,"max_hp_loss":0,"event_name":"Upgrade Shrine","floor":13,"gold_loss":0,"cards_upgraded":["Shockwave"]}],"is_beta":false,"boss_relics":[],"items_purged_floors":[],"is_endless":false,"potions_floor_spawned":[4,8,17,18],"killed_by":"The Guardian","ascension_level":16}}