{"host":"126yiuos2nq86se7","time":1613529794,"event":{"mods":["2.2 Compatiblity","AchievementEnabler","Act Like it!","BaseMod","Colored Map","Colored Powertips","Friendly Minions","Hermit","Highlight Path","KomeijiMod","Minty Spire (QoL Compilation)","StSLib","SuperFastMode"],"gold_per_floor":[111,122,38,58,58,58,91,91,91,91,103,149,149,166,166,271,271,258,276,328,340,30,30,41,41,41,51,62,62,91,101,101,202,202,212,212,232,232,248,248,279,295,295,1,1,1,21,31,31,31],"floor_reached":51,"language":"ENG","playtime":2545,"items_purged":["Dualcast","Strike_B","Strike_B"],"score":760,"play_id":"6d6c9fda-9e09-4c86-899a-5632262fd09a","local_time":"20210217134314","is_ascension_mode":true,"campfire_choices":[{"data":"Self Repair","floor":6,"key":"SMITH"},{"data":"Reinforced Body","floor":8,"key":"SMITH"},{"data":"Undo","floor":13,"key":"SMITH"},{"data":"Compile Driver","floor":15,"key":"SMITH"},{"floor":23,"key":"REST"},{"data":"Echo Form","floor":25,"key":"SMITH"},{"data":"Loop","floor":32,"key":"SMITH"},{"data":"Echo Form","floor":40,"key":"SMITH"},{"data":"Gash","floor":45,"key":"SMITH"},{"floor":49,"key":"REST"}],"circlet_count":0,"master_deck":["Strike_B","Strike_B","Defend_B","Defend_B","Defend_B","Defend_B","Zap","Undo+1","Compile Driver+1","Self Repair+1","Gash+1","Leap","Coolheaded","Echo Form+1","Gash","Compile Driver","Conserve Battery+1","Skim","Loop+1","Glacier+1","Echo Form+1","Sweeping Beam","White Noise+1","Coolheaded+1","Gash","Coolheaded","Confused"],"relics":["Cracked Core","Smiling Mask","HoshigumaDish","Letter Opener","ThirstyCross","Art of War","Busted Crown","Dream Catcher","Orrery","Bird Faced Urn","StoneCalendar","Cursed Key","Kunai","HornCleat","Bag of Preparation"],"acts_visited":["Exordium","TheCity","TheBeyond"],"potions_floor_usage":[7,16,16,30,30,30,33,50,50,50],"damage_taken":[{"damage":1,"enemies":"Jaw Worm","floor":1,"turns":4},{"damage":6,"enemies":"Cultist","floor":2,"turns":3},{"damage":0,"enemies":"Small Slimes","floor":4,"turns":3},{"damage":27,"enemies":"Gremlin Nob","floor":7,"turns":4},{"damage":0,"enemies":"2 Fungi Beasts","floor":11,"turns":4},{"damage":12,"enemies":"Exordium Thugs","floor":14,"turns":7},{"damage":47,"enemies":"Slime Boss","floor":16,"turns":10},{"damage":13,"enemies":"2 Thieves","floor":18,"turns":4},{"damage":25,"enemies":"3 Byrds","floor":19,"turns":6},{"damage":25,"enemies":"Centurion and Healer","floor":21,"turns":7},{"damage":3,"enemies":"Sentry and Sphere","floor":24,"turns":7},{"damage":13,"enemies":"Snake Plant","floor":27,"turns":6},{"damage":8,"enemies":"Snecko","floor":28,"turns":7},{"damage":15,"enemies":"Gremlin Leader","floor":30,"turns":7},{"damage":32,"enemies":"Centurion and Healer","floor":31,"turns":6},{"damage":31,"enemies":"Automaton","floor":33,"turns":10},{"damage":34,"enemies":"Orb Walker","floor":35,"turns":4},{"damage":4,"enemies":"3 Darklings","floor":37,"turns":7},{"damage":18,"enemies":"Jaw Worm Horde","floor":39,"turns":5},{"damage":3,"enemies":"Giant Head","floor":41,"turns":8},{"damage":3,"enemies":"Sphere and 2 Shapes","floor":42,"turns":5},{"damage":17,"enemies":"3 Darklings","floor":47,"turns":7},{"damage":51,"enemies":"Jaw Worm Horde","floor":48,"turns":6},{"damage":55,"enemies":"Awakened One","floor":50,"turns":17}],"seed_played":"1006867791360341288","potions_obtained":[{"floor":1,"key":"DistilledChaos"},{"floor":11,"key":"AttackPotion"},{"floor":14,"key":"Regen Potion"},{"floor":16,"key":"LiquidBronze"},{"floor":19,"key":"PotionOfCapacity"},{"floor":24,"key":"BlessingOfTheForge"},{"floor":31,"key":"SpeedPotion"},{"floor":38,"key":"Swift Potion"},{"floor":38,"key":"LiquidBronze"},{"floor":38,"key":"PowerPotion"},{"floor":39,"key":"Dexterity Potion"},{"floor":47,"key":"DuplicationPotion"}],"is_trial":false,"path_per_floor":["M","M","$","M","?","R","E","R","T","?","M","T","R","M","R","B",null,"M","M","T","M","$","R","M","R","T","M","M","?","E","M","R","B",null,"M","?","M","?","M","R","E","M","T","$","R","?","M","M","R","B",null],"character_chosen":"DEFECT","items_purchased":["Self Repair","Compile Driver","Orrery","Loop","Gash","Bag of Preparation","Coolheaded"],"campfire_rested":2,"item_purchase_floors":[3,22,22,22,44,44,44],"current_hp_per_floor":[74,68,68,75,75,75,58,58,58,58,68,68,68,66,66,44,75,72,67,67,52,52,74,75,75,75,75,75,75,68,58,58,45,75,75,75,75,75,75,75,75,75,75,75,75,75,72,41,63,32],"gold":31,"neow_bonus":"RANDOM_COMMON_RELIC","is_daily":false,"chose_seed":false,"campfire_upgraded":8,"win_rate":0.0,"timestamp":1613529794,"path_taken":["M","M","$","M","?","R","E","R","T","?","M","?","R","?","R","BOSS","M","M","?","M","$","R","M","R","T","M","M","?","E","M","R","BOSS","M","?","M","?","?","R","E","M","T","$","R","?","M","M","R","BOSS"],"items_purchased_type":["Card","Card","Relic","Card","Card","Relic","Card"],"build_version":"2020-12-22","purchased_purges":3,"victory":true,"max_hp_per_floor":[75,75,75,75,75,75,75,75,75,75,75,75,75,75,75,75,75,75,75,75,75,75,75,75,75,75,75,75,75,75,75,75,75,75,75,75,75,75,75,75,75,75,75,75,75,75,75,75,75,75],"card_choices":[{"not_picked":["Leap","Hologram"],"picked":"Undo","floor":1},{"not_picked":["Steam","Hologram"],"picked":"Compile Driver","floor":2},{"not_picked":["Recycle","Steam"],"picked":"Gash","floor":4},{"not_picked":["Ball Lightning","Aggregate"],"picked":"Reinforced Body","floor":7},{"not_picked":["Static Discharge","Stack"],"picked":"Leap","floor":11},{"not_picked":["Undo","Chill"],"picked":"Coolheaded","floor":14},{"not_picked":["Thunder Strike","Buffer"],"picked":"Echo Form","floor":16},{"not_picked":["Double Energy"],"picked":"SKIP","floor":18},{"not_picked":[],"picked":"Gash","floor":19},{"not_picked":["Streamline"],"picked":"SKIP","floor":21},{"not_picked":[],"picked":"Conserve Battery+1","floor":22},{"not_picked":[],"picked":"Skim","floor":22},{"not_picked":[],"picked":"Glacier+1","floor":23},{"not_picked":[],"picked":"Echo Form","floor":24},{"not_picked":["Heatsinks+1"],"picked":"SKIP","floor":27},{"not_picked":["Static Discharge"],"picked":"SKIP","floor":28},{"not_picked":["Cold Snap"],"picked":"SKIP","floor":30},{"not_picked":["Sunder"],"picked":"SKIP","floor":31},{"not_picked":[],"picked":"White Noise+1","floor":35},{"not_picked":["Reprogram"],"picked":"SKIP","floor":37},{"not_picked":["Blizzard+1"],"picked":"SKIP","floor":39},{"not_picked":["Redo"],"picked":"SKIP","floor":41},{"not_picked":[],"picked":"Coolheaded+1","floor":42},{"not_picked":["Tempest"],"picked":"SKIP","floor":47},{"not_picked":["Reinforced Body"],"picked":"SKIP","floor":48}],"player_experience":1526346,"relics_obtained":[{"floor":7,"key":"HoshigumaDish"},{"floor":9,"key":"Letter Opener"},{"floor":12,"key":"Art of War"},{"floor":20,"key":"Dream Catcher"},{"floor":26,"key":"Bird Faced Urn"},{"floor":30,"key":"StoneCalendar"},{"floor":36,"key":"Kunai"},{"floor":41,"key":"HornCleat"}],"event_choices":[{"damage_healed":0,"gold_gain":0,"player_choice":"Read","damage_taken":0,"max_hp_gain":0,"max_hp_loss":0,"event_name":"The Library","floor":29,"gold_loss":0,"cards_obtained":["Sweeping Beam"]},{"damage_healed":0,"gold_gain":0,"player_choice":"Got Potions","damage_taken":0,"max_hp_gain":0,"max_hp_loss":0,"event_name":"Lab","floor":38,"gold_loss":0}],"is_beta":false,"boss_relics":[{"not_picked":["Pandora\u0027s Box","Snecko Eye"],"picked":"Busted Crown"},{"not_picked":["Runic Dome","Nuclear Battery"],"picked":"Cursed Key"}],"items_purged_floors":[3,22,44],"is_endless":false,"potions_floor_spawned":[1,11,14,16,19,24,28,31,39,41,42,47],"ascension_level":1}}