{"host":"0awa854l6bexpjrv","time":1613535047,"event":{"mods":["BaseMod","Block Reminder","Colored Map","Colored Powertips","Downfall","Highlight Path","Minty Spire (QoL Compilation)","Quick Restart","Rare Cards Sparkle","StSLib","SuperFastMode"],"gold_per_floor":[119,139,157,157,232,232,267,267,267,279,295,327,345,345,345,449,449,463,463,482,407,407,407,441,441,465,35,53,65,65,78,78,179,179,196,60,78,42,0,0,0,16,16,16,16,35,35,51,51,51],"floor_reached":51,"language":"ENG","playtime":2926,"items_purged":["Defend_B+1","Defend_B+1"],"score":802,"play_id":"e7fcd7e1-1abc-4a74-aeb5-155905af7dcc","local_time":"20210216201047","is_ascension_mode":true,"campfire_choices":[{"floor":6,"key":"REST"},{"floor":8,"key":"REST"},{"floor":15,"key":"REST"},{"data":"Consume","floor":23,"key":"SMITH"},{"data":"Loop","floor":25,"key":"SMITH"},{"floor":30,"key":"REST"},{"data":"Capacitor","floor":32,"key":"SMITH"},{"data":"Consume","floor":40,"key":"SMITH"},{"data":"Chrysalis","floor":45,"key":"SMITH"},{"data":"Zap","floor":47,"key":"SMITH"},{"floor":49,"key":"REST"}],"circlet_count":0,"master_deck":["Defend_B+1","Defend_B+1","Zap+1","Dualcast","Electrodynamics","Leap","Streamline","Ball Lightning","Ball Lightning","Stack","Streamline","Coolheaded","Conserve Battery","Defragment+1","Fusion+1","Aggregate+1","Coolheaded","Consume+1","Loop+1","Capacitor+1","Coolheaded+1","Thunder Strike","Sunder+1","Self Repair","Consume+1","Tempest","Chrysalis+1","Barrage+1","Madness","Madness","Undo+1"],"relics":["Cracked Core","Singing Bowl","Oddly Smooth Stone","TungstenRod","Pear","Astrolabe","Mummified Hand","Potion Belt","Question Card","Inserter","Red Mask","Unceasing Top"],"acts_visited":["Exordium","TheCity","TheBeyond"],"potions_floor_usage":[12,16,24,28,33,33,35,46,46,50],"damage_taken":[{"damage":1,"enemies":"Cultist","floor":1,"turns":3},{"damage":0,"enemies":"2 Louse","floor":2,"turns":2},{"damage":8,"enemies":"Small Slimes","floor":3,"turns":4},{"damage":34,"enemies":"Gremlin Nob","floor":7,"turns":4},{"damage":7,"enemies":"Blue Slaver","floor":10,"turns":3},{"damage":29,"enemies":"Gremlin Gang","floor":11,"turns":4},{"damage":16,"enemies":"Lagavulin","floor":12,"turns":5},{"damage":0,"enemies":"Exordium Wildlife","floor":13,"turns":3},{"damage":5,"enemies":"Slime Boss","floor":16,"turns":7},{"damage":0,"enemies":"3 Byrds","floor":18,"turns":3},{"damage":9,"enemies":"Spheric Guardian","floor":20,"turns":4},{"damage":14,"enemies":"Gremlin Leader","floor":24,"turns":6},{"damage":2,"enemies":"Snake Plant","floor":28,"turns":5},{"damage":22,"enemies":"Chosen and Byrds","floor":29,"turns":6},{"damage":0,"enemies":"Centurion and Healer","floor":31,"turns":5},{"damage":23,"enemies":"Champ","floor":33,"turns":10},{"damage":0,"enemies":"3 Shapes","floor":35,"turns":1},{"damage":12,"enemies":"3 Darklings","floor":37,"turns":3},{"damage":11,"enemies":"Sphere and 2 Shapes","floor":42,"turns":3},{"damage":0,"enemies":"Transient","floor":46,"turns":5},{"damage":49,"enemies":"Writhing Mass","floor":48,"turns":5},{"damage":55,"enemies":"Awakened One","floor":50,"turns":8}],"seed_played":"1906333439942717840","potions_obtained":[{"floor":10,"key":"Strength Potion"},{"floor":12,"key":"champ:CounterPotion"},{"floor":16,"key":"Energy Potion"},{"floor":18,"key":"Dexterity Potion"},{"floor":28,"key":"bronze:BurnAndBuffPotion"},{"floor":29,"key":"Fire Potion"},{"floor":35,"key":"hexamod:SoulburnPotion"},{"floor":42,"key":"AttackPotion"},{"floor":48,"key":"PowerPotion"}],"is_trial":false,"path_per_floor":["M","M","M","?","?","R","E","R","T","M","M","E","M","T","R","B",null,"M","?","M","?","?","R","E","R","T","$","M","M","R","M","R","B",null,"M","$","M","$","?","R","?","M","T","?","R","M","R","M","R","B",null],"character_chosen":"DEFECT","items_purchased":["Question Card","CultistPotion","Self Repair","Tempest"],"campfire_rested":5,"item_purchase_floors":[27,27,36,38],"current_hp_per_floor":[67,67,59,64,53,73,39,60,60,53,24,8,8,18,42,37,83,83,93,84,84,84,84,70,70,70,70,68,46,73,75,75,52,95,95,95,90,90,90,90,90,86,86,75,75,82,82,42,71,23],"gold":51,"neow_bonus":"THREE_RARE_CARDS","is_daily":false,"chose_seed":false,"campfire_upgraded":6,"win_rate":0.0,"timestamp":1613535047,"path_taken":["M","M","?","?","?","R","E","R","T","M","M","E","M","?","R","BOSS","M","?","?","?","?","R","E","R","T","$","M","M","R","M","R","BOSS","M","$","M","$","?","R","?","M","T","?","R","M","R","M","R","BOSS"],"items_purchased_type":["Relic","Potion","Card","Card"],"build_version":"2020-12-22","purchased_purges":2,"victory":true,"max_hp_per_floor":[68,68,68,73,73,73,73,73,73,73,73,73,73,83,83,83,83,83,93,93,93,93,93,93,93,93,93,93,93,93,95,95,95,95,95,95,95,95,95,95,95,95,95,95,95,95,95,97,97,97],"card_choices":[{"not_picked":["Seek","Machine Learning"],"picked":"Electrodynamics","floor":0},{"not_picked":["Turbo","Skim"],"picked":"Leap","floor":1},{"not_picked":["Conserve Battery","Thunder Strike"],"picked":"Streamline","floor":2},{"not_picked":["Compile Driver","Tempest"],"picked":"Ball Lightning","floor":3},{"not_picked":["Lockon","Gash"],"picked":"Ball Lightning","floor":7},{"not_picked":["Reinforced Body","Hologram"],"picked":"Stack","floor":10},{"not_picked":["Chaos","Turbo"],"picked":"Streamline","floor":11},{"not_picked":["Stack","Streamline"],"picked":"Coolheaded","floor":12},{"not_picked":["Barrage","Rip and Tear"],"picked":"Conserve Battery","floor":13},{"not_picked":["Electrodynamics","Multi-Cast"],"picked":"Meteor Strike","floor":16},{"not_picked":["Loop","Streamline+1"],"picked":"Coolheaded","floor":18},{"not_picked":["Rebound+1","Tempest"],"picked":"Consume","floor":20},{"not_picked":["Compile Driver+1","Reinforced Body"],"picked":"Loop","floor":24},{"not_picked":["Aggregate+1","Compile Driver","Sweeping Beam+1"],"picked":"Capacitor","floor":28},{"not_picked":["Heatsinks","Beam Cell+1","Darkness"],"picked":"Coolheaded+1","floor":29},{"not_picked":["Coolheaded","Sunder","Redo+1","Gash"],"picked":"Singing Bowl","floor":31},{"not_picked":["Meteor Strike","Fission","Hyperbeam"],"picked":"Thunder Strike","floor":33},{"not_picked":["Blizzard","Leap+1","Gash+1"],"picked":"Sunder+1","floor":35},{"not_picked":["Steam","Reprogram+1","Self Repair"],"picked":"Consume","floor":37},{"not_picked":["Mayhem","Dramatic Entrance","Deep Breath"],"picked":"Chrysalis","floor":41},{"not_picked":["Compile Driver","Defragment+1","FTL"],"picked":"Barrage+1","floor":42},{"not_picked":["Redo+1","Tempest","Ball Lightning"],"picked":"Undo+1","floor":46},{"not_picked":["Rip and Tear+1","Chaos","Coolheaded","Ball Lightning"],"picked":"Singing Bowl","floor":48}],"player_experience":789928,"relics_obtained":[{"floor":7,"key":"Singing Bowl"},{"floor":9,"key":"Oddly Smooth Stone"},{"floor":12,"key":"TungstenRod"},{"floor":14,"key":"Pear"},{"floor":24,"key":"Mummified Hand"},{"floor":26,"key":"Potion Belt"},{"floor":43,"key":"Unceasing Top"}],"event_choices":[{"damage_healed":0,"gold_gain":0,"player_choice":"Donut","damage_taken":0,"max_hp_gain":5,"max_hp_loss":0,"event_name":"Big Fish","floor":4,"gold_loss":0},{"damage_healed":0,"gold_gain":75,"player_choice":"Gather Gold","damage_taken":11,"max_hp_gain":0,"max_hp_loss":0,"event_name":"World of Goop","floor":5,"gold_loss":0},{"cards_removed":["Meteor Strike"],"damage_healed":0,"gold_gain":0,"player_choice":"Offered Rare","damage_taken":0,"max_hp_gain":10,"max_hp_loss":0,"event_name":"Bonfire Elementals","floor":19,"gold_loss":0},{"cards_removed":["Strike_B"],"damage_healed":0,"gold_gain":0,"player_choice":"Gave Gold","damage_taken":0,"max_hp_gain":0,"max_hp_loss":0,"event_name":"Beggar","floor":21,"gold_loss":75},{"damage_healed":0,"gold_gain":0,"player_choice":"Simplicity","damage_taken":0,"max_hp_gain":0,"max_hp_loss":0,"event_name":"Back to Basics","floor":22,"gold_loss":0,"cards_upgraded":["Defend_B","Defend_B","Defend_B","Defend_B"]},{"damage_healed":0,"gold_gain":0,"player_choice":"Paid","damage_taken":0,"relics_obtained":["Red Mask"],"max_hp_gain":0,"max_hp_loss":0,"event_name":"Tomb of Lord Red Mask","floor":39,"gold_loss":42},{"damage_healed":0,"gold_gain":0,"player_choice":"Memory 1","damage_taken":0,"max_hp_gain":0,"max_hp_loss":0,"event_name":"SensoryStone","floor":41,"gold_loss":0},{"damage_healed":0,"gold_gain":0,"player_choice":"Embrace Madness","damage_taken":12,"max_hp_gain":0,"max_hp_loss":0,"event_name":"Winding Halls","floor":44,"gold_loss":0,"cards_obtained":["Madness","Madness"]}],"is_beta":false,"boss_relics":[{"not_picked":["SacredBark","Velvet Choker"],"picked":"Astrolabe"},{"not_picked":["Runic Pyramid","Fusion Hammer"],"picked":"Inserter"}],"items_purged_floors":[27,36],"is_endless":false,"potions_floor_spawned":[10,12,16,18,28,29,35,42,48],"ascension_level":4}}