{"host":"l2lylj0omvglf5x0","time":1613571628,"event":{"mods":["2.2 Compatiblity","BaseMod","Bestiary","Block Reminder","Colored Map","Colored Powertips","Curses Come First","Highlight Path","Keyboard Shortcuts","Minty Spire (QoL Compilation)","Relic Sorter","Relic Stats","Slay the Relics Exporter","StSLib","SuperFastMode"],"gold_per_floor":[114,114,39,39,59,59,90,90,143,143,178,228,247,263,263,263,263],"floor_reached":16,"language":"ENG","playtime":462,"items_purged":["Strike_G"],"score":246,"play_id":"eb34389d-1aa0-4ff1-b1f6-f587b1e2a821","local_time":"20210217152028","is_ascension_mode":true,"campfire_choices":[{"data":"Adrenaline","floor":6,"key":"SMITH"},{"data":"Neutralize","floor":10,"key":"SMITH"},{"data":"Deadly Poison","floor":15,"key":"SMITH"}],"circlet_count":0,"master_deck":["AscendersBane","Strike_G+1","Strike_G","Strike_G","Strike_G+1","Defend_G","Defend_G","Defend_G","Defend_G","Defend_G","Survivor","Neutralize+1","Deadly Poison+1","Adrenaline+1","Escape Plan","Blur","Escape Plan","Catalyst","Acrobatics"],"relics":["Ring of the Snake","NeowsBlessing","HornCleat","Blood Vial","Pen Nib","Whetstone"],"acts_visited":["Exordium"],"potions_floor_usage":[16],"damage_taken":[{"damage":0,"enemies":"Jaw Worm","floor":1,"turns":1},{"damage":0,"enemies":"Cultist","floor":5,"turns":1},{"damage":0,"enemies":"Gremlin Nob","floor":7,"turns":1},{"damage":9,"enemies":"Lagavulin","floor":11,"turns":9},{"damage":4,"enemies":"2 Louse","floor":13,"turns":3},{"damage":8,"enemies":"Lots of Slimes","floor":14,"turns":5},{"damage":70,"enemies":"Slime Boss","floor":16,"turns":10}],"seed_played":"7592053636630286353","potions_obtained":[{"floor":11,"key":"FearPotion"},{"floor":13,"key":"Regen Potion"}],"is_trial":false,"path_per_floor":["M","?","$","$","M","R","E","T","T","R","E","?","M","M","R","B"],"character_chosen":"THE_SILENT","items_purchased":[],"campfire_rested":0,"item_purchase_floors":[],"current_hp_per_floor":[59,59,59,59,59,59,59,59,59,59,52,52,50,44,44,0,0],"gold":263,"neow_bonus":"THREE_ENEMY_KILL","is_daily":false,"chose_seed":false,"campfire_upgraded":3,"win_rate":0.0,"timestamp":1613571628,"path_taken":["M","?","?","$","M","R","E","?","T","R","E","?","M","M","R","BOSS"],"items_purchased_type":[],"build_version":"2020-12-22","purchased_purges":1,"victory":false,"max_hp_per_floor":[66,66,66,66,66,66,66,66,66,66,66,66,66,66,66,66,66],"relic_stats":{"Blood Vial":8,"counters":[7,30],"Pen Nib":[3],"Whetstone":["Strike_G","Strike_G"],"obtain_stats":[{"Blood Vial":8,"HornCleat":7,"NeowsBlessing":0,"Pen Nib":9,"Whetstone":11,"Ring of the Snake":0},{"Blood Vial":3,"HornCleat":3,"NeowsBlessing":0,"Pen Nib":3,"Whetstone":4,"Ring of the Snake":0},{"Blood Vial":3,"HornCleat":3,"NeowsBlessing":0,"Pen Nib":3,"Whetstone":12,"Ring of the Snake":0}],"Ring of the Snake":[14]},"card_choices":[{"not_picked":["Prepared","Finisher"],"picked":"Deadly Poison","floor":1},{"not_picked":["Deadly Poison","Skewer"],"picked":"Escape Plan","floor":5},{"not_picked":["Backflip","Acrobatics"],"picked":"Blur","floor":7},{"not_picked":["Distraction","Skewer"],"picked":"Escape Plan","floor":11},{"not_picked":["Reflex","Flying Knee"],"picked":"Catalyst","floor":13},{"not_picked":["Distraction","Quick Slash"],"picked":"Acrobatics","floor":14}],"player_experience":962342,"relics_obtained":[{"floor":7,"key":"HornCleat"},{"floor":8,"key":"Blood Vial"},{"floor":9,"key":"Pen Nib"},{"floor":11,"key":"Whetstone"}],"event_choices":[{"damage_healed":0,"gold_gain":0,"player_choice":"1 cards matched","damage_taken":0,"max_hp_gain":0,"max_hp_loss":0,"event_name":"Match and Keep!","floor":2,"gold_loss":0,"cards_obtained":["Adrenaline"]},{"damage_healed":0,"gold_gain":50,"player_choice":"Pray","damage_taken":0,"max_hp_gain":0,"max_hp_loss":0,"event_name":"Golden Shrine","floor":12,"gold_loss":0}],"is_beta":false,"boss_relics":[],"items_purged_floors":[3],"is_endless":false,"potions_floor_spawned":[11,13],"killed_by":"Slime Boss","ascension_level":17}}