{"host":"pqs17sqrgflf4eqa","time":1613595045,"event":{"mods":["AchievementEnabler","BaseMod","Bestiary","Better Altar","Better Match","Better Skull","Block Reminder","Bossed Relics","Colored Map","Colored Powertips","Curses Come First","Dark Map","DeckTracker","Defective Defect","Displayed Cursed Tome","Emptier Cage","Googly Eyes","Highlight Path","Minty Spire (QoL Compilation)","Quick Restart","Slay-I","StSLib","SuperFastMode","Synergy Search","Thieving Mod","Transform Curses","everything is the same but u backflip on backflip","slay the spire mod where everything is the same but ironclad has a cowboy hat"],"gold_per_floor":[119,130,148,24,99,128,0,26,26,52,52,52,227,246,246,343,343,357,20,20,20,20,62,62,100,100,139,169,84,26,51,63,75,75],"floor_reached":33,"language":"ENG","playtime":806,"items_purged":["Doubt"],"score":468,"play_id":"1482e9d5-d402-4a63-bd07-570b90be64c2","local_time":"20210217155045","is_ascension_mode":true,"campfire_choices":[{"data":"Dualcast","floor":12.0,"key":"SMITH"},{"data":"FTL","floor":15.0,"key":"SMITH"},{"data":"Electrodynamics","floor":24,"key":"SMITH"},{"floor":32,"key":"REST"}],"circlet_count":0,"master_deck":["Strike_B","Strike_B","Strike_B","Strike_B","Defend_B","Defend_B","Defend_B","Defend_B","Zap","Dualcast+1","Sweeping Beam","Rip and Tear","Go for the Eyes","Compile Driver","Hologram","FTL+1","Doom and Gloom","Self Repair","Conserve Battery","Rip and Tear","Electrodynamics+1","BootSequence+1","Steam","Stack","RitualDagger","Coolheaded","White Noise+1","Hologram","Self Repair"],"relics":["Cracked Core","PreservedInsect","CaptainsWheel","Pantograph","Juzu Bracelet","Sozu","Oddly Smooth Stone","CeramicFish","Bag of Preparation","Cables","Red Mask","Lantern","Singing Bowl","MawBank"],"acts_visited":["Exordium","TheCity"],"potions_floor_usage":[18,18],"damage_taken":[{"damage":2.0,"enemies":"Jaw Worm","floor":1.0,"turns":3.0},{"damage":0.0,"enemies":"Cultist","floor":2.0,"turns":2.0},{"damage":0.0,"enemies":"2 Louse","floor":3.0,"turns":1.0},{"damage":10.0,"enemies":"Gremlin Nob","floor":6.0,"turns":3.0},{"damage":21.0,"enemies":"Lagavulin","floor":8.0,"turns":6.0},{"damage":8.0,"enemies":"3 Sentries","floor":10.0,"turns":3.0},{"damage":15.0,"enemies":"Exordium Wildlife","floor":14.0,"turns":3.0},{"damage":31.0,"enemies":"Slime Boss","floor":16.0,"turns":10.0},{"damage":4,"enemies":"3 Byrds","floor":18,"turns":4},{"damage":2,"enemies":"Gremlin Leader","floor":23,"turns":6},{"damage":35,"enemies":"Book of Stabbing","floor":25,"turns":5},{"damage":12,"enemies":"Masked Bandits","floor":27,"turns":3},{"damage":0,"enemies":"Gremlin Leader","floor":28,"turns":3},{"damage":25,"enemies":"Book of Stabbing","floor":31,"turns":5},{"damage":101,"enemies":"Automaton","floor":33,"turns":12}],"seed_played":"-7512209041701549715","potions_obtained":[{"floor":1.0,"key":"BlessingOfTheForge"},{"floor":3.0,"key":"Weak Potion"},{"floor":16.0,"key":"AttackPotion"}],"is_trial":false,"path_per_floor":["M","M","M","$","?","E","$","E","T","E","?","R","?","M","R","B",null,"M","$","?","?","?","E","R","E","T","?","E","?","$","E","R","B"],"character_chosen":"DEFECT","items_purchased":["Hologram","FTL","Self Repair","Conserve Battery","Oddly Smooth Stone","Steam","Stack","Self Repair"],"campfire_rested":1,"item_purchase_floors":[4,4,7,7,19,19,19,30],"current_hp_per_floor":[66,66,66,66,59,49,49,35,35,34,34,34,34,26,26,27,63,66,66,66,66,60,65,65,37,37,32,39,39,39,37,60,0,0],"gold":75,"neow_bonus":"THREE_CARDS","is_daily":false,"chose_seed":false,"campfire_upgraded":3,"win_rate":0.0,"timestamp":1613595045,"path_taken":["M","M","M","$","?","E","?","E","T","E","?","R","?","M","R","BOSS","M","$","?","?","?","E","R","E","T","?","E","?","$","E","R","BOSS"],"items_purchased_type":["Card","Card","Card","Card","Relic","Card","Card","Card"],"build_version":"2020-12-22","purchased_purges":1,"victory":false,"max_hp_per_floor":[75,75,75,75,75,75,75,75,75,75,75,75,75,75,75,75,75,75,75,75,75,75,75,75,75,75,75,75,75,75,77,77,77,77],"card_choices":[{"not_picked":["Barrage","Go for the Eyes"],"picked":"Sweeping Beam","floor":0.0},{"not_picked":["Tempest","Capacitor"],"picked":"Rip and Tear","floor":1.0},{"not_picked":["Leap","Reinforced Body"],"picked":"Go for the Eyes","floor":2.0},{"not_picked":["Stack","Heatsinks"],"picked":"Compile Driver","floor":3.0},{"not_picked":["Stack","Redo"],"picked":"Doom and Gloom","floor":6.0},{"not_picked":["Beam Cell","Heatsinks","Undo"],"picked":"SKIP","floor":8.0},{"not_picked":["Undo","FTL","Redo"],"picked":"SKIP","floor":10.0},{"not_picked":["Coolheaded","Hyperbeam"],"picked":"Rip and Tear","floor":14.0},{"not_picked":["Biased Cognition","All For One"],"picked":"Electrodynamics","floor":16.0},{"not_picked":["Genetic Algorithm","Rebound"],"picked":"BootSequence+1","floor":18},{"not_picked":["All For One","Compile Driver"],"picked":"Coolheaded","floor":23},{"not_picked":["Rebound+1","Ball Lightning"],"picked":"White Noise+1","floor":25},{"not_picked":["Steam","Cold Snap"],"picked":"Hologram","floor":27},{"not_picked":["Machine Learning","Melter","Undo"],"picked":"SKIP","floor":28},{"not_picked":["Hello World","Defragment","Compile Driver"],"picked":"Singing Bowl","floor":31}],"player_experience":223138,"relics_obtained":[{"floor":6.0,"key":"PreservedInsect"},{"floor":8.0,"key":"CaptainsWheel"},{"floor":9.0,"key":"Pantograph"},{"floor":10.0,"key":"Juzu Bracelet"},{"floor":23,"key":"CeramicFish"},{"floor":25,"key":"Bag of Preparation"},{"floor":26,"key":"Cables"},{"floor":27,"key":"Red Mask"},{"floor":28,"key":"Lantern"},{"floor":31,"key":"MawBank"}],"event_choices":[{"damage_healed":0.0,"max_hp_gain":0.0,"max_hp_loss":0.0,"gold_gain":75.0,"event_name":"FaceTrader","player_choice":"Touch","floor":5.0,"gold_loss":0.0,"damage_taken":7.0},{"damage_healed":0.0,"max_hp_gain":0.0,"max_hp_loss":0.0,"gold_gain":0.0,"event_name":"The Cleric","player_choice":"Leave","floor":11.0,"gold_loss":0.0,"damage_taken":0.0},{"damage_healed":0.0,"max_hp_gain":0.0,"max_hp_loss":0.0,"gold_gain":175.0,"event_name":"Liars Game","player_choice":"AGREE","floor":13.0,"gold_loss":0.0,"damage_taken":0.0,"cards_obtained":["Doubt"]},{"damage_healed":0,"gold_gain":0,"player_choice":"Ignored","damage_taken":0,"max_hp_gain":0,"max_hp_loss":0,"event_name":"Ghosts","floor":20,"gold_loss":0},{"damage_healed":0,"gold_gain":0,"player_choice":"Ignored","damage_taken":0,"max_hp_gain":0,"max_hp_loss":0,"event_name":"Vampires","floor":21,"gold_loss":0},{"damage_healed":0,"gold_gain":0,"player_choice":"Joined the Cult","damage_taken":6,"max_hp_gain":0,"max_hp_loss":0,"event_name":"Nest","floor":22,"gold_loss":0,"cards_obtained":["RitualDagger"]},{"damage_healed":0,"gold_gain":0,"player_choice":"Fought Bandits","damage_taken":0,"max_hp_gain":0,"max_hp_loss":0,"event_name":"Masked Bandits","floor":27,"gold_loss":0},{"damage_healed":0,"gold_gain":0,"player_choice":"Obtained Relic","damage_taken":0,"relics_obtained":["Singing Bowl"],"max_hp_gain":0,"max_hp_loss":0,"event_name":"Addict","floor":29,"gold_loss":85}],"is_beta":false,"boss_relics":[{"not_picked":["Empty Cage","Astrolabe"],"picked":"Sozu"}],"items_purged_floors":[19],"is_endless":false,"potions_floor_spawned":[1,3,16,25,27,31],"killed_by":"Automaton","ascension_level":6}}