{"host":"sndfgesrkxbbj8ze","time":1613586416,"event":{"mods":["AchievementEnabler","BaseMod","Colored Powertips","Minty Spire (QoL Compilation)","StSLib","The Hierophant"],"gold_per_floor":[113,113,113,113,129,129,154,154,154,154,32,32,85,85,85,188,188,204,222,312,312,42,67,79,107,170,182,226,238,285,312,324,435,447,479,509,481,105,105,105,132,132,132,148,180,180,193,70,70,70,70,70,19,54,54,54],"floor_reached":55,"language":"ENG","playtime":2246,"items_purged":["Regret","Defend_G","Strike_G"],"score":914,"play_id":"48560291-2f83-48c3-855b-4f4f7e66672c","local_time":"20210217192656","is_ascension_mode":true,"campfire_choices":[{"data":"Noxious Fumes","floor":6,"key":"SMITH"},{"data":"Footwork","floor":8,"key":"SMITH"},{"floor":10,"key":"RECALL"},{"data":"Poisoned Stab","floor":12,"key":"SMITH"},{"data":"Neutralize","floor":15,"key":"SMITH"},{"data":"Adrenaline","floor":24,"key":"SMITH"},{"data":"Infinite Blades","floor":27,"key":"SMITH"},{"floor":32,"key":"REST"},{"data":"Accuracy","floor":42,"key":"SMITH"},{"data":"Cloak And Dagger","floor":49,"key":"SMITH"},{"data":"A Thousand Cuts","floor":52,"key":"SMITH"}],"circlet_count":0,"master_deck":["Strike_G","Strike_G","Strike_G","Strike_G","Defend_G+1","Defend_G","Defend_G+1","Defend_G","Survivor","Neutralize+1","Noxious Fumes+1","Footwork+1","Poisoned Stab+1","Adrenaline+1","Infinite Blades+1","Blur+1","Deadly Poison+1","A Thousand Cuts+1","Bouncing Flask+1","Blade Dance+1","Accuracy+1","Cloak And Dagger+1","Madness","Madness","Parasite","Cloak And Dagger","Infinite Blades","Blade Dance"],"relics":["Ring of the Snake","Nunchaku","Tiny Chest","Lantern","Shuriken","Ornamental Fan","Bag of Marbles","Black Star","Ninja Scroll","MawBank","Paper Crane","Snake Skull","Blood Vial","InkBottle","War Paint","Darkstone Periapt","Busted Crown","Medical Kit","Strawberry","Sundial","MealTicket","CaptainsWheel","Letter Opener","Pen Nib","Happy Flower","Boot"],"acts_visited":["Exordium","TheCity","TheBeyond","TheEnding"],"potions_floor_usage":[18,22,23,23,50,50,50,55,55],"damage_taken":[{"damage":1,"enemies":"Cultist","floor":1,"turns":5},{"damage":0,"enemies":"Jaw Worm","floor":5,"turns":4},{"damage":29,"enemies":"Lagavulin","floor":7,"turns":7},{"damage":7,"enemies":"The Guardian","floor":16,"turns":10},{"damage":3,"enemies":"3 Byrds","floor":18,"turns":5},{"damage":2,"enemies":"Spheric Guardian","floor":19,"turns":4},{"damage":7,"enemies":"Gremlin Leader","floor":23,"turns":5},{"damage":0,"enemies":"Shelled Parasite and Fungi","floor":25,"turns":4},{"damage":13,"enemies":"Book of Stabbing","floor":28,"turns":4},{"damage":6,"enemies":"Slavers","floor":30,"turns":5},{"damage":0,"enemies":"Cultist and Chosen","floor":31,"turns":4},{"damage":42,"enemies":"Automaton","floor":33,"turns":11},{"damage":0,"enemies":"Orb Walker","floor":35,"turns":2},{"damage":2,"enemies":"3 Shapes","floor":36,"turns":3},{"damage":0,"enemies":"Giant Head","floor":41,"turns":5},{"damage":0,"enemies":"3 Darklings","floor":44,"turns":3},{"damage":0,"enemies":"Nemesis","floor":45,"turns":3},{"damage":0,"enemies":"Writhing Mass","floor":47,"turns":3},{"damage":9,"enemies":"Awakened One","floor":50,"turns":7},{"damage":30,"enemies":"Shield and Spear","floor":54,"turns":5},{"damage":62,"enemies":"The Heart","floor":55,"turns":6}],"seed_played":"2194259250530013618","potions_obtained":[{"floor":5,"key":"Explosive Potion"},{"floor":14,"key":"Block Potion"},{"floor":14,"key":"CultistPotion"},{"floor":14,"key":"SneckoOil"},{"floor":18,"key":"Regen Potion"},{"floor":30,"key":"Fire Potion"},{"floor":33,"key":"Block Potion"},{"floor":35,"key":"LiquidMemories"},{"floor":37,"key":"CultistPotion"},{"floor":37,"key":"LiquidMemories"},{"floor":54,"key":"Swift Potion"}],"is_trial":false,"path_per_floor":["M","?","T","?","M","R","E","R","T","R","$","R","T","?","R","B",null,"M","M","?","T","$","E","R","M","T","R","E","?","E","M","R","B",null,"M","M","?","$","T","?","E","R","T","M","E","?","M","$","R","B",null,"R","$","E","B"],"character_chosen":"THE_SILENT","items_purchased":["Poisoned Stab","Infinite Blades","Fruit Juice","Accuracy","Medical Kit","Cloak And Dagger","Cloak And Dagger","Infinite Blades","PowerPotion"],"campfire_rested":1,"item_purchase_floors":[11,22,22,38,38,38,48,48,53],"current_hp_per_floor":[69,69,69,57,57,57,28,28,28,28,28,28,28,28,28,21,70,67,65,53,53,58,51,51,51,51,51,38,38,34,36,58,18,75,75,73,73,73,80,70,72,72,72,74,76,66,74,88,88,79,88,88,88,58,0,0],"gold":54,"neow_bonus":"RANDOM_COMMON_RELIC","is_daily":false,"chose_seed":false,"campfire_upgraded":9,"win_rate":0.0,"timestamp":1613586416,"path_taken":["M","?","?","?","?","R","E","R","T","R","$","R","?","?","R","BOSS","M","?","?","?","$","E","R","M","T","R","E","?","E","?","R","BOSS","M","M","?","$","?","?","E","R","T","M","E","?","M","$","R","BOSS","R","$","E","BOSS"],"items_purchased_type":["Card","Card","Potion","Card","Relic","Card","Card","Card","Potion"],"build_version":"2020-12-22","purchased_purges":3,"victory":false,"max_hp_per_floor":[70,70,70,70,70,70,70,70,70,70,70,70,70,70,70,70,70,70,70,70,70,75,75,75,75,75,75,75,75,75,75,75,75,75,75,75,75,75,82,82,82,82,82,82,82,82,88,88,88,88,88,88,88,88,88,88],"card_choices":[{"not_picked":["Slice","PiercingWail"],"picked":"Noxious Fumes","floor":1},{"not_picked":["Concentrate","Deflect","Dodge and Roll"],"picked":"SKIP","floor":5},{"not_picked":["Die Die Die","PiercingWail"],"picked":"Footwork","floor":7},{"not_picked":["Tools of the Trade","Grand Finale"],"picked":"Adrenaline","floor":16},{"not_picked":["Reflex","Riddle With Holes","Quick Slash"],"picked":"SKIP","floor":18},{"not_picked":["Dodge and Roll","Dagger Throw+1","Underhanded Strike"],"picked":"SKIP","floor":19},{"not_picked":["Distraction+1","Sucker Punch"],"picked":"Blur","floor":23},{"not_picked":["Distraction+1","Choke","Dagger Spray"],"picked":"SKIP","floor":25},{"not_picked":["Prepared","Flying Knee+1","Flechettes+1"],"picked":"SKIP","floor":28},{"not_picked":["Dodge and Roll+1","Bullet Time"],"picked":"Deadly Poison+1","floor":30},{"not_picked":["Dagger Spray","Deflect","Skewer+1"],"picked":"SKIP","floor":31},{"not_picked":["Night Terror","Venomology"],"picked":"A Thousand Cuts","floor":33},{"not_picked":[],"picked":"Bouncing Flask+1","floor":35},{"not_picked":[],"picked":"Blade Dance+1","floor":36},{"not_picked":["Concentrate"],"picked":"SKIP","floor":41},{"not_picked":["Dagger Spray"],"picked":"SKIP","floor":44},{"not_picked":["Heel Hook+1"],"picked":"SKIP","floor":45},{"not_picked":["Underhanded Strike+1"],"picked":"SKIP","floor":47},{"not_picked":[],"picked":"Blade Dance","floor":54}],"player_experience":262117,"relics_obtained":[{"floor":3,"key":"Lantern"},{"floor":7,"key":"Ornamental Fan"},{"floor":9,"key":"Bag of Marbles"},{"floor":21,"key":"Ninja Scroll"},{"floor":23,"key":"MawBank"},{"floor":23,"key":"Paper Crane"},{"floor":26,"key":"Snake Skull"},{"floor":28,"key":"Blood Vial"},{"floor":28,"key":"InkBottle"},{"floor":30,"key":"War Paint"},{"floor":30,"key":"Darkstone Periapt"},{"floor":39,"key":"Strawberry"},{"floor":41,"key":"Sundial"},{"floor":41,"key":"MealTicket"},{"floor":43,"key":"CaptainsWheel"},{"floor":45,"key":"Letter Opener"},{"floor":45,"key":"Pen Nib"},{"floor":54,"key":"Happy Flower"},{"floor":54,"key":"Boot"}],"event_choices":[{"damage_healed":0,"gold_gain":0,"player_choice":"Box","damage_taken":0,"relics_obtained":["Tiny Chest"],"max_hp_gain":0,"max_hp_loss":0,"event_name":"Big Fish","floor":2,"gold_loss":0,"cards_obtained":["Regret"]},{"damage_healed":0,"gold_gain":0,"player_choice":"Success","damage_taken":12,"relics_obtained":["Shuriken"],"max_hp_gain":0,"max_hp_loss":0,"event_name":"Scrap Ooze","floor":4,"gold_loss":0},{"damage_healed":0,"gold_gain":0,"player_choice":"Got Potions","damage_taken":0,"max_hp_gain":0,"max_hp_loss":0,"event_name":"Lab","floor":14,"gold_loss":0},{"damage_healed":0,"gold_gain":90,"player_choice":"GOLD ","damage_taken":12,"max_hp_gain":0,"max_hp_loss":0,"event_name":"Knowing Skull","floor":20,"potions_obtained":[],"gold_loss":0,"cards_obtained":[]},{"damage_healed":0,"gold_gain":0,"player_choice":"Forge","damage_taken":0,"max_hp_gain":0,"max_hp_loss":0,"event_name":"Accursed Blacksmith","floor":29,"gold_loss":0,"cards_upgraded":["Blur"]},{"damage_healed":0,"gold_gain":0,"player_choice":"Bought 3 Potions","damage_taken":0,"max_hp_gain":0,"max_hp_loss":0,"event_name":"The Woman in Blue","floor":37,"gold_loss":0},{"damage_healed":0,"gold_gain":0,"player_choice":"Embrace Madness","damage_taken":10,"max_hp_gain":0,"max_hp_loss":0,"event_name":"Winding Halls","floor":40,"gold_loss":0,"cards_obtained":["Madness","Madness"]},{"damage_healed":0,"gold_gain":0,"player_choice":"Memory 3","damage_taken":10,"max_hp_gain":0,"max_hp_loss":0,"event_name":"SensoryStone","floor":46,"gold_loss":0}],"is_beta":false,"boss_relics":[{"not_picked":["Runic Dome","WristBlade"],"picked":"Black Star"},{"not_picked":["Pandora\u0027s Box","HoveringKite"],"picked":"Busted Crown"}],"items_purged_floors":[11,22,38],"is_endless":false,"potions_floor_spawned":[5,18,30,33,35,44,47,54],"killed_by":"The Heart","ascension_level":1}}