{"host":"8z3t04jhmmneumck","time":1613584541,"event":{"mods":["AchievementEnabler","BaseMod","Colored Map","Colored Powertips","Downfall","Googly Eyes","Hermit","Marisa????????","Minty Spire (QoL Compilation)","StSLib","The Animator","The Bug Knight","The Cursed","The Servant 0.9.4"],"gold_per_floor":[113,113,128,51,62,94,94,94,94,94,111,124,135,50,50,50,50],"floor_reached":16,"language":"ENG","playtime":1137,"items_purged":[],"score":102,"play_id":"7675a8c2-4980-4390-a73a-38df686ff47e","local_time":"20210217125541","is_ascension_mode":false,"campfire_choices":[{"floor":7,"key":"REST"},{"floor":15,"key":"REST"}],"circlet_count":0,"master_deck":["hermit:Strike_Hermit","hermit:Strike_Hermit","hermit:Strike_Hermit","hermit:Strike_Hermit","hermit:Defend_Hermit","hermit:Defend_Hermit","hermit:Defend_Hermit","hermit:Defend_Hermit","hermit:Snapshot","hermit:Glare","hermit:HoleUp","hermit:EyeOfTheStorm","hermit:LoneWolf","hermit:Quickdraw","hermit:Horror","hermit:Glare","hermit:Quickdraw","Finesse"],"relics":["hermit:Momento","NeowsBlessing","Meat on the Bone","Lizard Tail"],"acts_visited":["Exordium"],"potions_floor_usage":[6,6,6,16,16],"damage_taken":[{"damage":0,"enemies":"Small Slimes","floor":1,"turns":1},{"damage":0,"enemies":"Cultist","floor":3,"turns":1},{"damage":0,"enemies":"2 Louse","floor":5,"turns":1},{"damage":51,"enemies":"Lagavulin","floor":6,"turns":14},{"damage":9,"enemies":"Looter","floor":11,"turns":4},{"damage":24,"enemies":"Exordium Thugs","floor":12,"turns":5},{"damage":3,"enemies":"Red Slaver","floor":13,"turns":3},{"damage":113,"enemies":"Hexaghost","floor":16,"turns":17}],"seed_played":"75458176324019654","potions_obtained":[{"floor":1,"key":"hexamod:SoulburnPotion"},{"floor":2,"key":"DuplicationPotion"},{"floor":2,"key":"SpeedPotion"},{"floor":11,"key":"Block Potion"},{"floor":13,"key":"hexamod:SoulburnPotion"}],"is_trial":false,"path_per_floor":["M","?","M","$","M","E","R","?","T","?","M","M","M","$","R","B"],"character_chosen":"HERMIT","items_purchased":["hermit:EyeOfTheStorm","Finesse"],"campfire_rested":2,"item_purchase_floors":[4,14],"current_hp_per_floor":[75,75,75,75,75,24,46,46,46,46,49,37,46,46,68,0,0],"gold":50,"neow_bonus":"THREE_ENEMY_KILL","is_daily":false,"chose_seed":false,"campfire_upgraded":0,"win_rate":0.0,"timestamp":1613584541,"path_taken":["M","?","M","?","M","E","R","?","T","?","?","M","M","?","R","BOSS"],"items_purchased_type":["Card","Card"],"build_version":"2020-12-22","purchased_purges":0,"victory":false,"max_hp_per_floor":[75,75,75,75,75,75,75,75,75,75,75,75,75,75,75,75,75],"card_choices":[{"not_picked":["hermit:Shortfuse","hermit:Showdown"],"picked":"hermit:Glare","floor":1},{"not_picked":["hermit:Maintenance","hermit:LoneWolf"],"picked":"hermit:HoleUp","floor":3},{"not_picked":["hermit:Misfire","hermit:LuckOfTheDraw"],"picked":"hermit:LoneWolf","floor":5},{"not_picked":["hermit:Horror","hermit:Gambit"],"picked":"hermit:Quickdraw","floor":6},{"not_picked":["hermit:Quickdraw","hermit:HighCaliber"],"picked":"hermit:Horror","floor":11},{"not_picked":["hermit:Vantage","hermit:Manifest"],"picked":"hermit:Glare","floor":12},{"not_picked":["hermit:Coalescence","hermit:Virtue"],"picked":"hermit:Quickdraw","floor":13}],"player_experience":13385,"relics_obtained":[{"floor":6,"key":"Meat on the Bone"},{"floor":9,"key":"Lizard Tail"}],"event_choices":[{"damage_healed":0,"gold_gain":0,"player_choice":"Got Potions","damage_taken":0,"max_hp_gain":0,"max_hp_loss":0,"event_name":"Lab","floor":2,"gold_loss":0},{"damage_healed":0,"gold_gain":0,"player_choice":"Ignored","damage_taken":0,"max_hp_gain":0,"max_hp_loss":0,"event_name":"Liars Game","floor":8,"gold_loss":0},{"cards_removed":["hermit:Covet"],"damage_healed":0,"gold_gain":0,"player_choice":"Purged","damage_taken":0,"max_hp_gain":0,"max_hp_loss":0,"event_name":"Purifier","floor":10,"gold_loss":0}],"is_beta":false,"boss_relics":[],"items_purged_floors":[],"is_endless":false,"potions_floor_spawned":[1,11,13],"killed_by":"Hexaghost","ascension_level":0}}