{"host":"dwyzfvnzfcqffr30","time":1613588152,"event":{"mods":["2.2 Compatiblity","Act Like it!","Aspiration","BaseMod","Beaked The Cultist","Better Altar","Better Match","Better Note","Better Sensory Stone","Better Skull","Better Third Choice","Clockwork Mod","Colored Map","Colored Powertips","Conspire","Downfall","Elementarium","GifTheSpireLib","Halation","Hermit","Hubris","Infinite Spire","Ironclad Rager","Jedi Mod","Menagerie","Mimic Mod","Minty Spire (QoL Compilation)","Permanent Neow","Random Character Button","Relic Filter Mod","Reliquary","Replay The Spire","Shapeshifter Mod","Spicy Shops","Spikes Relics","StSLib","Stuff the Spire","The Construct","The Disciple","The Druid","The Marked","TheFirefly","Trackpad","Wandering Minibosses"],"gold_per_floor":[118,144,168,5,0,28,136,277,310,310,310,466,466,624,624,767,767,830,900,900,900,977,1157,1242,1335,1335,460,460,594,584,758,758,911,911,981,1056,1056,1056,1056,1056,1229,1229,1263,1461,1567,1567,1680,1680,1680,1680,1680,1680,920,920],"floor_reached":53,"language":"ENG","playtime":14592,"items_purged":["theMarked:EmpowerWeapon+1","theMarked:SoldierOfQuellstein+1","Decay","CommonCold","theMarked:Strike"],"score":1191,"play_id":"aad7a078-6f0c-4792-bf02-18778a9ca7a8","local_time":"20210217105552","is_ascension_mode":true,"campfire_choices":[{"floor":10,"key":"RECALL"},{"floor":13,"key":"REST"},{"data":"theMarked:ChannelForce+1","floor":15,"key":"SMITH"},{"data":"theMarked:HeightenedSenses+1","floor":28,"key":"SMITH"},{"data":"theMarked:HeightenedSenses+2","floor":32,"key":"SMITH"},{"data":"theMarked:Toughness+1","floor":40,"key":"SMITH"},{"data":"theMarked:RogueSparks+1","floor":42,"key":"SMITH"},{"floor":46,"key":"REST"},{"data":"theMarked:RogueSparks+1","floor":49,"key":"SMITH"},{"data":"theMarked:Toughness+2","floor":52,"key":"SMITH"}],"circlet_count":0,"master_deck":["theMarked:Strike","theMarked:Strike","theMarked:Strike","theMarked:Strike","theMarked:Defend","theMarked:Defend","theMarked:Defend","theMarked:Defend","Bandage Up+1","MasterReality+1","Apotheosis+1","theMarked:ElectricStrings+1","theMarked:SwordAndMagic+1","theMarked:EternalStudent+1","theMarked:ChannelForce+3","theMarked:RogueSparks+2","theMarked:ChainLightning+1","theMarked:HeightenedSenses+3","theMarked:ParalyzingBlade+1","hubris:DuctTapeCard","theMarked:Toughness+3","CurseOfTheBell","theMarked:RogueSparks+2","Elementarium:GildedEssence+1","Delirium","theMarked:ComboAttacks+1","theMarked:WastefulAttack+1","theMarked:Friction+1"],"relics":["theMarked:ArtifactOfAir","Bottled Tornado","halation:Prosthetics","hubris:TinFlute","conspire:InfiniteJournal","infinitespire:EvilPickle","Quantum Egg","Molten Egg 2","Frozen Egg 2","Toxic Egg 2","StuffTheSpire:TintedRock","Simple Rune","hubris:DuctTape","StoneCalendar","Painkiller Herb","reliquary:BrokenClock","Calling Bell","trackpad:WritersBlock","reliquary:Firecrackers","FossilizedHelix","HornCleat","Incense Burner","ReplayTheSpireMod:TigerMarble","halation:OrihimeAndHikoboshiSamaAndTears","War Paint","hubris:Potato","StuffTheSpire:DarkSteelAnvil","Elementarium:ElementariumTrophy","Replay:Ancient Bell","hubris:SlimyHat","reliquary:JackalopeAntler","theMarked:VonisonLock","Pondfish Scales","infinitespire:Golems Mask","conspire:Flyswatter","infinitespire:ShieldingShard","Membership Card","RollingBoulder","reliquary:RosewoodLute","Bag of Preparation","theMarked:Winder"],"acts_visited":["Exordium","Elementarium:Elementarium","TheBeyond","TheEnding"],"potions_floor_usage":[8,14,23,24,33,33,35,35,44,50,50,53],"damage_taken":[{"damage":5,"enemies":"Jaw Worm","floor":1,"turns":4},{"damage":0,"enemies":"Small Slimes","floor":2,"turns":2},{"damage":0,"enemies":"2 Louse","floor":3,"turns":2},{"damage":2,"enemies":"Gremlin Nob","floor":6,"turns":3},{"damage":0,"enemies":"Replay:BlueRogue","floor":8,"turns":5},{"damage":0,"enemies":"Gremlin Gang","floor":9,"turns":3},{"damage":10,"enemies":"3 Sentries","floor":12,"turns":3},{"damage":0,"enemies":"Gremlin Nob","floor":14,"turns":3},{"damage":0,"enemies":"Fading Forest","floor":16,"turns":11},{"damage":14,"enemies":"Elementarium:VoidCorruption","floor":18,"turns":3},{"damage":0,"enemies":"Elementarium:Cyclone","floor":19,"turns":4},{"damage":0,"enemies":"Elementarium:VOID_CORRUPTION_AND_TAR_GOLEM","floor":22,"turns":5},{"damage":8,"enemies":"Elementarium:FIRE_NOBILITY","floor":23,"turns":6},{"damage":0,"enemies":"Elementarium:Hydrostalker","floor":24,"turns":5},{"damage":1,"enemies":"Elementarium:CYCLONE_AND_LIVING_STORMCLOUD","floor":25,"turns":4},{"damage":1,"enemies":"Elementarium:WarGolem","floor":29,"turns":5},{"damage":0,"enemies":"Elementarium:FIRE_NOBILITY","floor":31,"turns":4},{"damage":0,"enemies":"Elementarium:PHOENIXES","floor":33,"turns":7},{"damage":0,"enemies":"3 Shapes","floor":35,"turns":3},{"damage":0,"enemies":"3 Darklings","floor":36,"turns":4},{"damage":0,"enemies":"Giant Head","floor":41,"turns":7},{"damage":0,"enemies":"Transient","floor":43,"turns":5},{"damage":15,"enemies":"Reptomancer","floor":44,"turns":5},{"damage":3,"enemies":"Transient","floor":45,"turns":5},{"damage":0,"enemies":"Spire Growth","floor":47,"turns":5},{"damage":0,"enemies":"Replay:Hell Engine","floor":50,"turns":7},{"damage":24,"enemies":"hubris:Merchant","floor":53,"turns":5}],"seed_played":"7591296286828749708","potions_obtained":[{"floor":1,"key":"Flashbang"},{"floor":8,"key":"Regen Potion"},{"floor":12,"key":"jedi:tentaclejuice"},{"floor":19,"key":"LiquidMemories"},{"floor":23,"key":"Adrenaline Potion"},{"floor":33,"key":"Energy Potion"},{"floor":41,"key":"Energy Potion"},{"floor":45,"key":"SpeedPotion"}],"is_trial":false,"path_per_floor":["M","M","M","$","?","E","?","E","MIM","R","?","E","R","E","R","B",null,"?","?","?","AVR","?","E","?","?","T","T","T","E","?","E","T","B",null,"?","?","HB","?","?","T","E","T","MIM","E","?","T","?","AVR","T","B",null,"T","T"],"character_chosen":"THE_DEFAULT","items_purchased":["theMarked:EternalStudent+1","theMarked:RogueSparks+1","ReplayTheSpireMod:TigerMarble","halation:OrihimeAndHikoboshiSamaAndTears","War Paint","LiquidMemories","ColorlessPotion","theMarked:WastefulAttack+1","Membership Card","RollingBoulder","reliquary:RosewoodLute","Bag of Preparation","theMarked:Winder","Reflective Coating","Explosive Potion","Fire Potion","theMarked:Friction+1"],"campfire_rested":2,"item_purchase_floors":[4,27,27,27,27,27,27,53,53,53,53,53,53,53,53,53,53],"current_hp_per_floor":[34,35,35,35,41,39,23,31,37,37,37,27,39,39,39,41,41,33,39,41,41,41,33,39,38,38,38,38,41,41,41,41,41,41,41,41,21,21,21,21,21,21,21,20,18,21,21,21,21,21,21,21,0,0],"gold":920,"neow_bonus":"RANDOM_COLORLESS","is_daily":false,"chose_seed":false,"campfire_upgraded":7,"win_rate":0.0,"timestamp":1613588152,"path_taken":["M","M","M","$","?","E","?","E","MIM","R","?","E","R","E","R","BOSS","?","?","?","AVR","?","E","?","?","T","T","T","E","?","E","T","BOSS","?","?","HB","?","?","T","E","T","MIM","E","?","T","?","AVR","T","BOSS","T","T"],"items_purchased_type":["Card","Card","Relic","Relic","Relic","Potion","Potion","Card","Relic","Relic","Relic","Relic","Relic","Potion","Potion","Potion","Card"],"build_version":"2020-12-22","purchased_purges":5,"victory":false,"max_hp_per_floor":[35,35,35,35,41,41,41,41,41,41,41,41,41,41,41,41,41,41,41,41,41,41,41,41,41,41,41,41,41,41,41,41,41,41,41,41,21,21,21,21,21,21,21,21,21,21,21,21,21,21,21,21,21,21],"card_choices":[{"not_picked":["ReplayTheSpireMod:Uncanny Aura","Good Instincts"],"picked":"Bandage Up","floor":0},{"not_picked":["theMarked:Frustration+1","theMarked:Parkour+1"],"picked":"theMarked:ElectricStrings+1","floor":1},{"not_picked":["theMarked:KeepCalmAndFight+1","theMarked:Improvise+1"],"picked":"theMarked:EmpowerWeapon+1","floor":2},{"not_picked":["theMarked:ElectricStrings+1","theMarked:TakeCover+1"],"picked":"theMarked:SwordAndMagic+1","floor":3},{"not_picked":["theMarked:KeepCalmAndFight+1","theMarked:CreepingChasm+1","theMarked:RepellingDischarge+1"],"picked":"SKIP","floor":6},{"not_picked":["theMarked:BiggerThanFate+1","theMarked:EmpowerWeapon+1"],"picked":"theMarked:ChannelForce+1","floor":7},{"not_picked":["theMarked:ElectricStrings+1","theMarked:Aftermath+1"],"picked":"theMarked:RogueSparks+1","floor":7},{"not_picked":["theMarked:Memento+1","theMarked:ElectricStrings+1"],"picked":"theMarked:ChainLightning+1","floor":7},{"not_picked":["theMarked:BanishingStrike+1","theMarked:Maelstrom+1"],"picked":"theMarked:HeightenedSenses+1","floor":8},{"not_picked":["theMarked:Challenge+1","theMarked:Maelstrom+1"],"picked":"theMarked:ParalyzingBlade+1","floor":12},{"not_picked":["theMarked:Frustration+1","theMarked:ChainLightning+1","theMarked:TakeCover+1"],"picked":"SKIP","floor":14},{"not_picked":["theMarked:TakeOffHeels+1","theMarked:Defy+1"],"picked":"theMarked:Toughness+1","floor":16},{"not_picked":["theMarked:WardOff+1","theMarked:StartUp+1","theMarked:Parkour+1"],"picked":"SKIP","floor":18},{"not_picked":["theMarked:Memento+1","theMarked:BanishingStrike+1","theMarked:EternalStudent+1"],"picked":"SKIP","floor":19},{"not_picked":["theMarked:Memento+1","theMarked:Frustration+1","theMarked:Parkour+1"],"picked":"SKIP","floor":22},{"not_picked":["theMarked:Reabsorb+1","theMarked:Improvise+1","theMarked:GodGivenPower+1"],"picked":"SKIP","floor":23},{"not_picked":["theMarked:RepellingDischarge+1","theMarked:ResourceFulStrike+1","theMarked:WardOff+1"],"picked":"SKIP","floor":24},{"not_picked":["theMarked:WastefulAttack+1","theMarked:WardOff+1","theMarked:Opportunist+1"],"picked":"SKIP","floor":25},{"not_picked":["theMarked:MysticalArsenal+1","theMarked:BanishingWave+1","theMarked:HeightenedSenses+1"],"picked":"SKIP","floor":29},{"not_picked":["theMarked:Improvise+1","theMarked:Generate+1","theMarked:Memento+1"],"picked":"SKIP","floor":31},{"not_picked":["conspire:NecroticWound","downfall:Malfunctioning"],"picked":"Decay","floor":34},{"not_picked":["SwitchConfidence","infinitespire:Pacifist"],"picked":"Delirium","floor":34},{"not_picked":["SwitchThreat","conspire:Blindness"],"picked":"CommonCold","floor":34},{"not_picked":["theMarked:RepellingDischarge+1","theMarked:Parkour+1","theMarked:BanishingStrike+1"],"picked":"SKIP","floor":35},{"not_picked":["theMarked:SelfDefenseTraining+1","theMarked:LightningStrikesTwice+1"],"picked":"theMarked:ComboAttacks+1","floor":36},{"not_picked":["theMarked:SelfDefenseTraining+1","theMarked:Heritage+1","theMarked:Convert+1"],"picked":"SKIP","floor":41},{"not_picked":["theMarked:BiggerThanFate+1","theMarked:TwofoldDefense+1","theMarked:Aftermath+1"],"picked":"SKIP","floor":44},{"not_picked":["theMarked:Aftermath+1","theMarked:MysticalArsenal+1","theMarked:ElectricStrings+1"],"picked":"SKIP","floor":45},{"not_picked":["theMarked:Electrocute+1","theMarked:ChannelForce+1","theMarked:Determination+1"],"picked":"SKIP","floor":47}],"player_experience":3277554,"relics_obtained":[{"floor":6,"key":"StuffTheSpire:TintedRock"},{"floor":8,"key":"Simple Rune"},{"floor":12,"key":"hubris:DuctTape"},{"floor":14,"key":"StoneCalendar"},{"floor":21,"key":"trackpad:WritersBlock"},{"floor":21,"key":"reliquary:Firecrackers"},{"floor":21,"key":"FossilizedHelix"},{"floor":23,"key":"HornCleat"},{"floor":26,"key":"Incense Burner"},{"floor":29,"key":"hubris:Potato"},{"floor":31,"key":"StuffTheSpire:DarkSteelAnvil"},{"floor":41,"key":"Pondfish Scales"},{"floor":43,"key":"infinitespire:Golems Mask"},{"floor":44,"key":"conspire:Flyswatter"}],"event_choices":[{"damage_healed":0,"gold_gain":0,"player_choice":"Simplicity","damage_taken":0,"max_hp_gain":0,"max_hp_loss":9,"event_name":"betterThird:BetterWriting","floor":0,"gold_loss":0},{"damage_healed":0,"gold_gain":0,"player_choice":"RENOUNCE","damage_taken":5,"max_hp_gain":0,"max_hp_loss":0,"event_name":"betterThird:BetterSerpent","floor":5,"gold_loss":5,"cards_obtained":["Enlightenment"]},{"damage_healed":0,"gold_gain":0,"player_choice":"Leave","damage_taken":0,"max_hp_gain":0,"max_hp_loss":0,"event_name":"conspire:Investor","floor":11,"gold_loss":0},{"damage_healed":0,"gold_gain":0,"player_choice":"Toss","damage_taken":0,"max_hp_gain":0,"max_hp_loss":0,"event_name":"Elementarium:OnrushingOffering","floor":30,"gold_loss":10,"cards_obtained":["Elementarium:GildedEssence"]}],"is_beta":false,"boss_relics":[{"not_picked":["Pandora\u0027s Box","Replay:Bronze Core"],"picked":"Painkiller Herb"},{"not_picked":["aspiration:FutureDiary","Astrolabe"],"picked":"Replay:Ancient Bell"},{"not_picked":["aspiration:TomeofQuesting","reliquary:TuningFork"],"picked":"hubris:SlimyHat"},{"not_picked":["infinitespire:EmpoweringShard","construct:FoamFinger"],"picked":"reliquary:JackalopeAntler"},{"not_picked":["Thread and Needle","CrustySpines"],"picked":"theMarked:VonisonLock"}],"items_purged_floors":[21,27,48,53,53],"is_endless":false,"potions_floor_spawned":[1,8,12,19,23,24,31,33,35,41,45],"killed_by":"hubris:Merchant","ascension_level":7}}