{"host":"plzv31qd94m7lu76","time":1613569565,"event":{"mods":["BaseMod","Downfall","GifTheSpireLib","Minty Spire (QoL Compilation)","Random Character Button","StSLib","Unceasing Turn Reminder"],"gold_per_floor":[99,119,135,135,235,235,235,245,7,23,37,69,69,88,106,207,207,107,122,23,38,23,23,23,40,40,51,51,64,64,49,68,169,169,69,81,47,65,79,104,104,124,135,153,153,170,10,25,40,40,40,40],"floor_reached":50,"language":"ENG","playtime":2409,"items_purged":[],"score":559,"play_id":"50defec3-93ce-4c31-8c96-989d216ebeb6","local_time":"20210217144605","is_ascension_mode":false,"campfire_choices":[{"data":"bronze:Replicate","floor":1,"key":"SMITH"},{"floor":6,"key":"REST"},{"data":"bronze:Iterate","floor":13,"key":"SMITH"},{"data":"bronze:ChosenStrike","floor":18,"key":"SMITH"},{"data":"bronze:ChosenStrike","floor":23,"key":"SMITH"},{"floor":26,"key":"RECALL"},{"data":"bronze:Shell","floor":30,"key":"SMITH"},{"data":"bronze:Repair","floor":35,"key":"SMITH"}],"circlet_count":0,"master_deck":["bronze:Strike","bronze:Strike","bronze:Strike","bronze:Defend","bronze:Defend","bronze:Defend","bronze:Replicate+1","bronze:Goto","bronze:FollowUp","bronze:Deprecate+1","bronze:Virus","bronze:Repair+1","bronze:Frontload","bronze:HardenedForm+1","bronze:Overheat","bronze:Iterate+1","bronze:FollowUp","bronze:Safeguard","bronze:ChosenStrike+1","bronze:Verify+1","bronze:Turbo","bronze:ChosenStrike+1","Panache+1","bronze:ClassDefault+1","bronze:Shell+1","bronze:DelayedSlice","bronze:Branch","bronze:Boost","bronze:FineTuning","bronze:ThunderWave","bronze:Iterate","bronze:Verify+1","expansioncontent:StudyTheSpire+1","bronze:Turbo","bronze:Overload","bronze:Philosophize+1","bronze:Overheat+1","bronze:Shell+1","bronze:GetLatest+1","expansioncontent:Hexaburn+1","bronze:Shield+1","expansioncontent:StudyTheSpire+1","bronze:ForceShield"],"relics":["bronze:PlatinumCore","Kunai","Frozen Egg 2","Membership Card","Eternal Feather","Sozu","downfall:HeartBlessingGreen","bronze:CableSpool","downfall:HeartBlessingRed","Bird Faced Urn","Meat on the Bone","Mercury Hourglass","Pear","OrangePellets"],"acts_visited":["Exordium","TheCity","TheBeyond"],"potions_floor_usage":[5,11,12,12,16],"damage_taken":[{"damage":3,"enemies":"Jaw Worm","floor":2,"turns":3},{"damage":0,"enemies":"2 Louse","floor":3,"turns":3},{"damage":19,"enemies":"downfall:Heads","floor":5,"turns":5},{"damage":0,"enemies":"Cultist","floor":8,"turns":3},{"damage":0,"enemies":"downfall:FleeingMerchant","floor":9,"turns":4},{"damage":0,"enemies":"2 Fungi Beasts","floor":10,"turns":4},{"damage":0,"enemies":"Red Slaver","floor":11,"turns":3},{"damage":4,"enemies":"3 Sentries","floor":12,"turns":6},{"damage":11,"enemies":"Large Slime","floor":14,"turns":5},{"damage":20,"enemies":"Exordium Thugs","floor":15,"turns":4},{"damage":2,"enemies":"WA_ARCHETYPE_RETAIN","floor":16,"turns":7},{"damage":10,"enemies":"Chosen","floor":19,"turns":4},{"damage":0,"enemies":"downfall:FleeingMerchant","floor":20,"turns":4},{"damage":5,"enemies":"3 Byrds","floor":21,"turns":4},{"damage":0,"enemies":"downfall:FleeingMerchant","floor":22,"turns":4},{"damage":8,"enemies":"Snake Plant","floor":25,"turns":5},{"damage":0,"enemies":"3 Cultists","floor":27,"turns":4},{"damage":2,"enemies":"Snecko","floor":29,"turns":3},{"damage":18,"enemies":"downfall:FleeingMerchant","floor":31,"turns":4},{"damage":0,"enemies":"Cultist and Chosen","floor":32,"turns":4},{"damage":23,"enemies":"IC_MUSHROOM_ARCHETYPE","floor":33,"turns":10},{"damage":1,"enemies":"Orb Walker","floor":36,"turns":3},{"damage":14,"enemies":"downfall:FleeingMerchant","floor":37,"turns":4},{"damage":17,"enemies":"3 Shapes","floor":38,"turns":4},{"damage":45,"enemies":"Transient","floor":39,"turns":5},{"damage":13,"enemies":"Giant Head","floor":40,"turns":8},{"damage":23,"enemies":"Spire Growth","floor":42,"turns":3},{"damage":35,"enemies":"Maw","floor":43,"turns":7},{"damage":15,"enemies":"Transient","floor":44,"turns":5},{"damage":49,"enemies":"4 Shapes","floor":46,"turns":9},{"damage":0,"enemies":"Spire Growth","floor":48,"turns":2},{"damage":39,"enemies":"Sphere and 2 Shapes","floor":49,"turns":4},{"damage":59,"enemies":"DF_ARCHETYPE_ORBS","floor":50,"turns":4}],"seed_played":"-2986106640667071367","potions_obtained":[{"floor":3,"key":"FearPotion"},{"floor":5,"key":"Ancient Potion"},{"floor":10,"key":"Block Potion"},{"floor":11,"key":"Strength Potion"},{"floor":14,"key":"DistilledChaos"}],"is_trial":false,"path_per_floor":["R","M","M","?","?","R","T","M","$","M","M","E","R","M","M","B",null,"R","M","$","M","$","R","T","M","R","M","?","M","R","$","M","B",null,"R","M","$","M","M","E","T","M","M","M","?","M","$","M","M","B"],"character_chosen":"THE_AUTOMATON","items_purchased":["Membership Card","bronze:HardenedForm+1","Panache+1","Bird Faced Urn","expansioncontent:StudyTheSpire","Meat on the Bone","bronze:Turbo","OrangePellets","expansioncontent:StudyTheSpire+1"],"campfire_rested":1,"item_purchase_floors":[9,9,20,37,37,37,37,47,47],"current_hp_per_floor":[77,74,74,71,52,75,75,77,77,77,77,73,77,73,60,65,77,77,74,77,77,77,77,77,76,77,77,77,77,77,66,66,51,77,77,76,62,51,26,45,55,48,47,53,53,40,40,54,47,0,0,0],"gold":40,"neow_bonus":"TEN_PERCENT_HP_BONUS","is_daily":false,"chose_seed":false,"campfire_upgraded":6,"win_rate":0.0,"timestamp":1613569565,"path_taken":["R","M","M","?","?","R","T","M","$","?","M","E","R","M","M","BOSS","R","M","$","M","?","R","T","M","R","M","?","?","R","$","M","BOSS","R","M","$","M","M","E","T","M","M","M","?","M","?","?","M","BOSS"],"items_purchased_type":["Relic","Card","Card","Relic","Card","Relic","Card","Relic","Card"],"build_version":"2020-12-22","purchased_purges":0,"victory":false,"max_hp_per_floor":[77,77,77,77,77,77,77,77,77,77,77,77,77,77,77,77,77,77,77,77,77,77,77,77,77,77,77,77,77,77,77,77,77,77,77,77,77,77,77,77,87,87,87,87,87,87,87,87,87,87,87,87],"card_choices":[{"not_picked":["bronze:WildBeam","bronze:BitShift"],"picked":"bronze:FollowUp","floor":2},{"not_picked":["bronze:Shield","bronze:CutThrough"],"picked":"bronze:Deprecate","floor":3},{"not_picked":["bronze:Branch","bronze:Invalidate"],"picked":"bronze:Repair","floor":5},{"not_picked":["bronze:Repulsor+1","bronze:BitShift"],"picked":"bronze:Frontload","floor":8},{"not_picked":["bronze:Turbo","bronze:BronzeOrb","bronze:Overheat"],"picked":"SKIP","floor":9},{"not_picked":["bronze:CutThrough","bronze:Deprecate"],"picked":"bronze:Overheat","floor":10},{"not_picked":["bronze:Branch","bronze:Frontload"],"picked":"bronze:Iterate","floor":11},{"not_picked":["bronze:DelayedGuard","bronze:Deprecate"],"picked":"bronze:FollowUp","floor":12},{"not_picked":["bronze:Branch","bronze:Backtrace"],"picked":"bronze:Safeguard","floor":14},{"not_picked":["bronze:Shell","bronze:DelayedSlice"],"picked":"bronze:ChosenStrike","floor":15},{"not_picked":["bronze:Break","bronze:HyperBeam"],"picked":"bronze:Verify+1","floor":16},{"not_picked":["bronze:Shield","bronze:CutThrough+1"],"picked":"bronze:Turbo","floor":19},{"not_picked":["bronze:Break","bronze:Return+1"],"picked":"bronze:ChosenStrike","floor":20},{"not_picked":["bronze:Branch","bronze:Shield"],"picked":"bronze:ClassDefault+1","floor":21},{"not_picked":["bronze:FineTuning+1","bronze:WildBeam"],"picked":"bronze:Shell","floor":22},{"not_picked":["bronze:WildBeam","bronze:BugBarrage"],"picked":"bronze:DelayedSlice","floor":25},{"not_picked":["bronze:Invalidate","bronze:BitShift","bronze:CutThrough"],"picked":"SKIP","floor":27},{"not_picked":["bronze:Frontload","bronze:OilSpill"],"picked":"bronze:Branch","floor":29},{"not_picked":["bronze:Deprecate","bronze:FindAndReplace"],"picked":"bronze:Boost","floor":31},{"not_picked":["bronze:OilSpill","bronze:WildBeam"],"picked":"bronze:FineTuning","floor":32},{"not_picked":["bronze:FindAndReplace","bronze:Mutator+1"],"picked":"bronze:ThunderWave","floor":33},{"not_picked":["bronze:Return+1","bronze:Frontload+1"],"picked":"bronze:Iterate","floor":36},{"not_picked":["bronze:WildBeam+1","bronze:Break"],"picked":"bronze:Verify+1","floor":37},{"not_picked":["bronze:Overheat+1","bronze:WildBeam+1","bronze:CutThrough"],"picked":"SKIP","floor":38},{"not_picked":["bronze:WhirlingStrike+1","bronze:Iterate"],"picked":"bronze:Overload","floor":39},{"not_picked":["bronze:CutThrough+1","bronze:CloningBeam"],"picked":"bronze:Philosophize+1","floor":40},{"not_picked":["bronze:Flail+1","bronze:Allocate+1"],"picked":"bronze:Overheat+1","floor":42},{"not_picked":["bronze:BronzeOrb","bronze:Turbo"],"picked":"bronze:Shell+1","floor":43},{"not_picked":["bronze:WildBeam","bronze:BronzeArmor"],"picked":"bronze:GetLatest+1","floor":44},{"not_picked":["expansioncontent:LastStand","expansioncontent:PrepareCrush"],"picked":"expansioncontent:Hexaburn","floor":45},{"not_picked":["bronze:DelayedSlice+1","bronze:ThunderWave"],"picked":"bronze:Shield+1","floor":46},{"not_picked":["bronze:Deprecate+1","bronze:BronzeOrb"],"picked":"bronze:ForceShield","floor":48},{"not_picked":["bronze:WhirlingStrike","bronze:DelayedSlice","bronze:CutThrough+1"],"picked":"SKIP","floor":49}],"player_experience":610873,"relics_obtained":[{"floor":7,"key":"Frozen Egg 2"},{"floor":12,"key":"Eternal Feather"},{"floor":24,"key":"bronze:CableSpool"},{"floor":40,"key":"Mercury Hourglass"},{"floor":41,"key":"Pear"}],"event_choices":[{"damage_healed":0,"gold_gain":0,"player_choice":"Success","damage_taken":3,"relics_obtained":["Kunai"],"max_hp_gain":0,"max_hp_loss":0,"event_name":"Scrap Ooze","floor":4,"gold_loss":0},{"damage_healed":0,"gold_gain":0,"player_choice":"Got Potions","damage_taken":0,"max_hp_gain":0,"max_hp_loss":0,"event_name":"Lab","floor":28,"gold_loss":0}],"is_beta":false,"boss_relics":[{"not_picked":["Philosopher\u0027s Stone","Tiny House"],"picked":"Sozu"},{"not_picked":["SacredBark","Velvet Choker"],"picked":"bronze:PlatinumCore"}],"items_purged_floors":[],"is_endless":false,"potions_floor_spawned":[3,5,10,11,14,25,29,32,33,38,42,44,49],"killed_by":"DF_ARCHETYPE_ORBS","ascension_level":0}}