{"host":"6nqy62k7v1jh46lb","time":1613592519,"event":{"mods":["AchievementEnabler","BaseMod","Bestiary","Block Reminder","Colored Powertips","Highlight Path","Minty Spire (QoL Compilation)","Relic Stats"],"gold_per_floor":[10,10,27,37,37,69,69,95,146,157,157,172,182,192,192,291,291,311,331,347,357,357,357,0,0,80,97,128,43,43,56,56,161,161,186,218,230,242,266,278,250,262,274,298,310,322,5,19,19,19,19],"floor_reached":50,"language":"ENG","playtime":4513,"items_purged":["Strike_G","Strike_G"],"score":524,"play_id":"8e25540a-861c-44f2-9286-697b52ee79ce","local_time":"20210217210839","is_ascension_mode":true,"campfire_choices":[{"floor":7.0,"key":"REST"},{"floor":15.0,"key":"REST"},{"floor":23.0,"key":"REST"},{"data":"Infinite Blades","floor":25.0,"key":"SMITH"},{"floor":32.0,"key":"REST"},{"floor":40.0,"key":"REST"},{"floor":42.0,"key":"REST"},{"floor":45.0,"key":"REST"},{"floor":46.0,"key":"REST"},{"floor":49.0,"key":"REST"}],"circlet_count":0,"master_deck":["Strike_G","Strike_G","Strike_G","Defend_G+1","Defend_G","Defend_G","Defend_G","Defend_G+1","Survivor","Neutralize","Blade Dance","Flechettes","Crippling Poison","Acrobatics","Crippling Poison+1","Prepared","Riddle With Holes","Deadly Poison","Venomology+1","Endless Agony","Infinite Blades+1","Slice","Bullet Time","CurseOfTheBell","Deflect+1","Bane+1","Parasite","Bouncing Flask+1","Footwork"],"relics":["Ring of the Snake","Thread and Needle","Mummified Hand","Akabeko","Orichalcum","Busted Crown","Meat on the Bone","Paper Crane","Happy Flower","Ninja Scroll","Calling Bell","MawBank","The Courier","WingedGreaves","Toxic Egg 2","War Paint"],"acts_visited":["Exordium","TheCity","TheBeyond"],"potions_floor_usage":[50,50,50],"damage_taken":[{"damage":0.0,"enemies":"Small Slimes","floor":1.0,"turns":4.0},{"damage":0.0,"enemies":"Jaw Worm","floor":3.0,"turns":3.0},{"damage":0.0,"enemies":"2 Louse","floor":4.0,"turns":2.0},{"damage":9.0,"enemies":"3 Sentries","floor":6.0,"turns":10.0},{"damage":37.0,"enemies":"Lagavulin","floor":8.0,"turns":11.0},{"damage":0.0,"enemies":"2 Fungi Beasts","floor":10.0,"turns":3.0},{"damage":0.0,"enemies":"Large Slime","floor":12.0,"turns":1.0},{"damage":0.0,"enemies":"Looter","floor":13.0,"turns":1.0},{"damage":0.0,"enemies":"2 Fungi Beasts","floor":14.0,"turns":3.0},{"damage":11.0,"enemies":"Hexaghost","floor":16.0,"turns":9.0},{"damage":0.0,"enemies":"2 Thieves","floor":18.0,"turns":3.0},{"damage":0.0,"enemies":"3 Byrds","floor":19.0,"turns":2.0},{"damage":10.0,"enemies":"3 Cultists","floor":20.0,"turns":5.0},{"damage":4.0,"enemies":"Snecko","floor":21.0,"turns":4.0},{"damage":7.0,"enemies":"Centurion and Healer","floor":27.0,"turns":6.0},{"damage":12.0,"enemies":"Slavers","floor":28.0,"turns":5.0},{"damage":0.0,"enemies":"Cultist and Chosen","floor":31.0,"turns":3.0},{"damage":41.0,"enemies":"Automaton","floor":33.0,"turns":12.0},{"damage":0.0,"enemies":"Orb Walker","floor":35.0,"turns":4.0},{"damage":30.0,"enemies":"3 Shapes","floor":36.0,"turns":5.0},{"damage":31.0,"enemies":"Writhing Mass","floor":39.0,"turns":6.0},{"damage":45.0,"enemies":"3 Darklings","floor":44.0,"turns":5.0},{"damage":12.0,"enemies":"Transient","floor":48.0,"turns":5.0},{"damage":70,"enemies":"Donu and Deca","floor":50,"turns":6}],"seed_played":"-5202499296771803548","potions_obtained":[{"floor":4.0,"key":"AttackPotion"},{"floor":8.0,"key":"SteroidPotion"},{"floor":12.0,"key":"Weak Potion"},{"floor":27.0,"key":"AttackPotion"},{"floor":28.0,"key":"Fire Potion"},{"floor":31.0,"key":"Poison Potion"},{"floor":36.0,"key":"CunningPotion"},{"floor":39.0,"key":"Ancient Potion"}],"is_trial":false,"path_per_floor":["M","?","M","M","?","E","R","E","T","M","$","M","M","M","R","B",null,"M","M","M","M","?","R","$","R","T","M","E","?","?","M","R","B",null,"M","M","?","$","M","R","?","R","T","M","R","R","$","M","R","B"],"character_chosen":"THE_SILENT","items_purchased":["Meat on the Bone","Infinite Blades","Bouncing Flask+1","Footwork","War Paint","Poison Potion"],"campfire_rested":9,"item_purchase_floors":[24,24,47,47,47,47],"current_hp_per_floor":[70,70,70,70,58,49,70,33,33,33,33,33,33,33,54,43,70,70,70,60,56,56,70,70,70,70,63,51,51,51,51,70,41,70,70,40,40,40,21,42,42,63,63,30,51,70,70,58,70,0,0],"gold":19,"neow_bonus":"ONE_RARE_RELIC","is_daily":false,"chose_seed":false,"campfire_upgraded":1,"win_rate":0.0,"timestamp":1613592519,"path_taken":["M","?","M","M","?","E","R","E","T","M","?","M","?","M","R","BOSS","M","M","M","M","?","R","$","R","T","M","E","?","?","M","R","BOSS","M","M","?","$","M","R","?","R","T","?","R","R","?","M","R","BOSS"],"items_purchased_type":["Relic","Card","Card","Card","Relic","Potion"],"build_version":"2020-12-22","purchased_purges":2,"victory":false,"max_hp_per_floor":[70,70,70,70,70,70,70,70,70,70,70,70,70,70,70,70,70,70,70,70,70,70,70,70,70,70,70,70,70,70,70,70,70,70,70,70,70,70,70,70,70,70,70,70,70,70,70,70,70,70,70],"relic_stats":{"Busted Crown":28,"Happy Flower":[15],"counters":[24,118],"Mummified Hand":[20],"Orichalcum":[288],"War Paint":["Crippling Poison","Defend_G"],"MawBank":156,"obtain_stats":[{"Happy Flower":28,"Thread and Needle":0,"The Courier":34,"Orichalcum":9,"Paper Crane":26,"War Paint":47,"MawBank":34,"Akabeko":8,"Calling Bell":34,"Busted Crown":17,"Mummified Hand":6,"Ninja Scroll":29,"WingedGreaves":34,"Toxic Egg 2":43,"Ring of the Snake":0,"Meat on the Bone":24},{"Happy Flower":16,"Thread and Needle":0,"The Courier":18,"Orichalcum":5,"Paper Crane":14,"War Paint":22,"MawBank":18,"Akabeko":5,"Calling Bell":18,"Busted Crown":10,"Mummified Hand":4,"Ninja Scroll":16,"WingedGreaves":18,"Toxic Egg 2":21,"Ring of the Snake":0,"Meat on the Bone":14},{"Happy Flower":72,"Thread and Needle":0,"The Courier":87,"Orichalcum":30,"Paper Crane":61,"War Paint":107,"MawBank":87,"Akabeko":30,"Calling Bell":87,"Busted Crown":47,"Mummified Hand":19,"Ninja Scroll":72,"WingedGreaves":87,"Toxic Egg 2":102,"Ring of the Snake":0,"Meat on the Bone":61}],"Ring of the Snake":[47],"Meat on the Bone":36},"card_choices":[{"not_picked":["Dagger Spray","All Out Attack"],"picked":"Blade Dance","floor":1.0},{"not_picked":["Backflip","Slice"],"picked":"Flechettes","floor":3.0},{"not_picked":["Expertise","Blade Dance"],"picked":"Crippling Poison","floor":4.0},{"not_picked":["Expertise","Poisoned Stab"],"picked":"Acrobatics","floor":6.0},{"not_picked":["Flechettes","Backflip"],"picked":"Crippling Poison","floor":8.0},{"not_picked":["Quick Slash","Tactician"],"picked":"Prepared","floor":10.0},{"not_picked":["Infinite Blades","Backstab"],"picked":"Riddle With Holes","floor":12.0},{"not_picked":["Calculated Gamble","Heel Hook"],"picked":"Deadly Poison","floor":13.0},{"not_picked":["Outmaneuver","Blur","Dagger Spray"],"picked":"SKIP","floor":14.0},{"not_picked":["Adrenaline","Malaise"],"picked":"Venomology","floor":16.0},{"not_picked":["Underhanded Strike"],"picked":"SKIP","floor":18.0},{"not_picked":["Dagger Throw"],"picked":"SKIP","floor":19.0},{"not_picked":["Bane"],"picked":"SKIP","floor":20.0},{"not_picked":[],"picked":"Endless Agony","floor":21.0},{"not_picked":["Quick Slash+1"],"picked":"SKIP","floor":27.0},{"not_picked":["Cloak And Dagger"],"picked":"SKIP","floor":28.0},{"not_picked":[],"picked":"Slice","floor":31.0},{"not_picked":[],"picked":"Bullet Time","floor":33.0},{"not_picked":[],"picked":"Deflect+1","floor":35.0},{"not_picked":[],"picked":"Bane+1","floor":36.0},{"not_picked":["Quick Slash"],"picked":"SKIP","floor":39.0},{"not_picked":["Cloak And Dagger+1"],"picked":"SKIP","floor":44.0},{"not_picked":["Poisoned Stab"],"picked":"SKIP","floor":48.0}],"player_experience":214273,"relics_obtained":[{"floor":6.0,"key":"Mummified Hand"},{"floor":8.0,"key":"Akabeko"},{"floor":9.0,"key":"Orichalcum"},{"floor":26.0,"key":"Paper Crane"},{"floor":28.0,"key":"Happy Flower"},{"floor":34.0,"key":"MawBank"},{"floor":34.0,"key":"The Courier"},{"floor":34.0,"key":"WingedGreaves"},{"floor":43.0,"key":"Toxic Egg 2"}],"event_choices":[{"damage_healed":0.0,"max_hp_gain":0.0,"max_hp_loss":0.0,"gold_gain":0.0,"event_name":"Golden Idol","player_choice":"Ignored","floor":2.0,"gold_loss":0.0,"damage_taken":0.0},{"damage_healed":0.0,"max_hp_gain":0.0,"max_hp_loss":0.0,"gold_gain":0.0,"event_name":"Scrap Ooze","player_choice":"Fled","floor":5.0,"gold_loss":0.0,"damage_taken":12.0},{"damage_healed":0.0,"max_hp_gain":0.0,"max_hp_loss":0.0,"gold_gain":0.0,"event_name":"Vampires","player_choice":"Ignored","floor":22.0,"gold_loss":0.0,"damage_taken":0.0},{"damage_healed":0.0,"max_hp_gain":0.0,"max_hp_loss":0.0,"gold_gain":0.0,"event_name":"Addict","player_choice":"Obtained Relic","floor":29.0,"gold_loss":85.0,"damage_taken":0.0,"relics_obtained":["Ninja Scroll"]},{"damage_healed":0.0,"max_hp_gain":0.0,"max_hp_loss":0.0,"gold_gain":0.0,"event_name":"Ghosts","player_choice":"Ignored","floor":30.0,"gold_loss":0.0,"damage_taken":0.0},{"damage_healed":0.0,"max_hp_gain":0.0,"max_hp_loss":0.0,"gold_gain":0.0,"event_name":"Tomb of Lord Red Mask","player_choice":"Ignored","floor":37.0,"gold_loss":0.0,"damage_taken":0.0},{"damage_healed":0.0,"max_hp_gain":0.0,"max_hp_loss":0.0,"gold_gain":0.0,"event_name":"Designer","player_choice":"Upgraded Two","floor":41.0,"gold_loss":40.0,"damage_taken":0.0,"cards_upgraded":["Venomology","Defend_G"]}],"is_beta":false,"boss_relics":[{"not_picked":["Black Star","Sozu"],"picked":"Busted Crown"},{"not_picked":["Philosopher\u0027s Stone","Velvet Choker"],"picked":"Calling Bell"}],"items_purged_floors":[24,47],"is_endless":false,"potions_floor_spawned":[4,8,12,13,21,27,28,31,36,39],"killed_by":"Donu and Deca","ascension_level":2}}