{"host":"j1lpsl3dsviy43h8","time":1613538208,"event":{"mods":["AchievementEnabler","BaseMod","BetterRewards","Card Forge","Duelist Mod","GifTheSpireLib","Minty Spire (QoL Compilation)","Shop Mod","StSLib","The Wild Card"],"gold_per_floor":[139,156,174,174,174,174,185,185,185,199,212,224,76,111,111,216,216,234,234,234,246,161,161,179,230,255,99,132,132,132,165,165,278,278,309,309,318,71,80,125,125,160,187,187,214,282,282,317,317,317],"floor_reached":51,"language":"ENG","playtime":2013,"items_purged":[],"score":1168,"play_id":"b5a9b11d-0cb0-43ca-b1de-ee37346c1cdf","local_time":"20210217000328","is_ascension_mode":false,"campfire_choices":[{"floor":6,"key":"REST"},{"floor":8,"key":"REST"},{"floor":15,"key":"REST"},{"floor":29,"key":"REST"},{"floor":32,"key":"REST"},{"floor":41,"key":"REST"},{"floor":44,"key":"REST"},{"floor":49,"key":"REST"}],"circlet_count":0,"master_deck":["theDuelist:Sparks+1","theDuelist:SpiralSpearStrike+3","theDuelist:CaveDragon+1","theDuelist:ExodiaLA+1","theDuelist:Sparks+1","theDuelist:DarkMagician+1","theDuelist:RainbowDragon+1","theDuelist:CardDestruction+1","theDuelist:CombinationAttack+6","theDuelist:ExodiaHead+15","theDuelist:LegendaryExodia+1","theDuelist:DarkMasterZorc+1","theDuelist:BlockSpider+1","theDuelist:PowerWall+1","theDuelist:ArchfiendSoldier+1","theDuelist:ZombieMammoth+1","theDuelist:CaveDragon+1","theDuelist:MysticalElf+1","theDuelist:GreenGadget+1","theDuelist:IceQueen+1","theDuelist:BlockSpider+1","theDuelist:SummonedSkull+1","theDuelist:FairyBox+1","theDuelist:MagicCylinder+1","theDuelist:Sparks+1","theDuelist:ShardGreed+1","theDuelist:ExodiaNecross+1","theDuelist:Hinotama+5","theDuelist:OneForOne+5","theDuelist:PotGreed+1","theDuelist:Mixeroid+1","theDuelist:PowerWall+1","theDuelist:ClownZombie+1","theDuelist:Polymerization+1","theDuelist:PowerWall+1","theDuelist:ExodiaRA+1","theDuelist:Hinotama+5","theDuelist:ArchfiendSoldier+1","theDuelist:FeatherShot+4","theDuelist:GracefulCharity+1","theDuelist:Mixeroid+1","theDuelist:LabyrinthWall+1","theDuelist:PowerWall+1","theDuelist:ChangeHeart+1","theDuelist:ExodiaNecross+1","theDuelist:BeastTalwar+1","theDuelist:BlueEyes+1","theDuelist:ExodiaLL+1","theDuelist:ExodiaRL+1","theDuelist:CyberArchfiend+1","theDuelist:OneForOne+5","theDuelist:MiraculousDescent+1","theDuelist:BerserkerCrush+4","theDuelist:OjamaYellow+1","theDuelist:MillenniumShield+1","theDuelist:MillenniumScorpion+1","theDuelist:Sparks+1","theDuelist:GracefulCharity+1","theDuelist:Wildfire+4"],"relics":["theDuelist:MillenniumPuzzle","theDuelist:CardPoolRelic","theDuelist:CardPoolBasicRelic","theDuelist:BoosterPackPoolRelic","Hammer of Thor","Seething Fire","Anvil of the Gods","Nunchaku","Bag of Preparation","Lee\u0027s Waffle","theDuelist:ElectricToken","theDuelist:MetronomeRelicB","Blood Vial","Meat on the Bone","theDuelist:MillenniumRing","Matryoshka","Orichalcum","Paper Crane","Inserter","Gremlin Horn","CeramicFish","Bottled Flame","Strawberry","Ancient Tea Set","theDuelist:MillenniumArmor","Fusion Hammer","Art of War","Pen Nib","Oddly Smooth Stone","War Paint","Lizard Tail","Cables"],"acts_visited":["Exordium","TheCity","TheBeyond"],"potions_floor_usage":[33,33,40,50,50],"damage_taken":[{"damage":6,"enemies":"Cultist","floor":1,"turns":3},{"damage":0,"enemies":"2 Louse","floor":2,"turns":1},{"damage":0,"enemies":"Jaw Worm","floor":3,"turns":1},{"damage":0,"enemies":"3 Louse","floor":7,"turns":5},{"damage":0,"enemies":"2 Fungi Beasts","floor":10,"turns":3},{"damage":7,"enemies":"Large Slime","floor":11,"turns":2},{"damage":0,"enemies":"Exordium Thugs","floor":12,"turns":1},{"damage":13,"enemies":"3 Sentries","floor":14,"turns":4},{"damage":1,"enemies":"Hexaghost","floor":16,"turns":6},{"damage":14,"enemies":"2 Thieves","floor":18,"turns":3},{"damage":4,"enemies":"Shell Parasite","floor":21,"turns":3},{"damage":6,"enemies":"theDuelist:KaibaA2","floor":25,"turns":3},{"damage":10,"enemies":"Shelled Parasite and Fungi","floor":28,"turns":2},{"damage":0,"enemies":"Snecko","floor":31,"turns":2},{"damage":0,"enemies":"Automaton","floor":33,"turns":5},{"damage":0,"enemies":"3 Shapes","floor":35,"turns":3},{"damage":0,"enemies":"Giant Head","floor":40,"turns":3},{"damage":0,"enemies":"Orb Walker","floor":42,"turns":2},{"damage":22,"enemies":"Mind Bloom Boss Battle","floor":46,"turns":3},{"damage":0,"enemies":"Transient","floor":48,"turns":2},{"damage":3,"enemies":"Donu and Deca","floor":50,"turns":3}],"seed_played":"7461329969274169474","potions_obtained":[{"floor":1,"key":"theDuelist:GiftPotion"},{"floor":3,"key":"Dexterity Potion"},{"floor":10,"key":"ColorlessPotion"},{"floor":16,"key":"theDuelist:StunPotion"},{"floor":46,"key":"BlessingOfTheForge"}],"is_trial":false,"path_per_floor":["M","M","M","?","?","R","M","R","T","M","M","M","$","E","R","B",null,"M","?","$","M","?","?","?","E","T","$","M","R","?","M","R","B",null,"M","?","?","$","?","E","R","M","T","R","?","?","T","M","R","B",null],"character_chosen":"THE_DUELIST","items_purchased":["Nunchaku","Bag of Preparation","Lee\u0027s Waffle","theDuelist:RedMedicine","theDuelist:Hinotama","theDuelist:MetronomeRelicB","theDuelist:RedMedicine","Blood Vial","Meat on the Bone","Orichalcum","Ancient Tea Set","Art of War","theDuelist:BurningPotion","ColorlessPotion"],"campfire_rested":8,"item_purchase_floors":[0,0,0,0,0,0,0,0,0,13,27,38,38,38],"current_hp_per_floor":[81,83,85,85,85,87,87,87,87,87,80,82,82,71,87,86,87,73,73,73,71,71,71,71,67,74,74,66,94,88,90,94,94,94,94,94,94,94,94,94,94,94,94,94,106,84,84,86,106,103],"gold":317,"neow_bonus":"","is_daily":false,"chose_seed":false,"campfire_upgraded":0,"win_rate":0.0,"timestamp":1613538208,"path_taken":["M","?","M","?","?","R","?","R","T","M","?","?","?","E","R","BOSS","M","?","$","M","?","?","?","E","T","$","?","R","?","M","R","BOSS","M","?","?","$","?","E","R","?","T","R","?","?","?","M","R","BOSS"],"items_purchased_type":["Relic","Relic","Relic","Card","Card","Relic","Card","Relic","Relic","Relic","Relic","Relic","Potion","Potion"],"build_version":"2020-12-22","purchased_purges":0,"victory":true,"max_hp_per_floor":[87,87,87,87,87,87,87,87,87,87,87,87,87,87,87,87,87,87,87,87,87,87,87,87,87,94,94,94,94,94,94,94,94,94,94,94,94,94,94,94,94,94,94,94,106,106,106,106,106,106],"card_choices":[{"not_picked":["theDuelist:Mudora","theDuelist:DummyGolem","theDuelist:GolemSentry","theDuelist:Mathematician"],"picked":"theDuelist:ObeliskTormentor","floor":1},{"not_picked":["theDuelist:Hinotama","theDuelist:RedMedicine","theDuelist:Cloning"],"picked":"SKIP","floor":1},{"not_picked":["theDuelist:GaiaMidNightSun","theDuelist:DokiDoki","theDuelist:DarklordSuperbia","theDuelist:PotGreed","theDuelist:Mausoleum"],"picked":"SKIP","floor":2},{"not_picked":["theDuelist:LightningDarts","theDuelist:SilverApples","theDuelist:Hinotama"],"picked":"SKIP","floor":2},{"not_picked":["theDuelist:UltimateOffering","theDuelist:RadiantMirrorForce","theDuelist:ChangeHeart"],"picked":"theDuelist:ImperialOrder","floor":3},{"not_picked":["theDuelist:BigFire","theDuelist:Fissure"],"picked":"theDuelist:Metronome","floor":3},{"not_picked":["theDuelist:Reload","theDuelist:WeepingIdol","theDuelist:GemElephant","theDuelist:BattleFootballer","theDuelist:RainbowKuriboh"],"picked":"SKIP","floor":7},{"not_picked":["theDuelist:WormApocalypse","theDuelist:MillenniumScorpion","theDuelist:RedMedicine"],"picked":"SKIP","floor":7},{"not_picked":["theDuelist:ReleaseFromStone+1","theDuelist:RadiantMirrorForce+1","theDuelist:ElectromagneticShield+1","theDuelist:ImperialOrder+1"],"picked":"theDuelist:Electrowhip+1","floor":10},{"not_picked":["theDuelist:Polymerization","theDuelist:PowerWall"],"picked":"theDuelist:MillenniumShield","floor":10},{"not_picked":["theDuelist:Jinzo","theDuelist:ImperialOrder","theDuelist:ChangeHeart"],"picked":"theDuelist:JamBreeding","floor":11},{"not_picked":["theDuelist:ChangeHeart","theDuelist:AttackTheMoon"],"picked":"theDuelist:Polymerization","floor":11},{"not_picked":["theDuelist:Fissure","theDuelist:WormBarses","theDuelist:ClearKuriboh","theDuelist:RainbowKuriboh","theDuelist:ObeliskTormentor"],"picked":"SKIP","floor":12},{"not_picked":["theDuelist:MillenniumGolem","theDuelist:PowerWall","theDuelist:ReleaseFromStone"],"picked":"SKIP","floor":12},{"not_picked":["Dark Shackles","Swift Strike","Trip"],"picked":"Mind Blast","floor":14},{"not_picked":["theDuelist:RedMedicine","theDuelist:WormApocalypse","theDuelist:WeepingIdol"],"picked":"SKIP","floor":14},{"not_picked":["theDuelist:TheCreator","theDuelist:SlotMachine"],"picked":"theDuelist:ForbiddenLance","floor":16},{"not_picked":["theDuelist:SlotMachine","theDuelist:RainbowJar","theDuelist:Metronome","theDuelist:Blockman"],"picked":"theDuelist:TheCreator","floor":16},{"not_picked":["theDuelist:StormingMirrorForce","theDuelist:SphereKuriboh","theDuelist:RockSunrise","theDuelist:Electrowhip+1"],"picked":"SKIP","floor":18},{"not_picked":["theDuelist:TimeSeal","theDuelist:Hinotama","theDuelist:PowerWall+1"],"picked":"SKIP","floor":18},{"not_picked":["theDuelist:RainbowOverdragon","theDuelist:BattleOx","theDuelist:FlameTiger","theDuelist:BigKoala","theDuelist:BattleFootballer+1"],"picked":"SKIP","floor":21},{"not_picked":["theDuelist:StormingMirrorForce+1","theDuelist:Hinotama","theDuelist:PowerGiant"],"picked":"SKIP","floor":21},{"not_picked":["theDuelist:PowerWall","theDuelist:RainbowJar"],"picked":"theDuelist:ChangeHeart","floor":25},{"not_picked":["theDuelist:PowerWall","theDuelist:WormApocalypse","theDuelist:Hinotama","theDuelist:RedMedicine+1"],"picked":"theDuelist:BigFire","floor":25},{"not_picked":["theDuelist:MudGolem+1","theDuelist:FuryFire+1"],"picked":"theDuelist:ForbiddenLance+1","floor":28},{"not_picked":["theDuelist:GolemSentry+1","theDuelist:ScrapFactory"],"picked":"theDuelist:SphereKuriboh+1","floor":28},{"not_picked":["Metamorphosis+1","Secret Technique","Swift Strike"],"picked":"Mind Blast+1","floor":31},{"not_picked":["theDuelist:RedMedicine","theDuelist:Mausoleum"],"picked":"theDuelist:Polymerization","floor":31},{"not_picked":["theDuelist:YellowBelliedOni","theDuelist:YamiForm","theDuelist:RainbowJar","theDuelist:Raigeki"],"picked":"theDuelist:SmashingGround","floor":33},{"not_picked":["theDuelist:ForbiddenLance","theDuelist:RainbowJar"],"picked":"theDuelist:YellowBelliedOni","floor":33},{"not_picked":["theDuelist:ExodiaLA","theDuelist:ExodiaRL+1","theDuelist:WeepingIdol","theDuelist:GauntletWarrior+1"],"picked":"theDuelist:IceQueen","floor":35},{"not_picked":["theDuelist:PotDichotomy","theDuelist:DestroyerGolem+1"],"picked":"theDuelist:WormApocalypse","floor":35},{"not_picked":["theDuelist:UltimateOffering","theDuelist:StormingMirrorForce+1","theDuelist:ImperialOrder","theDuelist:DropOff"],"picked":"theDuelist:RadiantMirrorForce+1","floor":40},{"not_picked":["theDuelist:DestructPotion","theDuelist:DarklordSuperbia+1"],"picked":"theDuelist:RedMedicine","floor":40},{"not_picked":["theDuelist:FuryFire+1","theDuelist:DarkHole+1","theDuelist:ChangeHeart+1","theDuelist:LightningVortex+1"],"picked":"theDuelist:ElectromagneticShield+1","floor":42},{"not_picked":["theDuelist:Electrowhip+1","theDuelist:ObeliskTormentor"],"picked":"theDuelist:Polymerization","floor":42},{"not_picked":["theDuelist:IceQueen+1","theDuelist:GemArmadillo","theDuelist:GalaxyTyranno","theDuelist:GreenGraveOni+1"],"picked":"theDuelist:Mudora","floor":46},{"not_picked":["theDuelist:Polymerization","theDuelist:MillenniumScorpion+1"],"picked":"theDuelist:Mudora","floor":46},{"not_picked":["theDuelist:YellowBelliedOni+1","theDuelist:SolemnStrike","theDuelist:Raigeki","theDuelist:MillenniumShield"],"picked":"theDuelist:Solidarity+1","floor":48},{"not_picked":["theDuelist:Hinotama","theDuelist:BigFire"],"picked":"theDuelist:SilverApples","floor":48}],"player_experience":355286,"relics_obtained":[{"floor":9,"key":"Matryoshka"},{"floor":14,"key":"Paper Crane"},{"floor":25,"key":"CeramicFish"},{"floor":26,"key":"Bottled Flame"},{"floor":26,"key":"Strawberry"},{"floor":40,"key":"Pen Nib"},{"floor":43,"key":"Oddly Smooth Stone"},{"floor":43,"key":"War Paint"},{"floor":46,"key":"Lizard Tail"},{"floor":47,"key":"Cables"}],"event_choices":[{"damage_healed":0,"gold_gain":0,"player_choice":"Took item - Received: Millennium Ring","duelist":true,"damage_taken":0,"max_hp_gain":0,"max_hp_loss":0,"event_name":"Millennium Items","floor":5,"gold_loss":0},{"damage_healed":0,"gold_gain":0,"player_choice":"Ignored","damage_taken":0,"max_hp_gain":0,"max_hp_loss":0,"event_name":"Beggar","floor":19,"gold_loss":0},{"damage_healed":0,"gold_gain":0,"player_choice":"Obtained Relic","damage_taken":0,"relics_obtained":["Gremlin Horn"],"max_hp_gain":0,"max_hp_loss":0,"event_name":"Addict","floor":22,"gold_loss":85},{"damage_healed":0,"gold_gain":0,"player_choice":"Simplicity","damage_taken":0,"max_hp_gain":0,"max_hp_loss":0,"event_name":"Back to Basics","floor":23,"gold_loss":0,"cards_upgraded":[]},{"damage_healed":0,"gold_gain":0,"player_choice":"Sold Clown Zombie+ for 18 Gold.","duelist":true,"damage_taken":0,"max_hp_gain":0,"max_hp_loss":0,"event_name":"Card Trader","floor":24,"gold_loss":0},{"damage_healed":0,"gold_gain":0,"player_choice":"Dig - random Duelist relic","duelist":true,"damage_taken":0,"max_hp_gain":0,"max_hp_loss":0,"event_name":"Aknamkanon\u0027s Tomb","floor":30,"gold_loss":0},{"damage_healed":0,"gold_gain":0,"player_choice":"Leave","duelist":true,"damage_taken":0,"max_hp_gain":0,"max_hp_loss":0,"event_name":"Relic Duplicator","floor":36,"gold_loss":0},{"damage_healed":24,"gold_gain":0,"player_choice":"Writhe","damage_taken":0,"max_hp_gain":0,"max_hp_loss":0,"event_name":"Winding Halls","floor":37,"gold_loss":0,"cards_obtained":["Writhe"]},{"damage_healed":0,"gold_gain":0,"player_choice":"Delta Electro","duelist":true,"damage_taken":0,"max_hp_gain":0,"max_hp_loss":0,"event_name":"Egyptian Village","floor":39,"gold_loss":0,"cards_obtained":["Delta Electromagnet Warrior"]},{"damage_healed":0,"gold_gain":0,"player_choice":"Break - +12 Max HP","duelist":true,"damage_taken":0,"max_hp_gain":0,"max_hp_loss":0,"event_name":"Tomb of the Nameless","floor":45,"gold_loss":0},{"damage_healed":0,"gold_gain":0,"player_choice":"Fight","damage_taken":0,"max_hp_gain":0,"max_hp_loss":0,"event_name":"MindBloom","floor":46,"gold_loss":0}],"is_beta":false,"boss_relics":[{"not_picked":["Tiny House","Velvet Choker"],"picked":"Inserter"},{"not_picked":["theDuelist:HauntedRelic","Empty Cage"],"picked":"Fusion Hammer"}],"items_purged_floors":[],"is_endless":false,"potions_floor_spawned":[1,3,10,12,16,18,21,28,46],"ascension_level":0}}