{"host":"1nniobf0g4s2td4e","time":1613576609,"event":{"mods":["2.2 Compatiblity","BaseMod","Minty Spire (QoL Compilation)","StSLib","SuperFastMode"],"gold_per_floor":[110,110,122,132,145,145,158,158,158,158,173,173,189,205,205,328,328,352,370,370,370,370],"floor_reached":21,"language":"ENG","playtime":549,"items_purged":[],"score":250,"play_id":"eb1ff5a5-4db3-4361-bbe4-6cc525ea799f","local_time":"20210217094329","is_ascension_mode":false,"campfire_choices":[{"data":"1","floor":6,"key":"LIFT"},{"data":"2","floor":8,"key":"LIFT"},{"data":"3","floor":15,"key":"LIFT"}],"circlet_count":0,"master_deck":["Strike_R","Strike_R","Strike_R","Strike_R","Strike_R","Defend_R","Defend_R","Defend_R","Defend_R","Bash","Warcry","Shrug It Off","Thunderclap","Heavy Blade","Evolve","Warcry","Sword Boomerang","Flex"],"relics":["Burning Blood","Girya","Golden Idol","Matryoshka","SlaversCollar"],"acts_visited":["Exordium","TheCity"],"potions_floor_usage":[],"damage_taken":[{"damage":1,"enemies":"2 Louse","floor":1,"turns":2},{"damage":6,"enemies":"Cultist","floor":3,"turns":3},{"damage":2,"enemies":"Jaw Worm","floor":4,"turns":4},{"damage":14,"enemies":"Looter","floor":5,"turns":4},{"damage":6,"enemies":"3 Louse","floor":7,"turns":3},{"damage":0,"enemies":"Large Slime","floor":11,"turns":3},{"damage":5,"enemies":"Looter","floor":13,"turns":2},{"damage":3,"enemies":"Lots of Slimes","floor":14,"turns":4},{"damage":0,"enemies":"Slime Boss","floor":16,"turns":3},{"damage":10,"enemies":"Chosen","floor":18,"turns":3},{"damage":15,"enemies":"2 Thieves","floor":19,"turns":2},{"damage":59,"enemies":"Centurion and Healer","floor":21,"turns":5}],"seed_played":"1695876562718261982","potions_obtained":[{"floor":1,"key":"SmokeBomb"},{"floor":5,"key":"Strength Potion"},{"floor":11,"key":"ElixirPotion"},{"floor":14,"key":"AttackPotion"},{"floor":19,"key":"DistilledChaos"}],"is_trial":false,"path_per_floor":["M","?","M","M","M","R","M","R","T","?","M","?","M","M","R","B",null,"M","M","?","M"],"character_chosen":"IRONCLAD","items_purchased":[],"campfire_rested":0,"item_purchase_floors":[],"current_hp_per_floor":[72,72,72,72,64,64,64,64,64,46,52,52,53,56,56,62,72,68,59,59,0,0],"gold":370,"neow_bonus":"ONE_RARE_RELIC","is_daily":false,"chose_seed":false,"campfire_upgraded":0,"win_rate":0.0,"timestamp":1613576609,"path_taken":["M","?","M","?","M","R","M","R","T","?","M","?","M","M","R","BOSS","M","M","?","M"],"items_purchased_type":[],"build_version":"2020-12-22","purchased_purges":0,"victory":false,"max_hp_per_floor":[72,72,72,72,72,72,72,72,72,72,72,72,72,72,72,72,72,72,72,72,72,72],"card_choices":[{"not_picked":["Flame Barrier","Carnage"],"picked":"Warcry","floor":1},{"not_picked":["Clash","True Grit"],"picked":"Shrug It Off","floor":3},{"not_picked":["Warcry","Clash"],"picked":"Thunderclap","floor":4},{"not_picked":["Berserk","Clash"],"picked":"Heavy Blade","floor":5},{"not_picked":["Sentinel","Iron Wave"],"picked":"Evolve","floor":7},{"not_picked":["Heavy Blade","Uppercut"],"picked":"Warcry","floor":11},{"not_picked":["Uppercut","Clash"],"picked":"Sword Boomerang","floor":13},{"not_picked":["Rupture","Combust","Flex"],"picked":"SKIP","floor":14},{"not_picked":["Perfected Strike","Pommel Strike"],"picked":"Flex","floor":18},{"not_picked":["Havoc","Perfected Strike+1","Burning Pact"],"picked":"SKIP","floor":19}],"player_experience":775206,"relics_obtained":[],"event_choices":[{"damage_healed":0,"gold_gain":0,"player_choice":"Bought 0 Potions","damage_taken":0,"max_hp_gain":0,"max_hp_loss":0,"event_name":"The Woman in Blue","floor":2,"gold_loss":0},{"damage_healed":0,"gold_gain":0,"player_choice":"Take Damage","damage_taken":18,"relics_obtained":["Golden Idol"],"max_hp_gain":0,"max_hp_loss":0,"event_name":"Golden Idol","floor":10,"gold_loss":0},{"damage_healed":0,"gold_gain":0,"player_choice":"Searched \u00271\u0027 times","damage_taken":0,"relics_obtained":["Matryoshka"],"max_hp_gain":0,"max_hp_loss":0,"event_name":"Dead Adventurer","floor":12,"gold_loss":0},{"damage_healed":0,"gold_gain":0,"player_choice":"Ignored","damage_taken":0,"max_hp_gain":0,"max_hp_loss":0,"event_name":"Ghosts","floor":20,"gold_loss":0}],"is_beta":false,"boss_relics":[{"not_picked":["Runic Dome","Astrolabe"],"picked":"SlaversCollar"}],"items_purged_floors":[],"is_endless":false,"potions_floor_spawned":[1,5,11,14,16,19],"killed_by":"Centurion and Healer","ascension_level":0}}