{"host":"8dytqszkx6ijebks","time":1613579703,"event":{"mods":["AchievementEnabler","BaseMod","Colored Map","DeckTracker","Keyboard Shortcuts","Minty Spire (QoL Compilation)","Permanent Neow","SuperFastMode","everything is the same but u backflip on backflip"],"gold_per_floor":[17,17,17,17,30,63,63,63,63,79,79,99,99,143,143,264,264,280,280,280,304,325,325,365,365,365,390,158,88,132,132,132,234,234,245,298,309,326,345,376,376,410,491,491,81,114,141,168,168,168,168],"floor_reached":50,"language":"KOR","playtime":2193,"items_purged":["Dark Embrace"],"score":840,"play_id":"dffd46ef-69e9-4933-ac43-ce73e85460a6","local_time":"20210218013503","is_ascension_mode":true,"campfire_choices":[{"floor":7,"key":"REST"},{"data":"Anger","floor":11,"key":"SMITH"},{"data":"Bash","floor":13,"key":"SMITH"},{"floor":15,"key":"REST"},{"data":"Brutality","floor":23,"key":"SMITH"},{"data":"Evolve","floor":32,"key":"SMITH"},{"data":"Brutality","floor":41,"key":"SMITH"},{"floor":49,"key":"RECALL"}],"circlet_count":0,"master_deck":["Bash+1","Seeing Red","Offering+1","Anger+1","Shrug It Off","Pommel Strike","Brutality+1","Evolve+1","Heavy Blade","Iron Wave","Uppercut","Spot Weakness","Armaments+1","Pommel Strike+1","Battle Trance+1","Fire Breathing","Brutality+1","Power Through+1","Exhume","Madness","Madness","Fiend Fire","Immolate"],"relics":["Black Blood","Bloody Idol","White Beast Statue","Mummified Hand","Darkstone Periapt","Paper Frog","Pandora\u0027s Box","Toy Ornithopter","Enchiridion","Strawberry","Magic Flower","Sling","Tiny Chest","Gambling Chip","War Paint","Pear","InkBottle","Nunchaku","Blood Vial","Incense Burner"],"acts_visited":["Exordium","TheCity","TheBeyond"],"potions_floor_usage":[6,16,16,21,22,22,24,33,33,33,39,40,50,50],"damage_taken":[{"damage":9,"enemies":"Small Slimes","floor":1,"turns":3},{"damage":8,"enemies":"Jaw Worm","floor":5,"turns":2},{"damage":22,"enemies":"3 Sentries","floor":6,"turns":9},{"damage":6,"enemies":"2 Louse","floor":10,"turns":2},{"damage":6,"enemies":"Blue Slaver","floor":12,"turns":1},{"damage":26,"enemies":"Lagavulin","floor":14,"turns":3},{"damage":7,"enemies":"Slime Boss","floor":16,"turns":6},{"damage":11,"enemies":"3 Byrds","floor":18,"turns":4},{"damage":6,"enemies":"Chosen","floor":21,"turns":1},{"damage":7,"enemies":"Shelled Parasite and Fungi","floor":22,"turns":2},{"damage":28,"enemies":"Book of Stabbing","floor":24,"turns":3},{"damage":7,"enemies":"Snecko","floor":27,"turns":2},{"damage":18,"enemies":"Slavers","floor":30,"turns":3},{"damage":18,"enemies":"Automaton","floor":33,"turns":5},{"damage":13,"enemies":"3 Shapes","floor":35,"turns":2},{"damage":8,"enemies":"2 Orb Walkers","floor":36,"turns":2},{"damage":15,"enemies":"Orb Walker","floor":37,"turns":2},{"damage":31,"enemies":"Jaw Worm Horde","floor":38,"turns":3},{"damage":37,"enemies":"Maw","floor":39,"turns":4},{"damage":71,"enemies":"Reptomancer","floor":40,"turns":4},{"damage":10,"enemies":"Nemesis","floor":42,"turns":3},{"damage":15,"enemies":"Reptomancer","floor":46,"turns":2},{"damage":18,"enemies":"Giant Head","floor":48,"turns":4},{"damage":122,"enemies":"Awakened One","floor":50,"turns":5}],"seed_played":"6790768500383533762","potions_obtained":[{"floor":1,"key":"EssenceOfSteel"},{"floor":10,"key":"Fruit Juice"},{"floor":12,"key":"SneckoOil"},{"floor":14,"key":"Fire Potion"},{"floor":16,"key":"SkillPotion"},{"floor":18,"key":"Strength Potion"},{"floor":21,"key":"Fire Potion"},{"floor":22,"key":"AttackPotion"},{"floor":24,"key":"Energy Potion"},{"floor":27,"key":"PowerPotion"},{"floor":33,"key":"Explosive Potion"},{"floor":35,"key":"Block Potion"},{"floor":36,"key":"Regen Potion"},{"floor":39,"key":"SmokeBomb"},{"floor":40,"key":"FearPotion"}],"is_trial":false,"path_per_floor":["M","?","?","$","M","E","R","T","T","M","R","M","R","E","R","B",null,"M","?","?","M","M","R","E","?","T","M","$","$","E","?","R","B",null,"M","?","M","M","M","E","R","E","T","?","$","E","T","E","R","B"],"character_chosen":"IRONCLAD","items_purchased":["Sling","Fire Breathing","Fiend Fire","InkBottle"],"campfire_rested":2,"item_purchase_floors":[28,29,45,45],"current_hp_per_floor":[77,57,41,41,39,23,47,47,47,47,47,47,47,27,51,50,80,75,75,59,69,78,78,68,68,68,70,70,70,61,61,61,81,92,92,92,92,84,78,52,52,75,80,67,67,75,80,88,88,0,0],"gold":168,"neow_bonus":"TRANSFORM_TWO_CARDS","is_daily":false,"chose_seed":false,"campfire_upgraded":5,"win_rate":0.0,"timestamp":1613579703,"path_taken":["M","?","?","$","?","E","R","?","T","M","R","M","R","E","R","BOSS","M","?","?","M","M","R","E","?","T","M","?","$","E","?","R","BOSS","M","?","M","M","M","E","R","E","T","?","$","E","?","E","R","BOSS"],"items_purchased_type":["Relic","Card","Card","Relic"],"build_version":"2020-12-22","purchased_purges":1,"victory":false,"max_hp_per_floor":[80,80,80,80,80,80,80,80,80,80,80,80,80,80,80,80,80,80,80,80,85,85,85,92,92,92,92,92,92,92,92,92,92,92,92,92,92,92,92,92,92,102,102,102,102,102,102,102,102,102,102],"card_choices":[{"not_picked":["Sentinel","Clash","Wild Strike"],"picked":"SKIP","floor":1},{"not_picked":["Havoc","Body Slam"],"picked":"Anger","floor":5},{"not_picked":["Second Wind","Rampage","Flex"],"picked":"SKIP","floor":6},{"not_picked":["Ghostly Armor","Twin Strike"],"picked":"Shrug It Off","floor":10},{"not_picked":["Sever Soul","Flex","Ghostly Armor"],"picked":"SKIP","floor":12},{"not_picked":["Clothesline","Dark Embrace"],"picked":"Pommel Strike","floor":14},{"not_picked":["Limit Break","Barricade"],"picked":"Brutality","floor":16},{"not_picked":["Sentinel+1","Pummel","Warcry"],"picked":"SKIP","floor":18},{"not_picked":["Armaments","Body Slam+1","Sword Boomerang"],"picked":"SKIP","floor":21},{"not_picked":["True Grit","Clothesline"],"picked":"Pommel Strike+1","floor":22},{"not_picked":["Corruption","Metallicize","Twin Strike"],"picked":"SKIP","floor":24},{"not_picked":["Sword Boomerang","Clash","Hemokinesis"],"picked":"SKIP","floor":27},{"not_picked":["Clothesline","Wild Strike","Sword Boomerang"],"picked":"SKIP","floor":30},{"not_picked":["Juggernaut","Berserk"],"picked":"Brutality","floor":33},{"not_picked":["Searing Blow+1","Havoc"],"picked":"Power Through+1","floor":35},{"not_picked":["Bloodletting","Clothesline+1"],"picked":"Exhume","floor":37},{"not_picked":["Anger","Havoc+1","Perfected Strike+1"],"picked":"SKIP","floor":38},{"not_picked":["Flame Barrier+1","Rampage","Hemokinesis"],"picked":"SKIP","floor":39},{"not_picked":["Pommel Strike","Headbutt+1","Blood for Blood"],"picked":"SKIP","floor":40},{"not_picked":["Evolve","Metallicize","Armaments+1"],"picked":"SKIP","floor":42},{"not_picked":["True Grit+1","Impervious"],"picked":"Immolate","floor":46},{"not_picked":["Disarm","Heavy Blade","Sentinel"],"picked":"SKIP","floor":48}],"player_experience":274851,"relics_obtained":[{"floor":6,"key":"White Beast Statue"},{"floor":8,"key":"Mummified Hand"},{"floor":9,"key":"Darkstone Periapt"},{"floor":14,"key":"Paper Frog"},{"floor":20,"key":"Enchiridion"},{"floor":24,"key":"Strawberry"},{"floor":26,"key":"Magic Flower"},{"floor":30,"key":"Tiny Chest"},{"floor":36,"key":"Gambling Chip"},{"floor":40,"key":"War Paint"},{"floor":42,"key":"Pear"},{"floor":46,"key":"Nunchaku"},{"floor":47,"key":"Blood Vial"},{"floor":48,"key":"Incense Burner"}],"event_choices":[{"damage_healed":0,"gold_gain":0,"player_choice":"Take Damage","damage_taken":20,"relics_obtained":["Golden Idol"],"max_hp_gain":0,"max_hp_loss":0,"event_name":"Golden Idol","floor":2,"gold_loss":0},{"damage_healed":0,"gold_gain":0,"player_choice":"Entered Light","damage_taken":16,"max_hp_gain":0,"max_hp_loss":0,"event_name":"Shining Light","floor":3,"gold_loss":0,"cards_upgraded":["Strike_R","Offering"]},{"damage_healed":0,"gold_gain":0,"player_choice":"Opened","damage_taken":0,"relics_obtained":["Toy Ornithopter"],"max_hp_gain":0,"max_hp_loss":0,"event_name":"The Mausoleum","floor":19,"gold_loss":0},{"damage_healed":0,"gold_gain":0,"player_choice":"Obtained Book","damage_taken":16,"max_hp_gain":0,"max_hp_loss":0,"event_name":"Cursed Tome","floor":20,"gold_loss":0},{"damage_healed":0,"gold_gain":0,"player_choice":"Read","damage_taken":0,"max_hp_gain":0,"max_hp_loss":0,"event_name":"The Library","floor":25,"gold_loss":0,"cards_obtained":["Battle Trance"]},{"damage_healed":0,"gold_gain":0,"player_choice":"Gave Idol","damage_taken":0,"relics_obtained":["Bloody Idol"],"max_hp_gain":0,"max_hp_loss":0,"event_name":"Forgotten Altar","floor":31,"relics_lost":["Golden Idol"],"gold_loss":0},{"damage_healed":0,"gold_gain":0,"player_choice":"Fight","damage_taken":0,"max_hp_gain":0,"max_hp_loss":0,"event_name":"Mysterious Sphere","floor":36,"gold_loss":0},{"damage_healed":0,"gold_gain":0,"player_choice":"Embrace Madness","damage_taken":13,"max_hp_gain":0,"max_hp_loss":0,"event_name":"Winding Halls","floor":44,"gold_loss":0,"cards_obtained":["Madness","Madness"]}],"is_beta":false,"boss_relics":[{"not_picked":["Snecko Eye","Astrolabe"],"picked":"Pandora\u0027s Box"},{"not_picked":["Sozu","SlaversCollar"],"picked":"Black Blood"}],"items_purged_floors":[28],"is_endless":false,"potions_floor_spawned":[1,10,12,14,16,18,21,22,24,27,30,33,35,36,37,38,39,40,42,46,48],"killed_by":"Awakened One","ascension_level":4}}