{"host":"wmojtwekh6s3tor5","time":1613573656,"event":{"mods":["BaseMod","Colored Map","Colored Powertips","DeckTracker","Highlight Path","Minty Spire (QoL Compilation)","Quick Restart","StSLib"],"gold_per_floor":[112,112,130,148,73,73,101,101,154,154,154,175,175,193,193,318,318,343,362,382,398,74,74,74,74],"floor_reached":24,"language":"ZHS","playtime":1446,"items_purged":["Defend_G","Strike_G"],"score":257,"play_id":"692b3501-198c-4498-b09e-376c777d61a1","local_time":"20210217225416","is_ascension_mode":true,"campfire_choices":[{"floor":6.0,"key":"REST"},{"data":"Neutralize","floor":11.0,"key":"SMITH"},{"data":"Blade Dance","floor":13.0,"key":"SMITH"},{"data":"Quick Slash","floor":15,"key":"SMITH"},{"floor":23,"key":"REST"}],"circlet_count":0,"master_deck":["Strike_G","Strike_G","Strike_G","Strike_G","Defend_G","Defend_G","Defend_G","Defend_G","Survivor","Neutralize+1","Backflip","Quick Slash+1","Blade Dance+1","Tools of the Trade","Calculated Gamble+1","Blade Dance+1","Accuracy"],"relics":["SacredBark","Orichalcum","Blood Vial","Golden Idol","Vajra","SlaversCollar","Art of War"],"acts_visited":["Exordium","TheCity"],"potions_floor_usage":[16,18],"damage_taken":[{"damage":0.0,"enemies":"2 Louse","floor":1.0,"turns":3.0},{"damage":4.0,"enemies":"Jaw Worm","floor":3.0,"turns":4.0},{"damage":2.0,"enemies":"Small Slimes","floor":4.0,"turns":4.0},{"damage":8.0,"enemies":"Gremlin Nob","floor":7.0,"turns":4.0},{"damage":4.0,"enemies":"Red Slaver","floor":12.0,"turns":4.0},{"damage":0,"enemies":"3 Louse","floor":14,"turns":3},{"damage":18,"enemies":"The Guardian","floor":16,"turns":20},{"damage":5,"enemies":"2 Thieves","floor":18,"turns":5},{"damage":1,"enemies":"3 Byrds","floor":19,"turns":6},{"damage":34,"enemies":"Centurion and Healer","floor":20,"turns":10},{"damage":30,"enemies":"Chosen and Byrds","floor":21,"turns":7},{"damage":29,"enemies":"Gremlin Leader","floor":24,"turns":4}],"seed_played":"2779158100444146432","potions_obtained":[{"floor":1.0,"key":"PowerPotion"},{"floor":4.0,"key":"SpeedPotion"},{"floor":7.0,"key":"ColorlessPotion"},{"floor":16,"key":"DuplicationPotion"},{"floor":18,"key":"Weak Potion"}],"is_trial":false,"path_per_floor":["M","?","M","M","$","R","E","?","T","?","R","M","R","M","R","B",null,"M","M","M","M","$","R","E"],"character_chosen":"THE_SILENT","items_purchased":["Accuracy","Art of War"],"campfire_rested":2,"item_purchase_floors":[22,22],"current_hp_per_floor":[63,45,41,39,39,60,52,35,35,58,58,56,56,58,58,42,63,60,61,29,1,1,22,0,0],"gold":74,"neow_bonus":"BOSS_RELIC","is_daily":false,"chose_seed":false,"campfire_upgraded":3,"win_rate":0.0,"timestamp":1613573656,"path_taken":["M","?","M","M","?","R","E","?","T","?","R","M","R","M","R","BOSS","M","M","M","M","$","R","E"],"items_purchased_type":["Card","Relic"],"build_version":"2020-12-22","purchased_purges":2,"victory":false,"max_hp_per_floor":[70,70,70,70,70,70,70,70,70,70,70,70,70,70,70,70,70,70,70,70,70,70,70,70,70],"card_choices":[{"not_picked":["Distraction","Prepared"],"picked":"Backflip","floor":1.0},{"not_picked":["Cloak And Dagger","Calculated Gamble"],"picked":"Quick Slash","floor":3.0},{"not_picked":["Slice","Footwork","Sucker Punch"],"picked":"SKIP","floor":4.0},{"not_picked":["Masterful Stab","Accuracy","Catalyst"],"picked":"SKIP","floor":7.0},{"not_picked":["Burst","Bane"],"picked":"Blade Dance","floor":12.0},{"not_picked":["Riddle With Holes","Caltrops","Expertise"],"picked":"SKIP","floor":14},{"not_picked":["Night Terror","Bullet Time"],"picked":"Tools of the Trade","floor":16},{"not_picked":["Predator","Tactician"],"picked":"Calculated Gamble+1","floor":18},{"not_picked":["Quick Slash","Flying Knee","Dagger Spray+1"],"picked":"SKIP","floor":19},{"not_picked":["Underhanded Strike","Sucker Punch"],"picked":"Blade Dance+1","floor":20},{"not_picked":["Flechettes","Sucker Punch","Underhanded Strike"],"picked":"SKIP","floor":21}],"player_experience":660070,"relics_obtained":[{"floor":7.0,"key":"Blood Vial"},{"floor":9.0,"key":"Vajra"}],"event_choices":[{"damage_healed":0.0,"max_hp_gain":0.0,"max_hp_loss":0.0,"gold_gain":0.0,"event_name":"Scrap Ooze","player_choice":"Success","floor":2.0,"gold_loss":0.0,"damage_taken":18.0,"relics_obtained":["Orichalcum"]},{"damage_healed":0.0,"max_hp_gain":0.0,"max_hp_loss":0.0,"gold_gain":0.0,"event_name":"Golden Idol","player_choice":"Take Damage","floor":8.0,"gold_loss":0.0,"damage_taken":17.0,"relics_obtained":["Golden Idol"]},{"damage_healed":23.0,"max_hp_gain":0.0,"max_hp_loss":0.0,"gold_gain":0.0,"event_name":"Big Fish","player_choice":"Banana","floor":10.0,"gold_loss":0.0,"damage_taken":0.0}],"is_beta":false,"boss_relics":[{"not_picked":["Cursed Key","Runic Pyramid"],"picked":"SlaversCollar"}],"items_purged_floors":[5,22],"is_endless":false,"potions_floor_spawned":[1,4,7,16,18],"killed_by":"Gremlin Leader","ascension_level":6}}