{"host":"tq6qmx9nj4kgfpqr","time":1613605533,"event":{"mods":["AchievementEnabler","Bard","BaseMod","Bestiary","Better Match","Better Third Choice","ChefMod","Colored Map","Colored Powertips","Gremlin Skip","Hermit","Minty Spire (QoL Compilation)","Quarter Circle Forward PUNCH!","Quick Restart","READ ME - Guardian Mod","Somnambulant","StSLib","The Bladedancer","The Blue Laboratory","The Construct","The Cursed","The Juggle","The Poker Player","The Sage"],"gold_per_floor":[114,89,89,364,374,408,408,441,441,452,477,477,116,142,142,240,290,307,357,357,20,50,80,113,142,142,142,170,186,221,255,255,355,355,366,366,391,424,375,401,401,401,401,151,163,197,227,227,227,227],"floor_reached":51,"language":"ENG","playtime":5451,"items_purged":["Regret","sagemod:Perplexing_Glare"],"score":1649,"play_id":"72c7bb6e-00ca-44ed-80bc-f26ddb245d46","local_time":"20210217184533","daily_mods":["SealedDeck","Colorless Cards","Heirloom","Time Dilation","Flight","DeadlyEvents","Elite Swarm"],"is_ascension_mode":false,"campfire_choices":[{"data":"Body Slam","floor":7.0,"key":"SMITH"},{"data":"Panacea","floor":12.0,"key":"SMITH"},{"data":"Warcry","floor":15.0,"key":"SMITH"},{"data":"Flex","floor":32.0,"key":"SMITH"},{"floor":42,"key":"DIG"},{"floor":49,"key":"DIG"}],"circlet_count":0,"master_deck":["Deep Breath+1","Deep Breath+1","Pommel Strike","Flex+1","Warcry+1","Body Slam+1","Body Slam+1","Armaments+1","Shrug It Off","Bandage Up+1","Armaments+1","Panacea+1","Immolate","Bloodletting+1","Barricade+1","Panache+1","Exhume+1","Iron Wave+1","Inflame+1","Master of Strategy","Exhume+1","Master of Strategy","Feed+1","Secret Technique+1","Berserk+1","Secret Technique","Flex+1","Exhume+1","Madness+1","Madness+1","Body Slam+1","Feed+1"],"relics":["Burning Blood","qcfpunch:Duffel_Bag","qcfpunch:Fighting_Gloves","qcfpunch:Red_Headband","sagemod:Creepy_Carousel","Oddly Smooth Stone","Turnip","Bronze Scales","qcfpunch:Handcuffs","Frozen Egg 2","TungstenRod","Bird Faced Urn","qcfpunch:Black_Training_Shirt","Tiny House","Unceasing Top","construct:BoolHorns","qcfpunch:Necklace_of_Skulls","Omamori","Magic Flower","sagemod:Singing_Vial","qcfpunch:Red_Beret","Charon\u0027s Ashes","Black Star","qcfpunch:Unceasing_Flame","qcfpunch:Combat_Fatigues","Shovel","Ornamental Fan","Thread and Needle","Blue Candle","qcfpunch:White_Boots","qcfpunch:Lotus_Statue","qcfpunch:Not_Strongest_Fighting_Style_Guidebook","Peace Pipe","Du-Vu Doll","sagemod:Blowpipe","Paper Frog","CeramicFish","Toy Ornithopter"],"acts_visited":["Exordium","TheCity","TheBeyond"],"potions_floor_usage":[50,50,50],"damage_taken":[{"damage":0.0,"enemies":"2 Louse","floor":1.0,"turns":1.0},{"damage":3.0,"enemies":"Cultist","floor":5.0,"turns":3.0},{"damage":7.0,"enemies":"Lagavulin","floor":6.0,"turns":5.0},{"damage":0.0,"enemies":"3 Sentries","floor":8.0,"turns":2.0},{"damage":0.0,"enemies":"Jaw Worm","floor":10.0,"turns":1.0},{"damage":3.0,"enemies":"Lagavulin","floor":11.0,"turns":2.0},{"damage":0.0,"enemies":"Gremlin Nob","floor":14.0,"turns":3.0},{"damage":2.0,"enemies":"Slime Boss","floor":16.0,"turns":3.0},{"damage":9.0,"enemies":"Spheric Guardian","floor":18.0,"turns":3.0},{"damage":4.0,"enemies":"Gremlin Leader","floor":22.0,"turns":4.0},{"damage":20.0,"enemies":"Slavers","floor":23.0,"turns":3.0},{"damage":2.0,"enemies":"Gremlin Leader","floor":24.0,"turns":3.0},{"damage":0.0,"enemies":"Slavers","floor":25.0,"turns":2.0},{"damage":4.0,"enemies":"Book of Stabbing","floor":28.0,"turns":2.0},{"damage":0.0,"enemies":"2 Thieves","floor":29.0,"turns":2.0},{"damage":6.0,"enemies":"Gremlin Leader","floor":30.0,"turns":1.0},{"damage":4.0,"enemies":"Slavers","floor":31.0,"turns":1.0},{"damage":4.0,"enemies":"Collector","floor":33.0,"turns":1.0},{"damage":2.0,"enemies":"Orb Walker","floor":35.0,"turns":2.0},{"damage":4.0,"enemies":"Nemesis","floor":37.0,"turns":1.0},{"damage":6.0,"enemies":"Giant Head","floor":38.0,"turns":2.0},{"damage":4,"enemies":"Reptomancer","floor":40,"turns":1},{"damage":0,"enemies":"3 Shapes","floor":45,"turns":1},{"damage":0,"enemies":"Nemesis","floor":46,"turns":1},{"damage":2,"enemies":"Reptomancer","floor":47,"turns":1},{"damage":4,"enemies":"Donu and Deca","floor":50,"turns":2}],"seed_played":"-4053689974263699694","potions_obtained":[{"floor":1.0,"key":"Block Potion"},{"floor":8.0,"key":"Dexterity Potion"},{"floor":10.0,"key":"blueLaboratory:LouseDecoction"},{"floor":14.0,"key":"blueLaboratory:FrostheartPotion"},{"floor":17.0,"key":"blueLaboratory:BottleOfRum"},{"floor":18.0,"key":"blueLaboratory:FrostheartPotion"},{"floor":24.0,"key":"blueLaboratory:AbyssPotion"},{"floor":28.0,"key":"BlessingOfTheForge"},{"floor":30.0,"key":"blueLaboratory:IronCompound"},{"floor":35.0,"key":"Block Potion"},{"floor":38,"key":"SteroidPotion"}],"is_trial":true,"path_per_floor":["M","$","?","?","M","E","R","E","T","M","E","R","$","E","R","B",null,"M","?","$","$","E","E","E","E","T","$","E","M","E","E","R","B",null,"M","?","E","E","$","E","?","R","T","$","M","E","E","T","R","B",null],"character_chosen":"IRONCLAD","items_purchased":["Armaments","Bird Faced Urn","Unceasing Top","Inflame+1","Flex","qcfpunch:Not_Strongest_Fighting_Style_Guidebook"],"campfire_rested":0,"item_purchase_floors":[2,13,21,21,39,44],"current_hp_per_floor":[80,80,73,73,80,80,80,80,80,80,80,80,80,80,80,80,85,85,85,85,85,85,73,85,85,85,85,85,85,85,85,85,89,89,93,93,97,101,101,105,93,93,93,93,105,109,113,113,113,117],"gold":227,"neow_bonus":"","is_daily":false,"chose_seed":false,"campfire_upgraded":4,"win_rate":0.0,"timestamp":1613605533,"path_taken":["M","$","?","?","?","E","R","E","T","?","E","R","$","E","R","BOSS","M","?","$","$","?","E","E","E","T","?","E","?","E","E","R","BOSS","M","?","?","?","$","E","?","R","T","$","?","?","E","?","R","BOSS"],"items_purchased_type":["Card","Relic","Relic","Card","Card","Relic"],"build_version":"2020-12-22","purchased_purges":2,"victory":true,"max_hp_per_floor":[80,80,80,80,80,80,80,80,80,80,80,80,80,80,80,80,85,85,85,85,85,85,85,85,85,85,85,85,85,85,85,85,89,89,93,93,97,101,101,105,105,105,105,105,105,109,113,113,113,117],"card_choices":[{"not_picked":[],"picked":"Bandage Up","floor":1.0},{"not_picked":["Headbutt","Cleave","Discovery"],"picked":"SKIP","floor":1.0},{"not_picked":[],"picked":"Panacea","floor":5.0},{"not_picked":["Headbutt","Sword Boomerang"],"picked":"Immolate","floor":5.0},{"not_picked":["Reaper","Sadistic Nature","The Bomb"],"picked":"SKIP","floor":6.0},{"not_picked":["Metamorphosis","Chrysalis","Immolate"],"picked":"SKIP","floor":8.0},{"not_picked":["Armaments","Warcry"],"picked":"Bloodletting","floor":10.0},{"not_picked":["Metamorphosis","Violence"],"picked":"Barricade+1","floor":11.0},{"not_picked":["Mayhem+1","Violence"],"picked":"Panache+1","floor":14.0},{"not_picked":["Berserk+1","The Bomb"],"picked":"Exhume","floor":16.0},{"not_picked":["Bandage Up","Pummel"],"picked":"sagemod:Perplexing_Glare","floor":17.0},{"not_picked":["Pommel Strike","Sword Boomerang+1"],"picked":"Iron Wave+1","floor":18.0},{"not_picked":["Violence","Thinking Ahead","Immolate"],"picked":"SKIP","floor":22.0},{"not_picked":["Bludgeon","The Bomb"],"picked":"Master of Strategy","floor":23.0},{"not_picked":["Apotheosis","Metamorphosis"],"picked":"Exhume","floor":24.0},{"not_picked":["Fiend Fire","Reaper"],"picked":"Master of Strategy","floor":25.0},{"not_picked":["The Bomb","Violence"],"picked":"Feed","floor":28.0},{"not_picked":["Bandage Up","Shockwave","Wild Strike"],"picked":"Singing Bowl","floor":29.0},{"not_picked":["Limit Break","Demon Form+1"],"picked":"Secret Technique","floor":30.0},{"not_picked":["Limit Break","Apotheosis"],"picked":"Berserk+1","floor":31.0},{"not_picked":["Impervious","Exhume"],"picked":"Secret Technique","floor":33.0},{"not_picked":["Dramatic Entrance","Second Wind","Good Instincts+1"],"picked":"Singing Bowl","floor":35.0},{"not_picked":["Thinking Ahead","Limit Break","Magnetism+1"],"picked":"SKIP","floor":37.0},{"not_picked":["The Bomb","Limit Break","Juggernaut+1"],"picked":"Singing Bowl","floor":38},{"not_picked":["HandOfGreed","Panache+1"],"picked":"Exhume","floor":40},{"not_picked":["Dark Shackles","Rampage"],"picked":"Body Slam+1","floor":45},{"not_picked":["Chrysalis","Barricade+1","Impervious"],"picked":"SKIP","floor":46},{"not_picked":["Juggernaut+1","Secret Technique"],"picked":"Feed","floor":47}],"player_experience":236826,"relics_obtained":[{"floor":6.0,"key":"Oddly Smooth Stone"},{"floor":6.0,"key":"Turnip"},{"floor":8.0,"key":"Bronze Scales"},{"floor":8.0,"key":"qcfpunch:Handcuffs"},{"floor":9.0,"key":"Frozen Egg 2"},{"floor":11.0,"key":"TungstenRod"},{"floor":14.0,"key":"qcfpunch:Black_Training_Shirt"},{"floor":22.0,"key":"construct:BoolHorns"},{"floor":23.0,"key":"qcfpunch:Necklace_of_Skulls"},{"floor":24.0,"key":"Omamori"},{"floor":25.0,"key":"Magic Flower"},{"floor":26.0,"key":"sagemod:Singing_Vial"},{"floor":28.0,"key":"qcfpunch:Red_Beret"},{"floor":30.0,"key":"Charon\u0027s Ashes"},{"floor":37.0,"key":"qcfpunch:Unceasing_Flame"},{"floor":37.0,"key":"qcfpunch:Combat_Fatigues"},{"floor":38,"key":"Shovel"},{"floor":38,"key":"Ornamental Fan"},{"floor":40,"key":"Thread and Needle"},{"floor":40,"key":"Blue Candle"},{"floor":42,"key":"qcfpunch:White_Boots"},{"floor":43,"key":"qcfpunch:Lotus_Statue"},{"floor":46,"key":"Peace Pipe"},{"floor":46,"key":"Du-Vu Doll"},{"floor":47,"key":"sagemod:Blowpipe"},{"floor":47,"key":"Paper Frog"},{"floor":48,"key":"CeramicFish"},{"floor":49,"key":"Toy Ornithopter"}],"event_choices":[{"cards_removed":["Headbutt"],"damage_healed":0.0,"max_hp_gain":0.0,"max_hp_loss":0.0,"gold_gain":0.0,"event_name":"Golden Wing","player_choice":"Card Removal","floor":3.0,"gold_loss":0.0,"damage_taken":7.0},{"damage_healed":0.0,"max_hp_gain":0.0,"max_hp_loss":0.0,"gold_gain":275.0,"event_name":"Golden Shrine","player_choice":"Desecrate","floor":4.0,"gold_loss":0.0,"damage_taken":0.0,"cards_obtained":["Regret"]},{"damage_healed":0.0,"max_hp_gain":0.0,"max_hp_loss":0.0,"gold_gain":100.0,"event_name":"The Joust","player_choice":"Bet on Murderer","floor":19.0,"gold_loss":50.0,"damage_taken":0.0},{"damage_healed":0.0,"max_hp_gain":0.0,"max_hp_loss":0.0,"gold_gain":0.0,"event_name":"Upgrade Shrine","player_choice":"Upgraded","floor":36.0,"gold_loss":0.0,"damage_taken":0.0,"cards_upgraded":["Deep Breath"]},{"damage_healed":0,"gold_gain":0,"player_choice":"Embrace Madness","damage_taken":13,"max_hp_gain":0,"max_hp_loss":0,"event_name":"Winding Halls","floor":41,"gold_loss":0,"cards_obtained":["Madness","Madness"]}],"is_beta":false,"boss_relics":[{"not_picked":["Mark of Pain","Velvet Choker"],"picked":"Tiny House"},{"not_picked":["Sozu","qcfpunch:Killian_Engine_Alpha"],"picked":"Black Star"}],"items_purged_floors":[13,44],"is_endless":false,"potions_floor_spawned":[1,8,10,14,18,24,28,30,31,35,38,40],"ascension_level":0}}