{"host":"bq4pt811tk9yrmjl","time":1613599858,"event":{"mods":["AchievementEnabler","BaseMod","Colored Map","Colored Powertips","Defuse TimeMaze Blight","Minty Spire (QoL Compilation)","Smile Girya","StSLib","SuperFastMode"],"gold_per_floor":[114,114,134,54,54,54,84,99,99,112,212,212,247,260,260,358,358,378,378,396,412,412,412,424,442,442,457,487,487,505,132,132,234,234,251,135,135,154,167,198,198,223,223,257,257,285,285,37,37,37,37,37,37,70,70,70],"floor_reached":55,"language":"ENG","playtime":1254,"items_purged":["Strike_R"],"score":830,"play_id":"8a3751d7-3772-42ed-a1db-33c325a9b8e3","local_time":"20210217201058","is_ascension_mode":true,"campfire_choices":[{"data":"Bash","floor":6,"key":"SMITH"},{"data":"Uppercut","floor":12,"key":"SMITH"},{"data":"Flame Barrier","floor":15,"key":"SMITH"},{"data":"Reaper","floor":23,"key":"SMITH"},{"data":"Clothesline","floor":29,"key":"SMITH"},{"data":"Sentinel","floor":32,"key":"SMITH"},{"floor":45,"key":"RECALL"},{"floor":47,"key":"REST"},{"data":"Anger","floor":49,"key":"SMITH"},{"data":"Iron Wave","floor":52,"key":"SMITH"}],"circlet_count":0,"master_deck":["Strike_R","Strike_R","Strike_R","Strike_R","Defend_R","Defend_R","Defend_R","Defend_R","Bash+1","Cleave","Clash","Disarm+1","Clothesline+1","Uppercut+1","Flame Barrier+1","Reaper+1","Necronomicurse","Armaments+1","Twin Strike+1","True Grit+1","Sentinel+1","Iron Wave+1","Anger+1","Clash+1","Metallicize+1"],"relics":["Burning Blood","NeowsBlessing","Akabeko","Bottled Flame","Busted Crown","MutagenicStrength","Necronomicon","The Courier","Regal Pillow","Ancient Tea Set","OrangePellets","Sozu","Vajra","Happy Flower","Shuriken","Sundial","Question Card","Gremlin Horn","Incense Burner","Mummified Hand"],"acts_visited":["Exordium","TheCity","TheBeyond","TheEnding"],"potions_floor_usage":[16,25,25,28,33,33,33,33,33,55],"damage_taken":[{"damage":0,"enemies":"Jaw Worm","floor":1,"turns":1},{"damage":0,"enemies":"Small Slimes","floor":3,"turns":1},{"damage":0,"enemies":"Gremlin Nob","floor":7,"turns":1},{"damage":0,"enemies":"Cultist","floor":8,"turns":3},{"damage":0,"enemies":"Looter","floor":10,"turns":1},{"damage":7,"enemies":"Lagavulin","floor":13,"turns":6},{"damage":7,"enemies":"Large Slime","floor":14,"turns":5},{"damage":40,"enemies":"Hexaghost","floor":16,"turns":14},{"damage":5,"enemies":"2 Thieves","floor":18,"turns":4},{"damage":15,"enemies":"3 Byrds","floor":20,"turns":5},{"damage":18,"enemies":"Cultist and Chosen","floor":21,"turns":6},{"damage":7,"enemies":"Shelled Parasite and Fungi","floor":24,"turns":4},{"damage":0,"enemies":"Sentry and Sphere","floor":25,"turns":3},{"damage":5,"enemies":"Snake Plant","floor":27,"turns":2},{"damage":34,"enemies":"Slavers","floor":28,"turns":10},{"damage":6,"enemies":"Chosen and Byrds","floor":30,"turns":3},{"damage":39,"enemies":"Automaton","floor":33,"turns":8},{"damage":34,"enemies":"3 Darklings","floor":35,"turns":6},{"damage":0,"enemies":"3 Shapes","floor":38,"turns":2},{"damage":37,"enemies":"Maw","floor":39,"turns":8},{"damage":22,"enemies":"Reptomancer","floor":40,"turns":5},{"damage":9,"enemies":"Nemesis","floor":42,"turns":5},{"damage":43,"enemies":"Giant Head","floor":44,"turns":8},{"damage":49,"enemies":"Reptomancer","floor":46,"turns":6},{"damage":54,"enemies":"Awakened One","floor":50,"turns":14},{"damage":38,"enemies":"Shield and Spear","floor":54,"turns":6},{"damage":109,"enemies":"The Heart","floor":55,"turns":8}],"seed_played":"8598179136913729463","potions_obtained":[{"floor":3,"key":"CultistPotion"},{"floor":13,"key":"DistilledChaos"},{"floor":21,"key":"AttackPotion"},{"floor":24,"key":"Regen Potion"},{"floor":27,"key":"Regen Potion"},{"floor":28,"key":"Strength Potion"},{"floor":33,"key":"FearPotion"}],"is_trial":false,"path_per_floor":["M","?","M","$","?","R","E","M","T","M","?","R","E","M","R","B",null,"M","?","M","M","?","R","M","M","T","M","E","R","M","$","R","B",null,"M","$","?","M","M","E","?","E","T","E","R","E","R","$","R","B",null,"R","$","E","B"],"character_chosen":"IRONCLAD","items_purchased":["Disarm","Ancient Tea Set","OrangePellets","EntropicBrew","Vajra","Incense Burner"],"campfire_rested":1,"item_purchase_floors":[4,31,31,31,36,48],"current_hp_per_floor":[80,80,80,80,80,80,80,80,80,80,80,80,79,78,78,44,80,80,80,77,69,53,53,62,80,80,80,71,71,71,71,71,38,80,66,66,66,80,67,80,80,77,77,64,64,21,60,60,60,34,80,80,80,60,0,0],"gold":70,"neow_bonus":"THREE_ENEMY_KILL","is_daily":false,"chose_seed":false,"campfire_upgraded":8,"win_rate":0.0,"timestamp":1613599858,"path_taken":["M","?","M","$","?","R","E","M","T","M","?","R","E","M","R","BOSS","M","?","M","M","?","R","M","M","T","M","E","R","M","$","R","BOSS","M","$","?","?","M","E","?","E","T","E","R","E","R","$","R","BOSS","R","$","E","BOSS"],"items_purchased_type":["Card","Relic","Relic","Potion","Relic","Relic"],"build_version":"2020-12-22","purchased_purges":1,"victory":false,"max_hp_per_floor":[80,80,80,80,80,80,80,80,80,80,80,80,80,80,80,80,80,80,80,80,80,80,80,80,80,80,80,80,80,80,80,80,80,80,80,80,80,80,80,80,80,80,80,80,80,80,80,80,80,80,80,80,80,80,80,80],"card_choices":[{"not_picked":["Sword Boomerang","Wild Strike"],"picked":"Cleave","floor":1},{"not_picked":["Sword Boomerang","Reaper"],"picked":"Clash","floor":3},{"not_picked":["Sentinel","Rupture"],"picked":"Clothesline","floor":7},{"not_picked":["Cleave","Flex"],"picked":"Uppercut","floor":8},{"not_picked":["True Grit","Sword Boomerang","Heavy Blade"],"picked":"SKIP","floor":10},{"not_picked":["Reckless Charge","Burning Pact"],"picked":"Flame Barrier","floor":13},{"not_picked":["Heavy Blade","Dark Embrace","Twin Strike"],"picked":"SKIP","floor":14},{"not_picked":["Exhume","Offering"],"picked":"Reaper","floor":16},{"not_picked":["Pummel"],"picked":"SKIP","floor":18},{"not_picked":["Clash"],"picked":"SKIP","floor":20},{"not_picked":["Power Through"],"picked":"SKIP","floor":21},{"not_picked":[],"picked":"Armaments+1","floor":24},{"not_picked":[],"picked":"Twin Strike+1","floor":25},{"not_picked":[],"picked":"True Grit+1","floor":27},{"not_picked":["Ghostly Armor"],"picked":"SKIP","floor":28},{"not_picked":[],"picked":"Sentinel","floor":30},{"not_picked":[],"picked":"Double Tap","floor":33},{"not_picked":["Clash"],"picked":"SKIP","floor":35},{"not_picked":["Infernal Blade"],"picked":"SKIP","floor":38},{"not_picked":[],"picked":"Anger","floor":39},{"not_picked":[],"picked":"Clash+1","floor":40},{"not_picked":["Second Wind+1"],"picked":"SKIP","floor":42},{"not_picked":[],"picked":"Metallicize+1","floor":44},{"not_picked":["Shockwave","Barricade"],"picked":"SKIP","floor":46},{"not_picked":["Wild Strike+1","Second Wind"],"picked":"SKIP","floor":54}],"player_experience":260575,"relics_obtained":[{"floor":7,"key":"Akabeko"},{"floor":13,"key":"Bottled Flame"},{"floor":22,"key":"Necronomicon"},{"floor":26,"key":"The Courier"},{"floor":28,"key":"Regal Pillow"},{"floor":40,"key":"Happy Flower"},{"floor":42,"key":"Shuriken"},{"floor":43,"key":"Sundial"},{"floor":44,"key":"Question Card"},{"floor":46,"key":"Gremlin Horn"},{"floor":54,"key":"Mummified Hand"}],"event_choices":[{"damage_healed":0,"gold_gain":0,"player_choice":"Leave","damage_taken":0,"max_hp_gain":0,"max_hp_loss":0,"event_name":"The Cleric","floor":2,"gold_loss":0},{"damage_healed":0,"gold_gain":0,"player_choice":"Grow","damage_taken":0,"max_hp_gain":0,"max_hp_loss":0,"event_name":"Living Wall","floor":5,"gold_loss":0,"cards_upgraded":["Disarm"]},{"damage_healed":0,"gold_gain":100,"player_choice":"Gold","damage_taken":0,"max_hp_gain":0,"max_hp_loss":0,"event_name":"Wheel of Change","floor":11,"gold_loss":0},{"damage_healed":0,"gold_gain":0,"player_choice":"Inject Mutagens","damage_taken":0,"relics_obtained":["MutagenicStrength"],"max_hp_gain":0,"max_hp_loss":0,"event_name":"Drug Dealer","floor":19,"gold_loss":0},{"damage_healed":0,"gold_gain":0,"player_choice":"Obtained Book","damage_taken":16,"max_hp_gain":0,"max_hp_loss":0,"event_name":"Cursed Tome","floor":22,"gold_loss":0},{"cards_removed":["Double Tap"],"damage_healed":0,"gold_gain":0,"player_choice":"Took Card","damage_taken":0,"max_hp_gain":0,"max_hp_loss":0,"event_name":"NoteForYourself","floor":37,"gold_loss":0,"cards_obtained":["Iron Wave"]},{"damage_healed":0,"gold_gain":0,"player_choice":"Got Potions","damage_taken":0,"max_hp_gain":0,"max_hp_loss":0,"event_name":"Lab","floor":41,"gold_loss":0}],"is_beta":false,"boss_relics":[{"not_picked":["Coffee Dripper","Pandora\u0027s Box"],"picked":"Busted Crown"},{"not_picked":["Empty Cage","Calling Bell"],"picked":"Sozu"}],"items_purged_floors":[31],"is_endless":false,"potions_floor_spawned":[3,13,21,24,27,28,33,35,38,44],"killed_by":"The Heart","ascension_level":1}}