{"host":"zk2wr01vh49shv6l","time":1613602117,"event":{"mods":["BaseMod","Hermit","Minty Spire (QoL Compilation)","Replay The Spire","StSLib","The Bug Knight"],"gold_per_floor":[117,117,131,148,198,232,232,245,245,12,31,31,31,51,51,171,171,162,162,10,10,24,24,44,44,44,58,58,58],"floor_reached":28,"language":"PTB","playtime":1824,"items_purged":[],"score":345,"play_id":"adf98e20-c6c3-433e-81e2-f666418d270d","local_time":"20210217204837","is_ascension_mode":false,"campfire_choices":[{"floor":7,"key":"REST"},{"floor":12,"key":"REST"},{"floor":15,"key":"REST"},{"floor":23,"key":"REST"},{"floor":25,"key":"REST"}],"circlet_count":0,"master_deck":["Strike_B","Strike_B","Strike_B","Strike_B","Defend_B","Defend_B","Defend_B","Defend_B","Zap+1","Dualcast","BasicCrystalCard","Barrage","Aggregate","BasicCrystalCard","Capacitor","ReplayTheSpireMod:Brewmster+1","Doom and Gloom+1","Turbo+1","Ball Lightning","Injury","Redo","Sickly","ReplayRNGCard+1","BasicCrystalCard","Necronomicurse","The Bomb+1","Crystallizer+1","Crystallizer+1","BasicCrystalCard+1","Pain","Sweeping Beam+1","Normality","Double Energy","Chaos"],"relics":["Cracked Core","InkBottle","Ring of Greed","Membership Card","Golden Egg","Shuriken","Carrot","Blue Doll","Golden Idol","Painkiller Herb","Necronomicon","WarpedTongs","Mirror"],"acts_visited":["Exordium","TheCity"],"potions_floor_usage":[6,11,11,14,16,16,16,16,16,18,18,22,24,24,27,27,27,27,27,27,28],"damage_taken":[{"damage":0,"enemies":"2 Louse","floor":1,"turns":2},{"damage":12,"enemies":"Small Slimes","floor":3,"turns":2},{"damage":1,"enemies":"Jaw Worm","floor":4,"turns":2},{"damage":16,"enemies":"Gremlin Nob","floor":6,"turns":3},{"damage":1,"enemies":"3 Louse","floor":8,"turns":3},{"damage":2,"enemies":"2 Fungi Beasts","floor":11,"turns":2},{"damage":5,"enemies":"Looter","floor":14,"turns":2},{"damage":53,"enemies":"The Guardian","floor":16,"turns":8},{"damage":29,"enemies":"2 Thieves","floor":18,"turns":4},{"damage":7,"enemies":"Chosen","floor":22,"turns":4},{"damage":31,"enemies":"Snake Plant","floor":24,"turns":5},{"damage":13,"enemies":"Centurion and Healer","floor":27,"turns":4},{"damage":23,"enemies":"Snecko","floor":28,"turns":4}],"seed_played":"4693497044047898300","potions_obtained":[{"floor":3,"key":"Fire Potion"},{"floor":8,"key":"Swift Potion"},{"floor":11,"key":"PowerPotion"},{"floor":14,"key":"Regen Potion"}],"is_trial":false,"path_per_floor":["M","?","M","M","?","E","R","M","T","$","M","R","?","M","R","B",null,"?","?","T","?","?","T","?","T","T","?","?"],"character_chosen":"DEFECT","items_purchased":["ReplayTheSpireMod:Brewmster","Doom and Gloom","Turbo","Blue Doll","Fire Potion","The Bomb","Crystallizer","BasicCrystalCard","BlessingOfTheForge"],"campfire_rested":5,"item_purchase_floors":[10,10,10,10,10,20,20,20,20],"current_hp_per_floor":[75,57,45,44,44,28,50,49,49,49,47,69,69,64,75,32,75,46,30,30,30,23,45,14,36,36,23,0,0],"gold":58,"neow_bonus":"RANDOM_EVENT","is_daily":false,"chose_seed":false,"campfire_upgraded":0,"win_rate":0.0,"timestamp":1613602117,"path_taken":["M","?","M","M","?","E","R","M","T","?","M","R","?","M","R","BOSS","?","?","T","?","?","T","?","T","T","?","?"],"items_purchased_type":["Card","Card","Card","Relic","Potion","Card","Card","Card","Potion"],"build_version":"2020-12-22","purchased_purges":0,"victory":false,"max_hp_per_floor":[75,75,75,75,75,75,75,75,75,75,75,75,75,75,75,75,75,75,75,75,75,75,75,75,75,75,75,75,75],"card_choices":[{"not_picked":["ReplayGash","ReplayTheSpireMod:System Scan"],"picked":"BasicCrystalCard","floor":1},{"not_picked":["Leap","Steam"],"picked":"Barrage","floor":3},{"not_picked":["Steam","Time Bomb"],"picked":"Aggregate","floor":4},{"not_picked":["Buffer","Gash"],"picked":"BasicCrystalCard","floor":6},{"not_picked":["White Noise","BasicCrystalCard"],"picked":"Capacitor","floor":8},{"not_picked":["Steam","Rebound"],"picked":"Ball Lightning","floor":11},{"not_picked":["Reinforced Body","Time Bomb"],"picked":"Redo","floor":14},{"not_picked":["All For One","ReplayTheSpireMod:Omega Cannon"],"picked":"ReplayRNGCard","floor":16},{"not_picked":["BootSequence","ReplayTheSpireMod:Reroute Power"],"picked":"BasicCrystalCard","floor":18},{"not_picked":["Redo","Conserve Battery"],"picked":"Sweeping Beam+1","floor":22},{"not_picked":["Turbo","Gash"],"picked":"Double Energy","floor":24},{"not_picked":["ReplayTheSpireMod:Repulse","Panic Button"],"picked":"Chaos","floor":27}],"player_experience":206846,"relics_obtained":[{"floor":5,"key":"Ring of Greed"},{"floor":5,"key":"Membership Card"},{"floor":5,"key":"Golden Egg"},{"floor":6,"key":"Shuriken"},{"floor":9,"key":"Carrot"},{"floor":19,"key":"Necronomicon"},{"floor":26,"key":"Mirror"}],"event_choices":[{"damage_healed":0,"gold_gain":0,"player_choice":"Grow","damage_taken":0,"max_hp_gain":0,"max_hp_loss":0,"event_name":"Living Wall","floor":0,"gold_loss":0,"cards_upgraded":["Zap"]},{"damage_healed":0,"gold_gain":0,"player_choice":"Success","damage_taken":18,"relics_obtained":["InkBottle"],"max_hp_gain":0,"max_hp_loss":0,"event_name":"Scrap Ooze","floor":2,"gold_loss":0},{"damage_healed":0,"gold_gain":0,"player_choice":"Take Wound","damage_taken":0,"relics_obtained":["Golden Idol"],"max_hp_gain":0,"max_hp_loss":0,"event_name":"Golden Idol","floor":13,"gold_loss":0,"cards_obtained":["Injury"]},{"damage_healed":0,"gold_gain":0,"player_choice":"Obtained Book","damage_taken":16,"max_hp_gain":0,"max_hp_loss":0,"event_name":"Cursed Tome","floor":19,"gold_loss":0},{"damage_healed":0,"gold_gain":0,"player_choice":"Rummage","damage_taken":0,"relics_obtained":["WarpedTongs"],"max_hp_gain":0,"max_hp_loss":0,"event_name":"Accursed Blacksmith","floor":21,"gold_loss":0,"cards_obtained":["Pain"]}],"is_beta":false,"boss_relics":[{"not_picked":["Busted Crown","Ring of Chaos"],"picked":"Painkiller Herb"}],"items_purged_floors":[],"is_endless":false,"potions_floor_spawned":[3,8,11,14],"killed_by":"Snecko","ascension_level":0}}