{"host":"4nqeo0vu1vuav7gg","time":1613584519,"event":{"mods":["AchievementEnabler","BaseMod","Block Reminder","Colored Map","Colored Powertips","Highlight Path","Minty Spire (QoL Compilation)","Quick Restart","Rare Cards Sparkle","Relic Relevance Reorder","StSLib"],"gold_per_floor":[216,216,233,233,233,233,258,258,283,318,4,4,20,20,20,20,20],"floor_reached":16,"language":"ENG","playtime":525,"items_purged":["Strike_B"],"score":212,"play_id":"6d266633-aae9-450d-85c2-b0280d869b41","local_time":"20210217185519","is_ascension_mode":true,"campfire_choices":[{"data":"Zap","floor":6,"key":"SMITH"},{"data":"Go for the Eyes","floor":8,"key":"SMITH"},{"floor":15,"key":"REST"}],"circlet_count":0,"master_deck":["AscendersBane","Strike_B","Strike_B","Defend_B","Defend_B","Defend_B","Defend_B","Zap+1","Dualcast","Melter","Conserve Battery","Go for the Eyes+1","Hyperbeam","Defragment","Beam Cell"],"relics":["Cracked Core","PreservedInsect","Smiling Mask","Omamori","NlothsMask","Pear","Strawberry"],"acts_visited":["Exordium"],"potions_floor_usage":[7,7,16],"damage_taken":[{"damage":4,"enemies":"Small Slimes","floor":1,"turns":3},{"damage":6,"enemies":"2 Louse","floor":3,"turns":2},{"damage":9,"enemies":"Gremlin Nob","floor":7,"turns":4},{"damage":38,"enemies":"Lagavulin","floor":10,"turns":6},{"damage":0,"enemies":"Jaw Worm","floor":13,"turns":3},{"damage":45,"enemies":"Slime Boss","floor":16,"turns":5}],"seed_played":"4864526321613405166","potions_obtained":[{"floor":1,"key":"PowerPotion"},{"floor":3,"key":"ColorlessPotion"}],"is_trial":false,"path_per_floor":["M","?","M","?","$","R","E","R","T","E","$","?","M","?","R","B"],"character_chosen":"DEFECT","items_purchased":["Defragment","PreservedInsect","FocusPotion"],"campfire_rested":1,"item_purchase_floors":[11,11,11],"current_hp_per_floor":[60,65,59,59,59,59,50,50,57,19,19,19,19,19,45,0,0],"gold":20,"neow_bonus":"HUNDRED_GOLD","is_daily":false,"chose_seed":false,"campfire_upgraded":2,"win_rate":0.0,"timestamp":1613584519,"path_taken":["M","?","M","?","?","R","E","R","T","E","$","?","?","?","R","BOSS"],"items_purchased_type":["Card","Relic","Potion"],"build_version":"2020-12-22","purchased_purges":1,"victory":false,"max_hp_per_floor":[71,81,81,81,81,81,81,81,88,88,88,88,88,88,88,88,88],"card_choices":[{"not_picked":["Sweeping Beam","Chill"],"picked":"Melter","floor":1},{"not_picked":["Go for the Eyes","Rebound"],"picked":"Conserve Battery","floor":3},{"not_picked":["Leap","Redo"],"picked":"Go for the Eyes","floor":7},{"not_picked":["Redo","Leap"],"picked":"Hyperbeam","floor":10},{"not_picked":["Melter","Stack"],"picked":"Beam Cell","floor":13}],"player_experience":1104921,"relics_obtained":[{"floor":7,"key":"Smiling Mask"},{"floor":9,"key":"Strawberry"},{"floor":10,"key":"Omamori"}],"event_choices":[{"damage_healed":0,"gold_gain":0,"player_choice":"Success","damage_taken":5,"relics_obtained":["Pear"],"max_hp_gain":0,"max_hp_loss":0,"event_name":"Scrap Ooze","floor":2,"gold_loss":0},{"damage_healed":0,"gold_gain":0,"player_choice":"Ignored","damage_taken":0,"max_hp_gain":0,"max_hp_loss":0,"event_name":"Shining Light","floor":4,"gold_loss":0},{"damage_healed":0,"gold_gain":0,"player_choice":"Trade","damage_taken":0,"relics_obtained":["NlothsMask"],"max_hp_gain":0,"max_hp_loss":0,"event_name":"FaceTrader","floor":12,"gold_loss":0},{"cards_removed":["Strike_B"],"damage_healed":0,"gold_gain":0,"player_choice":"Offered Basic","damage_taken":0,"max_hp_gain":0,"max_hp_loss":0,"event_name":"Bonfire Elementals","floor":14,"gold_loss":0}],"is_beta":false,"boss_relics":[],"items_purged_floors":[11],"is_endless":false,"potions_floor_spawned":[1,3],"killed_by":"Slime Boss","ascension_level":20}}