{"host":"z39atn33tyek63fd","time":1613596161,"event":{"mods":["BaseMod","Minty Spire (QoL Compilation)","everything is the same but u backflip on backflip"],"gold_per_floor":[15,26,26,26,39,72,52,77,102,115,192,192,219,232,232,304,304,324,324,312,326,326,352,352,387,387,415,433,433,444,471,471,543,543,556,258,275,275,287,287,302,302,302,318,318,318,331,345,345,345],"floor_reached":51,"language":"ENG","playtime":4988,"items_purged":["Defend_B"],"score":1220,"play_id":"50a75a60-96e0-42e7-bc49-5f8da2a896bf","local_time":"20210217150921","is_ascension_mode":true,"campfire_choices":[{"floor":12.0,"key":"REST"},{"floor":15.0,"key":"REST"},{"floor":24.0,"key":"REST"},{"data":"Buffer","floor":29.0,"key":"SMITH"},{"floor":32.0,"key":"REST"},{"data":"Hologram","floor":40.0,"key":"SMITH"},{"data":"Coolheaded","floor":42,"key":"SMITH"},{"floor":46,"key":"DIG"},{"floor":49,"key":"DIG"}],"circlet_count":0,"master_deck":["AscendersBane","Strike_B","Strike_B","Strike_B","Strike_B","Defend_B","Defend_B","Defend_B","Zap","Dualcast","Streamline","Steam","Conserve Battery","FTL","Defragment","Coolheaded+1","Electrodynamics","Hologram+1","Echo Form+1","Cold Snap","Genetic Algorithm","Turbo","Ball Lightning","Reinforced Body","Buffer+1","White Noise","Blizzard","Thunder Strike","Seek","Glacier+1","Steam+1","Genetic Algorithm","Go for the Eyes+1"],"relics":["FrozenCore","Bag of Preparation","Oddly Smooth Stone","Lantern","PreservedInsect","Nuclear Battery","Shovel","Eternal Feather","StrikeDummy","Du-Vu Doll","Bag of Marbles","Strawberry","Dream Catcher","Pocketwatch","Symbiotic Virus"],"acts_visited":["Exordium","TheCity","TheBeyond"],"potions_floor_usage":[41,50],"damage_taken":[{"damage":1.0,"enemies":"Cultist","floor":1.0,"turns":3.0},{"damage":2.0,"enemies":"Jaw Worm","floor":2.0,"turns":3.0},{"damage":1.0,"enemies":"2 Louse","floor":5.0,"turns":2.0},{"damage":32.0,"enemies":"Gremlin Nob","floor":6.0,"turns":4.0},{"damage":18.0,"enemies":"3 Sentries","floor":8.0,"turns":6.0},{"damage":0.0,"enemies":"Blue Slaver","floor":10.0,"turns":2.0},{"damage":7.0,"enemies":"Lagavulin","floor":13.0,"turns":7.0},{"damage":0.0,"enemies":"2 Fungi Beasts","floor":14.0,"turns":3.0},{"damage":7.0,"enemies":"Slime Boss","floor":16.0,"turns":10.0},{"damage":9.0,"enemies":"Spheric Guardian","floor":18.0,"turns":4.0},{"damage":12.0,"enemies":"2 Thieves","floor":20.0,"turns":5.0},{"damage":11.0,"enemies":"Centurion and Healer","floor":21.0,"turns":6.0},{"damage":28.0,"enemies":"Slavers","floor":23.0,"turns":6.0},{"damage":10.0,"enemies":"Book of Stabbing","floor":25.0,"turns":4.0},{"damage":0.0,"enemies":"Slavers","floor":27.0,"turns":2.0},{"damage":9.0,"enemies":"Snecko","floor":28.0,"turns":5.0},{"damage":0.0,"enemies":"Shelled Parasite and Fungi","floor":30.0,"turns":6.0},{"damage":40.0,"enemies":"Book of Stabbing","floor":31.0,"turns":6.0},{"damage":85.0,"enemies":"Champ","floor":33.0,"turns":18.0},{"damage":0.0,"enemies":"Orb Walker","floor":35.0,"turns":4.0},{"damage":16.0,"enemies":"3 Darklings","floor":37.0,"turns":4.0},{"damage":0.0,"enemies":"Sphere and 2 Shapes","floor":39.0,"turns":6.0},{"damage":7,"enemies":"Jaw Worm Horde","floor":41,"turns":5},{"damage":0,"enemies":"Transient","floor":44,"turns":5},{"damage":6,"enemies":"Writhing Mass","floor":47,"turns":11},{"damage":0,"enemies":"Maw","floor":48,"turns":8},{"damage":23,"enemies":"Time Eater","floor":50,"turns":14}],"seed_played":"-6943356261398213393","potions_obtained":[{"floor":2.0,"key":"Strength Potion"},{"floor":7.0,"key":"PowerPotion"},{"floor":8.0,"key":"Fire Potion"},{"floor":14.0,"key":"Regen Potion"},{"floor":16.0,"key":"FairyPotion"},{"floor":30.0,"key":"Weak Potion"},{"floor":33.0,"key":"Swift Potion"},{"floor":39.0,"key":"FearPotion"},{"floor":41,"key":"Energy Potion"}],"is_trial":false,"path_per_floor":["M","M","?","$","M","E","?","E","T","M","?","R","E","M","R","B",null,"M","?","M","M","?","E","R","E","T","E","M","R","M","E","R","B",null,"M","$","M","?","M","R","M","R","T","M","?","R","M","M","R","B",null],"character_chosen":"DEFECT","items_purchased":["Seek","Strawberry"],"campfire_rested":4,"item_purchase_floors":[36,36],"current_hp_per_floor":[81,79,79,79,78,46,46,28,28,28,28,54,47,47,73,66,83,74,74,62,51,51,38,64,54,54,54,45,60,60,20,61,18,71,71,78,62,62,62,80,73,91,91,91,91,96,90,90,96,73],"gold":345,"neow_bonus":"TWENTY_PERCENT_HP_BONUS","is_daily":false,"chose_seed":false,"campfire_upgraded":3,"win_rate":0.0,"timestamp":1613596161,"path_taken":["M","M","?","$","M","E","?","E","T","?","?","R","E","M","R","BOSS","M","?","M","M","?","E","R","E","T","E","M","R","M","E","R","BOSS","M","$","?","?","M","R","M","R","T","M","?","R","?","M","R","BOSS"],"items_purchased_type":["Card","Relic"],"build_version":"2020-12-22","purchased_purges":1,"victory":true,"max_hp_per_floor":[89,89,89,89,89,89,89,89,89,89,89,89,89,89,89,89,89,89,89,89,89,89,89,89,89,89,89,89,89,89,89,89,89,89,89,96,96,96,96,96,96,96,96,96,96,96,96,96,96,96],"card_choices":[{"not_picked":["Melter","Undo"],"picked":"Streamline","floor":1.0},{"not_picked":["Capacitor","Streamline"],"picked":"Steam","floor":2.0},{"not_picked":["Loop","Redo"],"picked":"Conserve Battery","floor":5.0},{"not_picked":["Steam","Auto Shields"],"picked":"FTL","floor":6.0},{"not_picked":["Leap","Ball Lightning"],"picked":"Defragment","floor":8.0},{"not_picked":["Compile Driver","FTL"],"picked":"Coolheaded","floor":10.0},{"not_picked":["Coolheaded","Streamline"],"picked":"Electrodynamics","floor":13.0},{"not_picked":["Gash","Barrage"],"picked":"Hologram","floor":14.0},{"not_picked":["All For One","Fission"],"picked":"Echo Form","floor":16.0},{"not_picked":["Compile Driver","Barrage"],"picked":"Cold Snap","floor":18.0},{"not_picked":["Force Field","Stack"],"picked":"Turbo","floor":20.0},{"not_picked":["Sweeping Beam","Electrodynamics"],"picked":"Ball Lightning","floor":21.0},{"not_picked":["Steam","Melter","Lockon"],"picked":"SKIP","floor":23.0},{"not_picked":["Loop","Leap"],"picked":"Reinforced Body","floor":25.0},{"not_picked":["Static Discharge","Sweeping Beam+1"],"picked":"Buffer","floor":27.0},{"not_picked":["Barrage","Sweeping Beam"],"picked":"White Noise","floor":28.0},{"not_picked":["Auto Shields","Turbo"],"picked":"Blizzard","floor":30.0},{"not_picked":["Sweeping Beam","Loop","Rip and Tear"],"picked":"SKIP","floor":31.0},{"not_picked":["Rainbow","Reboot"],"picked":"Thunder Strike","floor":33.0},{"not_picked":["Barrage","Sweeping Beam","Compile Driver+1"],"picked":"SKIP","floor":35.0},{"not_picked":["Hologram","White Noise"],"picked":"Glacier+1","floor":37.0},{"not_picked":["Redo+1","Go for the Eyes","Gash"],"picked":"SKIP","floor":39.0},{"not_picked":["Rebound","Lockon"],"picked":"Steam+1","floor":41},{"not_picked":["Reprogram","Conserve Battery","Cold Snap"],"picked":"SKIP","floor":44},{"not_picked":["Lockon","FTL"],"picked":"Go for the Eyes+1","floor":47},{"not_picked":["Hologram+1","Beam Cell+1","Reprogram"],"picked":"SKIP","floor":48}],"player_experience":807435,"relics_obtained":[{"floor":6.0,"key":"Bag of Preparation"},{"floor":8.0,"key":"Oddly Smooth Stone"},{"floor":9.0,"key":"Lantern"},{"floor":13.0,"key":"PreservedInsect"},{"floor":23.0,"key":"Shovel"},{"floor":25.0,"key":"Eternal Feather"},{"floor":26.0,"key":"StrikeDummy"},{"floor":27.0,"key":"Du-Vu Doll"},{"floor":31.0,"key":"Bag of Marbles"},{"floor":43,"key":"Dream Catcher"},{"floor":46,"key":"Pocketwatch"},{"floor":49,"key":"Symbiotic Virus"}],"event_choices":[{"damage_healed":0.0,"max_hp_gain":0.0,"max_hp_loss":0.0,"gold_gain":0.0,"event_name":"Golden Idol","player_choice":"Ignored","floor":3.0,"gold_loss":0.0,"damage_taken":0.0},{"damage_healed":0.0,"max_hp_gain":0.0,"max_hp_loss":0.0,"gold_gain":0.0,"event_name":"The Woman in Blue","player_choice":"Bought 1 Potion","floor":7.0,"gold_loss":0.0,"damage_taken":0.0},{"damage_healed":0.0,"max_hp_gain":0.0,"max_hp_loss":0.0,"gold_gain":77.0,"event_name":"Golden Wing","player_choice":"Gained Gold","floor":11.0,"gold_loss":0.0,"damage_taken":0.0},{"damage_healed":0.0,"max_hp_gain":0.0,"max_hp_loss":0.0,"gold_gain":0.0,"event_name":"The Library","player_choice":"Read","floor":19.0,"gold_loss":0.0,"damage_taken":0.0,"cards_obtained":["Genetic Algorithm"]},{"damage_healed":0.0,"max_hp_gain":0.0,"max_hp_loss":0.0,"gold_gain":0.0,"event_name":"Upgrade Shrine","player_choice":"Upgraded","floor":22.0,"gold_loss":0.0,"damage_taken":0.0,"cards_upgraded":["Echo Form"]},{"damage_healed":0.0,"max_hp_gain":0.0,"max_hp_loss":0.0,"gold_gain":0.0,"event_name":"Tomb of Lord Red Mask","player_choice":"Ignored","floor":38.0,"gold_loss":0.0,"damage_taken":0.0},{"damage_healed":0,"gold_gain":0,"player_choice":"Copied","damage_taken":0,"max_hp_gain":0,"max_hp_loss":0,"event_name":"Duplicator","floor":45,"gold_loss":0,"cards_obtained":["Genetic Algorithm"]}],"is_beta":false,"boss_relics":[{"not_picked":["Snecko Eye","Empty Cage"],"picked":"Nuclear Battery"},{"not_picked":["Runic Pyramid","Cursed Key"],"picked":"FrozenCore"}],"items_purged_floors":[36],"is_endless":false,"potions_floor_spawned":[2,8,14,16,18,20,30,33,39,41,48],"ascension_level":13}}