{"host":"q50ttuv713gicbhz","time":1613550258,"event":{"mods":["AchievementEnabler","BaseMod","Bestiary","Minty Spire (QoL Compilation)"],"gold_per_floor":[112,130,130,148,159,191,209,223,223,103,103,103,103,54,54,150,150,167,179,191,191,120,120,120,70,70,70,70,70],"floor_reached":28,"language":"ENG","playtime":1511,"items_purged":["Strike_B"],"score":238,"play_id":"4e618dc6-652a-4bf8-b0f3-240b09fb4192","local_time":"20210217102418","is_ascension_mode":false,"campfire_choices":[{"data":"Hologram","floor":11,"key":"SMITH"},{"data":"Gash","floor":13,"key":"SMITH"},{"floor":15,"key":"REST"},{"floor":23,"key":"REST"}],"circlet_count":0,"master_deck":["Strike_B+1","Strike_B+1","Strike_B+1","Defend_B+1","Defend_B+1","Defend_B+1","Defend_B+1","Zap","Dualcast","Deep Breath","Gash+1","Cold Snap","Beam Cell+1","Conserve Battery","Lockon","Hologram+1","Coolheaded","Rebound","Gash","Buffer","Redo+1","Aggregate","Coolheaded","Melter"],"relics":["FrozenCore","Anchor","Potion Belt","Mummified Hand"],"acts_visited":["Exordium","TheCity"],"potions_floor_usage":[16,18,24,28],"damage_taken":[{"damage":1,"enemies":"Cultist","floor":1,"turns":3},{"damage":1,"enemies":"2 Louse","floor":2,"turns":2},{"damage":0,"enemies":"Small Slimes","floor":4,"turns":3},{"damage":15,"enemies":"3 Louse","floor":5,"turns":3},{"damage":31,"enemies":"Gremlin Nob","floor":6,"turns":4},{"damage":0,"enemies":"Blue Slaver","floor":7,"turns":3},{"damage":1,"enemies":"Exordium Thugs","floor":8,"turns":4},{"damage":11,"enemies":"Hexaghost","floor":16,"turns":10},{"damage":12,"enemies":"3 Byrds","floor":18,"turns":6},{"damage":15,"enemies":"Shell Parasite","floor":19,"turns":7},{"damage":22,"enemies":"Snecko","floor":20,"turns":8},{"damage":0,"enemies":"Slavers","floor":24,"turns":1},{"damage":25,"enemies":"Gremlin Leader","floor":28,"turns":6}],"seed_played":"6283381607258356523","potions_obtained":[{"floor":1,"key":"Weak Potion"},{"floor":4,"key":"Weak Potion"},{"floor":5,"key":"SmokeBomb"},{"floor":8,"key":"Explosive Potion"},{"floor":18,"key":"Fire Potion"},{"floor":20,"key":"Dexterity Potion"}],"is_trial":false,"path_per_floor":["M","M","?","M","M","E","M","M","T","$","R","?","R","$","R","B",null,"M","M","M","?","$","R","E","$","T","?","E"],"character_chosen":"DEFECT","items_purchased":["Rebound","Gash","Melter","FocusPotion"],"campfire_rested":2,"item_purchase_floors":[10,14,22,25],"current_hp_per_floor":[74,73,73,73,58,27,27,26,26,26,26,26,26,26,48,37,75,63,48,26,26,26,48,48,48,48,34,9,9],"gold":70,"neow_bonus":"RANDOM_COLORLESS","is_daily":false,"chose_seed":false,"campfire_upgraded":2,"win_rate":0.0,"timestamp":1613550258,"path_taken":["M","M","?","M","M","E","?","M","T","$","R","?","R","$","R","BOSS","M","M","M","?","$","R","E","$","T","?","E"],"items_purchased_type":["Card","Card","Card","Potion"],"build_version":"2020-12-22","purchased_purges":1,"victory":false,"max_hp_per_floor":[75,75,75,75,75,75,75,75,75,75,75,75,75,75,75,75,75,75,75,75,75,75,75,75,75,75,80,80,80],"card_choices":[{"not_picked":["Swift Strike","Jack Of All Trades"],"picked":"Deep Breath","floor":0},{"not_picked":["Darkness","Conserve Battery"],"picked":"Gash","floor":1},{"not_picked":["Turbo","Fusion"],"picked":"Cold Snap","floor":2},{"not_picked":["Capacitor","Scrape"],"picked":"Beam Cell","floor":4},{"not_picked":["Consume","Reinforced Body"],"picked":"Conserve Battery","floor":5},{"not_picked":["Fusion","Barrage"],"picked":"Lockon","floor":6},{"not_picked":["Storm","Heatsinks"],"picked":"Hologram","floor":7},{"not_picked":["Darkness","Rebound"],"picked":"Coolheaded","floor":8},{"not_picked":["Biased Cognition","Core Surge"],"picked":"Buffer","floor":16},{"not_picked":["Cold Snap","Barrage+1"],"picked":"Redo+1","floor":18},{"not_picked":["Go for the Eyes","Compile Driver"],"picked":"Aggregate","floor":19},{"not_picked":["Darkness","Barrage+1"],"picked":"Coolheaded","floor":20}],"player_experience":112982,"relics_obtained":[{"floor":6,"key":"Anchor"},{"floor":9,"key":"Potion Belt"},{"floor":26,"key":"Mummified Hand"}],"event_choices":[{"damage_healed":0,"gold_gain":0,"player_choice":"Ignored","damage_taken":0,"max_hp_gain":0,"max_hp_loss":0,"event_name":"NoteForYourself","floor":3,"gold_loss":0},{"damage_healed":0,"gold_gain":0,"player_choice":"Grow","damage_taken":0,"max_hp_gain":0,"max_hp_loss":0,"event_name":"Living Wall","floor":12,"gold_loss":0,"cards_upgraded":["Beam Cell"]},{"damage_healed":0,"gold_gain":0,"player_choice":"Simplicity","damage_taken":0,"max_hp_gain":0,"max_hp_loss":0,"event_name":"Back to Basics","floor":21,"gold_loss":0,"cards_upgraded":["Strike_B","Strike_B","Strike_B","Defend_B","Defend_B","Defend_B","Defend_B"]},{"damage_healed":0,"gold_gain":0,"player_choice":"Shed Blood","damage_taken":19,"max_hp_gain":5,"max_hp_loss":0,"event_name":"Forgotten Altar","floor":27,"gold_loss":0}],"is_beta":false,"boss_relics":[{"not_picked":["Cursed Key","Calling Bell"],"picked":"FrozenCore"}],"items_purged_floors":[10],"is_endless":false,"potions_floor_spawned":[1,4,5,8,18,20],"killed_by":"Gremlin Leader","ascension_level":0}}