{"host":"pjs3onqg3oojtp5b","time":1613577921,"event":{"mods":["2.2 Compatiblity","AchievementEnabler","Act Like it!","BaseMod","Better Match","Better Third Choice","Colored Powertips","DeckTracker","Downfall","Highlight Path","Minty Spire (QoL Compilation)","StSLib"],"gold_per_floor":[99,112,122,139,152,152,152,165,165,198,198,209,263,279,295,393,393,393,408,408,249,271,289,314,363,385,385,418,34,34,17,51,165,165,65,94,202,234,34,53,62,92,92,139,148,179,79,91,120,120],"floor_reached":51,"language":"ENG","playtime":7218,"items_purged":["hexamod:Strike"],"score":757,"play_id":"b92fc64e-cc8d-4dee-a9eb-93e30d5c623b","local_time":"20210217170521","is_ascension_mode":false,"campfire_choices":[{"data":"hexamod:Sear","floor":1.0,"key":"SMITH"},{"data":"hexamod:FastForward","floor":6.0,"key":"SMITH"},{"data":"hexamod:ChargedBarrage","floor":9.0,"key":"SMITH"},{"data":"hexamod:ThermalTransfer","floor":11.0,"key":"SMITH"},{"floor":18.0,"key":"RECALL"},{"floor":27.0,"key":"REST"},{"floor":30.0,"key":"REST"},{"floor":35,"key":"REST"},{"floor":43,"key":"REST"},{"floor":47,"key":"REST"}],"circlet_count":0,"master_deck":["hexamod:Strike","hexamod:Strike","hexamod:Strike","hexamod:Defend","hexamod:Defend+1","hexamod:Defend+1","hexamod:Defend","hexamod:Sear+1","hexamod:Float","hexamod:ThermalTransfer+1","hexamod:FastForward+1","hexamod:ChargedBarrage+1","hexamod:InspiringFlames","hexamod:TimeWarp+1","hexamod:HeatMetal","hexamod:Hexaguard+1","hexamod:TimeOfNeed","hexamod:InspiringFlames","hexamod:SecondSeal","hexamod:HauntingEcho","hexamod:InspiringFlames","hexamod:StepThrough","hexamod:AdvancingGuard+1","hexamod:BurningTouch+1","expansioncontent:QuickStudy+1","hexamod:StepThrough+1","hexamod:FastForward+1","hexamod:TurnItUp","hexamod:ExtraCrispy","hexamod:HauntingEcho","hexamod:EmpoweredFlame","hexamod:SixthSeal","hexamod:FastForward+1","hexamod:GhostflameBarrier+1","expansioncontent:QuickStudy","hexamod:FastForward","Writhe","hexamod:RainOfEmbers+1","hexamod:HeatMetal+1","expansioncontent:AwakenDeath+1","Parasite","hexamod:PhantomCloak+1","hexamod:RainOfEmbers+1"],"relics":["hexamod:SpiritBrand","Akabeko","StrikeDummy","Happy Flower","Fusion Hammer","Bag of Preparation","CeramicFish","War Paint","Chemical X","Cursed Key","downfall:HeartBlessingRed","downfall:GremlinWheel","Bottled Tornado","downfall:HeartBlessingGreen"],"acts_visited":["Exordium","TheCity","TheBeyond"],"potions_floor_usage":[31],"damage_taken":[{"damage":0.0,"enemies":"Cultist","floor":2.0,"turns":3.0},{"damage":0.0,"enemies":"Small Slimes","floor":3.0,"turns":4.0},{"damage":1.0,"enemies":"Jaw Worm","floor":4.0,"turns":3.0},{"damage":0.0,"enemies":"Lots of Slimes","floor":5.0,"turns":3.0},{"damage":2.0,"enemies":"Large Slime","floor":8.0,"turns":3.0},{"damage":13.0,"enemies":"Gremlin Nob","floor":10.0,"turns":3.0},{"damage":0.0,"enemies":"downfall:LooterAlt","floor":12.0,"turns":4.0},{"damage":4.0,"enemies":"Exordium Wildlife","floor":14.0,"turns":3.0},{"damage":1.0,"enemies":"3 Louse","floor":15.0,"turns":3.0},{"damage":24.0,"enemies":"WA_ARCHETYPE_RETAIN","floor":16.0,"turns":7.0},{"damage":0.0,"enemies":"Shell Parasite","floor":19.0,"turns":3.0},{"damage":0.0,"enemies":"downfall:FleeingMerchant","floor":21.0,"turns":4.0},{"damage":12.0,"enemies":"3 Byrds","floor":22.0,"turns":4.0},{"damage":2.0,"enemies":"Centurion and Healer","floor":23.0,"turns":5.0},{"damage":1.0,"enemies":"Book of Stabbing","floor":25.0,"turns":5.0},{"damage":8.0,"enemies":"Shelled Parasite and Fungi","floor":26.0,"turns":4.0},{"damage":0.0,"enemies":"Snecko","floor":28.0,"turns":4.0},{"damage":0.0,"enemies":"downfall:FleeingMerchant","floor":29.0,"turns":4.0},{"damage":15,"enemies":"downfall:FleeingMerchant","floor":31,"turns":4},{"damage":0,"enemies":"Sentry and Sphere","floor":32,"turns":5},{"damage":29,"enemies":"DF_ARCHETYPE_CLAW","floor":33,"turns":7},{"damage":2,"enemies":"Orb Walker","floor":36,"turns":5},{"damage":3,"enemies":"Orb Walker","floor":37,"turns":3},{"damage":9,"enemies":"3 Darklings","floor":38,"turns":4},{"damage":19,"enemies":"Spire Growth","floor":40,"turns":5},{"damage":37,"enemies":"Jaw Worm Horde","floor":42,"turns":5},{"damage":13,"enemies":"Giant Head","floor":44,"turns":7},{"damage":16,"enemies":"Writhing Mass","floor":46,"turns":5},{"damage":5,"enemies":"Transient","floor":48,"turns":5},{"damage":15,"enemies":"3 Darklings","floor":49,"turns":4},{"damage":15,"enemies":"IC_BLOCK_ARCHETYPE","floor":50,"turns":7}],"seed_played":"8719086397820383288","potions_obtained":[{"floor":4.0,"key":"Explosive Potion"},{"floor":10.0,"key":"Weak Potion"},{"floor":12.0,"key":"Weak Potion"},{"floor":14.0,"key":"FearPotion"},{"floor":15.0,"key":"Strength Potion"},{"floor":16.0,"key":"EntropicBrew"},{"floor":19.0,"key":"PowerPotion"},{"floor":20.0,"key":"Fruit Juice"},{"floor":20.0,"key":"PowerPotion"},{"floor":20.0,"key":"DuplicationPotion"},{"floor":26.0,"key":"CultistPotion"},{"floor":36,"key":"Block Potion"}],"is_trial":false,"path_per_floor":["R","M","M","M","M","R","T","M","R","E","R","M","T","M","M","B",null,"R","M","?","$","M","M","T","E","M","R","M","$","R","$","M","B",null,"R","M","?","M","$","M","T","M","R","E","?","M","R","M","M","B",null],"character_chosen":"THE_SPIRIT","items_purchased":["hexamod:SecondSeal","War Paint","expansioncontent:QuickStudy","hexamod:StepThrough","Chemical X","hexamod:TurnItUp","hexamod:ExtraCrispy","hexamod:HauntingEcho","expansioncontent:QuickStudy","hexamod:FastForward"],"campfire_rested":5,"item_purchase_floors":[21,29,29,29,31,31,31,31,39,39],"current_hp_per_floor":[77,77,77,76,76,76,76,74,74,61,61,61,61,57,56,32,77,77,77,82,82,70,68,68,67,59,82,82,82,82,67,67,38,82,82,80,77,68,68,49,49,12,82,69,69,53,77,72,57,42],"gold":120,"neow_bonus":"TEN_PERCENT_HP_BONUS","is_daily":false,"chose_seed":false,"campfire_upgraded":4,"win_rate":0.0,"timestamp":1613577921,"path_taken":["R","M","M","M","M","R","T","M","R","E","R","M","?","M","M","BOSS","R","M","?","$","?","?","T","E","?","R","M","?","R","$","M","BOSS","R","M","?","M","$","?","T","M","R","E","?","M","R","M","M","BOSS"],"items_purchased_type":["Card","Relic","Card","Card","Relic","Card","Card","Card","Card","Card"],"build_version":"2020-12-22","purchased_purges":1,"victory":true,"max_hp_per_floor":[77,77,77,77,77,77,77,77,77,77,77,77,77,77,77,77,77,77,77,82,82,82,82,82,82,82,82,82,82,82,82,82,82,82,82,82,82,82,82,82,82,82,82,82,82,82,82,82,82,82],"card_choices":[{"not_picked":["hexamod:InspiringFlames","hexamod:HauntingEcho"],"picked":"hexamod:ThermalTransfer","floor":2.0},{"not_picked":["hexamod:HeatCrush","hexamod:BacktrackSmack"],"picked":"hexamod:FastForward","floor":3.0},{"not_picked":["hexamod:Again","hexamod:RecurringNightmare"],"picked":"hexamod:ChargedBarrage","floor":4.0},{"not_picked":["hexamod:NightmareStrike","hexamod:GhostLash","hexamod:PhantomFireball"],"picked":"SKIP","floor":5.0},{"not_picked":["hexamod:Rewind","hexamod:PhantomFireball","hexamod:HauntingEcho"],"picked":"SKIP","floor":8.0},{"not_picked":["hexamod:SpectersWail","hexamod:ShieldOfDarkness"],"picked":"hexamod:InspiringFlames","floor":10.0},{"not_picked":["hexamod:ThermalTransfer","hexamod:NightmareStrike"],"picked":"hexamod:TimeWarp","floor":12.0},{"not_picked":["hexamod:InspiringFlames","hexamod:SkipABeat"],"picked":"hexamod:HeatMetal","floor":14.0},{"not_picked":["hexamod:AdvancingGuard","hexamod:SpectralAdrenaline"],"picked":"hexamod:Hexaguard","floor":15.0},{"not_picked":["hexamod:TurnItUp","hexamod:FifthSeal"],"picked":"hexamod:TimeOfNeed","floor":16.0},{"not_picked":["hexamod:SwordOfDarkness","hexamod:CatchUp","hexamod:GhostLash+1"],"picked":"SKIP","floor":19.0},{"not_picked":["hexamod:Rewind","hexamod:FastForward"],"picked":"hexamod:InspiringFlames","floor":21.0},{"not_picked":["hexamod:SwordOfDarkness","hexamod:NightmareStrike"],"picked":"hexamod:HauntingEcho","floor":22.0},{"not_picked":["hexamod:GhostShield","hexamod:SwordOfDarkness"],"picked":"hexamod:InspiringFlames","floor":23.0},{"not_picked":["hexamod:PhantomFireball","hexamod:HeatCrush+1"],"picked":"hexamod:StepThrough","floor":25.0},{"not_picked":["hexamod:HeatCrush","hexamod:Firestarter","hexamod:RetreatToShadows"],"picked":"SKIP","floor":26.0},{"not_picked":["hexamod:Incineration+1","hexamod:CatchUp"],"picked":"hexamod:AdvancingGuard+1","floor":28.0},{"not_picked":["hexamod:RecurringNightmare+1","hexamod:SpectersWail"],"picked":"hexamod:BurningTouch","floor":29.0},{"not_picked":["hexamod:BacktrackSmack","hexamod:ShieldOfDarkness"],"picked":"hexamod:FastForward+1","floor":31},{"not_picked":["hexamod:FastForward","hexamod:HeatCrush+1"],"picked":"hexamod:EmpoweredFlame","floor":32},{"not_picked":["hexamod:GhostflameInferno","hexamod:TimeOfNeed"],"picked":"hexamod:SixthSeal","floor":33},{"not_picked":["hexamod:NightmareStrike","hexamod:Incineration"],"picked":"hexamod:FastForward+1","floor":36},{"not_picked":["hexamod:HeatMetal","hexamod:SwordOfDarkness+1"],"picked":"hexamod:GhostflameBarrier+1","floor":38},{"not_picked":["hexamod:RetreatToShadows","hexamod:SpectersWail","hexamod:Firestarter+1"],"picked":"SKIP","floor":40},{"not_picked":["hexamod:HeatMetal+1","hexamod:GhostOfSpireFuture+1"],"picked":"hexamod:RainOfEmbers+1","floor":42},{"not_picked":["hexamod:GhostShield","hexamod:RecurringNightmare+1"],"picked":"hexamod:HeatMetal+1","floor":44},{"not_picked":["expansioncontent:GuardianWhirl","expansioncontent:InvincibleStrength"],"picked":"expansioncontent:AwakenDeath","floor":45},{"not_picked":["hexamod:AdvancingGuard","hexamod:HauntingEcho"],"picked":"hexamod:PhantomCloak+1","floor":46},{"not_picked":["hexamod:BurningTouch+1","hexamod:GhostOfSpirePast","hexamod:SwordOfDarkness+1"],"picked":"SKIP","floor":48},{"not_picked":["hexamod:ThermalTransfer","hexamod:ThirdSeal"],"picked":"hexamod:RainOfEmbers+1","floor":49}],"player_experience":351919,"relics_obtained":[{"floor":7.0,"key":"Akabeko"},{"floor":10.0,"key":"StrikeDummy"},{"floor":13.0,"key":"Happy Flower"},{"floor":24.0,"key":"Bag of Preparation"},{"floor":25.0,"key":"CeramicFish"},{"floor":37,"key":"downfall:GremlinWheel"},{"floor":44,"key":"Bottled Tornado"}],"event_choices":[{"damage_healed":0.0,"max_hp_gain":0.0,"max_hp_loss":0.0,"gold_gain":0.0,"event_name":"Lab","player_choice":"Got Potions","floor":20.0,"gold_loss":0.0,"damage_taken":0.0},{"damage_healed":70,"gold_gain":0,"player_choice":"Full Heal","damage_taken":0,"max_hp_gain":0,"max_hp_loss":0,"event_name":"Wheel of Change","floor":43,"gold_loss":0}],"is_beta":false,"boss_relics":[{"not_picked":["Velvet Choker","Snecko Eye"],"picked":"Fusion Hammer"},{"not_picked":["Black Star","Philosopher\u0027s Stone"],"picked":"Cursed Key"}],"items_purged_floors":[21],"is_endless":false,"potions_floor_spawned":[4,10,12,14,15,16,19,23,26,28,36,42,44,48,49],"ascension_level":0}}