{"host":"vyjryxuuuxkt43k4","time":1613550294,"event":{"mods":["AchievementEnabler","BaseMod","Colored Map","DeckTracker","Keyboard Shortcuts","Minty Spire (QoL Compilation)","Permanent Neow","Quick Restart","StSLib","SuperFastMode","everything is the same but u backflip on backflip"],"gold_per_floor":[113,38,56,56,56,88,88,88,134,160,160,173,202,222,222,222,222],"floor_reached":16,"language":"KOR","playtime":1490,"items_purged":["Clumsy"],"score":236,"play_id":"843e04a6-7560-4a4a-bc93-42dcb9384887","local_time":"20210217172454","is_ascension_mode":true,"campfire_choices":[{"data":"Corruption","floor":7,"key":"SMITH"},{"floor":11,"key":"REST"},{"data":"Exhume","floor":15,"key":"SMITH"}],"circlet_count":0,"master_deck":["AscendersBane","Strike_R","Strike_R","Defend_R","Defend_R","Defend_R","Defend_R","Bash","Clash","Warcry","Pommel Strike","Sword Boomerang","Corruption+1","Ghostly Armor","Exhume+1","Second Wind"],"relics":["Burning Blood","Torii","Omamori","Magic Flower","Prayer Wheel"],"acts_visited":["Exordium"],"potions_floor_usage":[6,10,10,13,13,13],"damage_taken":[{"damage":11,"enemies":"2 Louse","floor":1,"turns":2},{"damage":4,"enemies":"Small Slimes","floor":3,"turns":3},{"damage":67,"enemies":"Gremlin Nob","floor":6,"turns":5},{"damage":10,"enemies":"Lagavulin","floor":10,"turns":5},{"damage":6,"enemies":"Cultist","floor":12,"turns":4},{"damage":35,"enemies":"Gremlin Nob","floor":13,"turns":5},{"damage":1,"enemies":"3 Louse","floor":14,"turns":4},{"damage":46,"enemies":"The Guardian","floor":16,"turns":10}],"seed_played":"-9066440731848514043","potions_obtained":[{"floor":1,"key":"Regen Potion"},{"floor":6,"key":"AttackPotion"},{"floor":8,"key":"Ancient Potion"},{"floor":12,"key":"EntropicBrew"}],"is_trial":false,"path_per_floor":["M","$","M","?","?","E","R","?","T","E","R","M","E","M","R","B"],"character_chosen":"IRONCLAD","items_purchased":[],"campfire_rested":1,"item_purchase_floors":[],"current_hp_per_floor":[63,63,65,65,70,18,18,18,18,14,38,41,37,45,45,0,0],"gold":222,"neow_bonus":"TRANSFORM_TWO_CARDS","is_daily":false,"chose_seed":false,"campfire_upgraded":2,"win_rate":0.0,"timestamp":1613550294,"path_taken":["M","$","M","?","?","E","R","?","T","E","R","M","E","M","R","BOSS"],"items_purchased_type":[],"build_version":"2020-12-22","purchased_purges":1,"victory":false,"max_hp_per_floor":[75,75,75,75,80,80,80,80,80,80,80,80,80,80,80,80,80],"card_choices":[{"not_picked":["Body Slam","Perfected Strike"],"picked":"Pommel Strike","floor":1},{"not_picked":["Clothesline","Iron Wave"],"picked":"Sword Boomerang","floor":3},{"not_picked":["Shrug It Off","Wild Strike"],"picked":"Corruption","floor":6},{"not_picked":["Iron Wave","Headbutt","Flex"],"picked":"SKIP","floor":10},{"not_picked":["Thunderclap","Perfected Strike"],"picked":"Ghostly Armor","floor":12},{"not_picked":["Sword Boomerang","Anger","True Grit"],"picked":"SKIP","floor":13},{"not_picked":["Thunderclap","Heavy Blade"],"picked":"Exhume","floor":14},{"not_picked":["Twin Strike","Wild Strike"],"picked":"Second Wind","floor":14}],"player_experience":1015822,"relics_obtained":[{"floor":6,"key":"Torii"},{"floor":9,"key":"Omamori"},{"floor":10,"key":"Magic Flower"},{"floor":13,"key":"Prayer Wheel"}],"event_choices":[{"cards_removed":["Strike_R"],"damage_healed":0,"gold_gain":0,"player_choice":"Forget","damage_taken":0,"max_hp_gain":0,"max_hp_loss":0,"event_name":"Living Wall","floor":4,"gold_loss":0},{"damage_healed":0,"gold_gain":0,"player_choice":"Donut","damage_taken":0,"max_hp_gain":5,"max_hp_loss":0,"event_name":"Big Fish","floor":5,"gold_loss":0},{"damage_healed":0,"gold_gain":0,"player_choice":"Got Potions","damage_taken":0,"max_hp_gain":0,"max_hp_loss":0,"event_name":"Lab","floor":8,"gold_loss":0}],"is_beta":false,"boss_relics":[],"items_purged_floors":[2],"is_endless":false,"potions_floor_spawned":[1,6,12],"killed_by":"The Guardian","ascension_level":20}}