{"host":"684z1xpuwaoqmmh1","time":1613558359,"event":{"mods":["A Magickal Journey","BaseMod","Downfall","Hermit","Jorbs\u0027s Wanderer Trilogy","Marisa????????","Minty Spire (QoL Compilation)","Robot Space Explorer","Shade Mod","StSLib","The Bug Knight","The Dragon Tamer","The Elementalist","The Hayseed","The Hierophant","The Marked","The Mystic","The Runesmith","The Saiyan","The Senshi","The Spell Scribe","The Vixen","TheBandit","TheFirefly"],"gold_per_floor":[117,127,147,167,184,184,215,215,215,241,252,32,32,52,52,152,152,167,92,142,142,127,127,127,127],"floor_reached":24,"language":"ENG","playtime":990,"items_purged":["Runesmith:Strike_RS"],"score":312,"play_id":"35115be1-31e8-4a48-a3c9-097fddf2d2bc","local_time":"20210217123919","is_ascension_mode":true,"campfire_choices":[{"data":"Runesmith:CraftFirestone","floor":6,"key":"SMITH"},{"data":"Runesmith:LightningRod","floor":8,"key":"SMITH"},{"data":"Runesmith:Firestorm","floor":13,"key":"SMITH"},{"data":"Runesmith:HeatedChisel","floor":15,"key":"SMITH"},{"floor":23,"key":"REST"}],"circlet_count":0,"master_deck":["AscendersBane","Runesmith:Strike_RS+1","Runesmith:Strike_RS","Runesmith:Defend_RS","Runesmith:Defend_RS","Runesmith:Defend_RS","Runesmith:Defend_RS+1","Runesmith:CraftFirestone+1","Runesmith:Fortify+1","Good Instincts","Runesmith:CraftIncendium","Runesmith:ChiselStab","Runesmith:RuneHurl","Runesmith:LightningRod+1","Runesmith:HeatedChisel+1","Runesmith:Firestorm+1","Runesmith:Supernova","Runesmith:ChaoticBlast","Runesmith:CraftMagma+1"],"relics":["Runesmith:BrokenRuby","Potion Belt","Pantograph","Blue Candle","champ:Barbells","Philosopher\u0027s Stone"],"acts_visited":["Exordium","TheCity"],"potions_floor_usage":[5,7,11,18,18],"damage_taken":[{"damage":1,"enemies":"Cultist","floor":1,"turns":4},{"damage":0,"enemies":"2 Louse","floor":2,"turns":3},{"damage":1,"enemies":"Small Slimes","floor":3,"turns":4},{"damage":7,"enemies":"Exordium Wildlife","floor":4,"turns":5},{"damage":0,"enemies":"Looter","floor":5,"turns":3},{"damage":17,"enemies":"Lagavulin","floor":7,"turns":7},{"damage":7,"enemies":"3 Sentries","floor":10,"turns":5},{"damage":10,"enemies":"Lots of Slimes","floor":11,"turns":4},{"damage":0,"enemies":"Blue Slaver","floor":14,"turns":4},{"damage":4,"enemies":"The Guardian","floor":16,"turns":12},{"damage":36,"enemies":"3 Byrds","floor":18,"turns":8},{"damage":18,"enemies":"2 Thieves","floor":22,"turns":4},{"damage":61,"enemies":"Slavers","floor":24,"turns":4}],"seed_played":"-4714498536106513616","potions_obtained":[{"floor":1,"key":"Swift Potion"},{"floor":3,"key":"Swift Potion"},{"floor":4,"key":"Swift Potion"},{"floor":11,"key":"GamblersBrew"},{"floor":14,"key":"Weak Potion"},{"floor":16,"key":"sneckomod:MuddlingPotion"}],"is_trial":false,"path_per_floor":["M","M","M","M","M","R","E","R","T","E","M","$","R","M","R","B",null,"M","?","?","?","M","R","E"],"character_chosen":"RUNESMITH_CLASS","items_purchased":["champ:Barbells"],"campfire_rested":1,"item_purchase_floors":[12],"current_hp_per_floor":[62,62,61,54,54,54,37,37,37,30,20,20,20,20,20,41,63,27,27,27,50,32,53,0,0],"gold":127,"neow_bonus":"RANDOM_COLORLESS","is_daily":false,"chose_seed":false,"campfire_upgraded":4,"win_rate":0.0,"timestamp":1613558359,"path_taken":["M","M","M","?","?","R","E","R","T","E","M","$","R","M","R","BOSS","M","?","?","?","M","R","E"],"items_purchased_type":["Relic"],"build_version":"2020-12-22","purchased_purges":1,"victory":false,"max_hp_per_floor":[70,70,70,70,70,70,70,70,70,70,70,70,70,70,70,70,70,70,70,70,70,70,70,70,70],"card_choices":[{"not_picked":["Forethought","Enlightenment"],"picked":"Good Instincts","floor":0},{"not_picked":["Runesmith:Empowerment","Runesmith:CraftMagma"],"picked":"Runesmith:CraftIncendium","floor":1},{"not_picked":["Runesmith:ElementalConversion","Runesmith:EarthShield"],"picked":"Runesmith:ChiselStab","floor":2},{"not_picked":["Runesmith:Prism","Runesmith:Attraction","Runesmith:MakeshiftArmor"],"picked":"SKIP","floor":3},{"not_picked":["Runesmith:ChiselStab","Runesmith:CraftMagma"],"picked":"Runesmith:RuneHurl","floor":4},{"not_picked":["Runesmith:WhiteBalance","Runesmith:RuneHurl","Runesmith:Malloc"],"picked":"SKIP","floor":5},{"not_picked":["Runesmith:ShiftingStrike","Runesmith:UnstableHammer"],"picked":"Runesmith:LightningRod","floor":7},{"not_picked":["Runesmith:CraftProtectio","Runesmith:RuneHurl"],"picked":"Runesmith:HeatedChisel","floor":10},{"not_picked":["Runesmith:WhiteBalance","Runesmith:ElementalConversion"],"picked":"Runesmith:Firestorm","floor":11},{"not_picked":["Runesmith:StaticCage","Runesmith:Electrocute","Runesmith:MakeshiftArmor"],"picked":"SKIP","floor":14},{"not_picked":["Runesmith:FissionHammer","Runesmith:GenerateForcefield"],"picked":"Runesmith:Supernova","floor":16},{"not_picked":["Runesmith:ChiselStab","Runesmith:Electrocute"],"picked":"Runesmith:ChaoticBlast","floor":18},{"not_picked":["Runesmith:Electrocute","Runesmith:Malloc"],"picked":"Runesmith:CraftMagma+1","floor":22}],"player_experience":3322123,"relics_obtained":[{"floor":7,"key":"Potion Belt"},{"floor":9,"key":"Pantograph"},{"floor":10,"key":"Blue Candle"}],"event_choices":[{"cards_removed":["Runesmith:Strike_RS"],"damage_healed":0,"gold_gain":0,"player_choice":"Gave Gold","damage_taken":0,"max_hp_gain":0,"max_hp_loss":0,"event_name":"Beggar","floor":19,"gold_loss":75},{"damage_healed":23,"gold_gain":0,"player_choice":"Heal","damage_taken":0,"max_hp_gain":0,"max_hp_loss":0,"event_name":"The Library","floor":21,"gold_loss":0}],"is_beta":false,"boss_relics":[{"not_picked":["Snecko Eye","Tiny House"],"picked":"Philosopher\u0027s Stone"}],"items_purged_floors":[12],"is_endless":false,"potions_floor_spawned":[1,3,4,11,14,16],"killed_by":"Slavers","ascension_level":10}}