{"host":"f5gffvlv6a66yqkd","time":1613603931,"event":{"mods":["2.2 Compatiblity","BaseMod","Colored Map","Custom Start","DeckTracker","Keyboard Shortcuts","Minty Spire (QoL Compilation)","Permanent Neow","Quick Restart","Relic Stats","StSLib","SuperFastMode"],"gold_per_floor":[114,126,146,158,178,178,208,208,232,245,257,257,257,301,301,394,394,418,418,433,433,452,452,495,420,420,441,441,74,93,113,113,206,206,229,562,574,574,589,589,260,274,274,75,91,117,137,137,137,137,137,137,6,35,35],"floor_reached":56,"language":"KOR","playtime":2069,"items_purged":["Defend_P","Defend_P","SashWhip+1"],"score":1831,"play_id":"6522d43e-4399-484f-b361-3a1a86ab1a3d","local_time":"20210218081851","is_ascension_mode":true,"campfire_choices":[{"data":"Eruption","floor":6.0,"key":"SMITH"},{"floor":13.0,"key":"REST"},{"data":"Wallop","floor":15.0,"key":"SMITH"},{"data":"Scrawl","floor":23.0,"key":"SMITH"},{"data":"Adaptation","floor":28.0,"key":"SMITH"},{"data":"TalkToTheHand","floor":32.0,"key":"SMITH"},{"floor":40.0,"key":"RECALL"},{"data":"TalkToTheHand","floor":49.0,"key":"SMITH"},{"data":"Tantrum","floor":52.0,"key":"SMITH"}],"circlet_count":0,"master_deck":["AscendersBane","Eruption+1","Vigilance","Judgement+1","Wallop+1","EmptyFist","FlurryOfBlows+1","Adaptation+1","ForeignInfluence+1","Tantrum+1","Scrawl+1","Meditate+1","ThirdEye+1","FearNoEvil","TalkToTheHand+1","Vault","TalkToTheHand+1","TalkToTheHand+1","DeusExMachina","Flash of Steel"],"relics":["PureWater","Sundial","Blood Vial","Happy Flower","Astrolabe","Akabeko","Omamori","CloakClasp","Philosopher\u0027s Stone","Sling","Whetstone","Blue Candle"],"acts_visited":["Exordium","TheCity","TheBeyond","TheEnding"],"potions_floor_usage":[55,55],"damage_taken":[{"damage":0.0,"enemies":"2 Louse","floor":1.0,"turns":2.0},{"damage":0.0,"enemies":"Cultist","floor":2.0,"turns":2.0},{"damage":0.0,"enemies":"Jaw Worm","floor":3.0,"turns":1.0},{"damage":4.0,"enemies":"Exordium Thugs","floor":4.0,"turns":4.0},{"damage":16.0,"enemies":"Lots of Slimes","floor":5.0,"turns":4.0},{"damage":18.0,"enemies":"Lagavulin","floor":7.0,"turns":6.0},{"damage":8.0,"enemies":"Blue Slaver","floor":10.0,"turns":3.0},{"damage":2.0,"enemies":"Exordium Wildlife","floor":11.0,"turns":3.0},{"damage":16.0,"enemies":"Gremlin Nob","floor":14.0,"turns":3.0},{"damage":3.0,"enemies":"Hexaghost","floor":16.0,"turns":7.0},{"damage":0.0,"enemies":"Shell Parasite","floor":18.0,"turns":3.0},{"damage":8.0,"enemies":"Chosen","floor":20.0,"turns":3.0},{"damage":16.0,"enemies":"Snake Plant","floor":22.0,"turns":3.0},{"damage":2.0,"enemies":"Book of Stabbing","floor":24.0,"turns":3.0},{"damage":8.0,"enemies":"Centurion and Healer","floor":27.0,"turns":4.0},{"damage":0.0,"enemies":"Cultist and Chosen","floor":30.0,"turns":3.0},{"damage":13.0,"enemies":"Snake Plant","floor":31.0,"turns":2.0},{"damage":3.0,"enemies":"Collector","floor":33.0,"turns":7.0},{"damage":0.0,"enemies":"3 Shapes","floor":35.0,"turns":3.0},{"damage":0.0,"enemies":"Orb Walker","floor":37.0,"turns":2.0},{"damage":0.0,"enemies":"Sphere and 2 Shapes","floor":39.0,"turns":3.0},{"damage":0.0,"enemies":"Transient","floor":42.0,"turns":6.0},{"damage":0.0,"enemies":"4 Shapes","floor":45.0,"turns":4.0},{"damage":4.0,"enemies":"Giant Head","floor":46.0,"turns":5.0},{"damage":3.0,"enemies":"Jaw Worm Horde","floor":47.0,"turns":3.0},{"damage":64.0,"enemies":"Awakened One","floor":50.0,"turns":11.0},{"damage":8.0,"enemies":"Shield and Spear","floor":54.0,"turns":4.0},{"damage":10,"enemies":"The Heart","floor":55,"turns":9}],"seed_played":"1506570535191059029","potions_obtained":[{"floor":2.0,"key":"PowerPotion"},{"floor":3.0,"key":"Weak Potion"},{"floor":4.0,"key":"CultistPotion"},{"floor":14.0,"key":"Fruit Juice"},{"floor":20.0,"key":"SpeedPotion"},{"floor":24.0,"key":"Ancient Potion"}],"is_trial":false,"path_per_floor":["M","M","M","M","M","R","E","?","T","M","M","?","R","E","R","B",null,"M","?","M","?","M","R","E","?","T","M","R","$","M","M","R","B",null,"M","?","M","?","M","R","$","M","T","$","M","E","M","$","R","B",null,"R","$","E","B",null],"character_chosen":"WATCHER","items_purchased":["CloakClasp","TalkToTheHand","Sling","TalkToTheHand","PowerPotion","Flash of Steel"],"campfire_rested":1,"item_purchase_floors":[29,41,41,44,53,53],"current_hp_per_floor":[47,47,47,43,27,27,9,9,9,3,3,3,23,9,9,13,57,59,59,53,53,39,39,39,39,39,33,33,33,35,24,24,23,60,62,62,64,82,82,82,82,82,82,82,82,78,77,77,77,15,65,65,65,59,51],"gold":35,"neow_bonus":"TRANSFORM_TWO_CARDS","is_daily":false,"chose_seed":false,"campfire_upgraded":7,"win_rate":0.0,"timestamp":1613603931,"path_taken":["M","M","M","M","M","R","E","?","T","M","M","?","R","E","R","BOSS","M","?","?","?","?","R","E","?","T","M","R","$","M","M","R","BOSS","M","?","M","?","M","R","$","M","T","$","M","E","M","$","R","BOSS","R","$","E","BOSS"],"items_purchased_type":["Relic","Card","Relic","Card","Potion","Card"],"build_version":"2020-12-22","purchased_purges":3,"victory":true,"max_hp_per_floor":[72,72,72,72,72,72,72,72,72,72,72,67,67,67,67,72,72,72,72,72,72,72,72,72,72,72,72,72,72,72,72,72,72,72,72,72,72,82,82,82,82,82,82,82,82,82,82,82,82,82,82,82,82,82,82],"relic_stats":{"Blood Vial":36,"Happy Flower":[28],"counters":[28,113],"Sundial":[24],"Astrolabe":["Meditate","ThirdEye","SashWhip"],"Blue Candle":[0],"CloakClasp":[186],"Whetstone":["TalkToTheHand","FlurryOfBlows"],"obtain_stats":[{"Happy Flower":14,"Golden Idol":12,"Astrolabe":17,"Blue Candle":54,"Omamori":26,"CloakClasp":29,"Whetstone":46,"Sling":41,"Akabeko":24,"Blood Vial":9,"Sundial":7,"Philosopher\u0027s Stone":34,"PureWater":0},{"Happy Flower":9,"Golden Idol":8,"Astrolabe":10,"Blue Candle":27,"Omamori":14,"CloakClasp":15,"Whetstone":24,"Sling":21,"Akabeko":14,"Blood Vial":6,"Sundial":6,"Philosopher\u0027s Stone":18,"PureWater":0},{"Happy Flower":28,"Golden Idol":25,"Astrolabe":35,"Blue Candle":104,"Omamori":47,"CloakClasp":51,"Whetstone":86,"Sling":71,"Akabeko":47,"Blood Vial":19,"Sundial":19,"Philosopher\u0027s Stone":63,"PureWater":0}]},"card_choices":[{"not_picked":["JustLucky","Crescendo"],"picked":"Wallop","floor":1.0},{"not_picked":["CrushJoints","SashWhip"],"picked":"EmptyFist","floor":2.0},{"not_picked":["EmptyMind","BowlingBash","Prostrate"],"picked":"SKIP","floor":3.0},{"not_picked":["JustLucky","Worship"],"picked":"FlurryOfBlows","floor":4.0},{"not_picked":["FlurryOfBlows","Swivel","EmptyBody"],"picked":"SKIP","floor":5.0},{"not_picked":["Prostrate","SashWhip","Consecrate"],"picked":"SKIP","floor":7.0},{"not_picked":["Scrawl","Halt"],"picked":"Adaptation","floor":10.0},{"not_picked":["FollowUp","BowlingBash"],"picked":"ForeignInfluence","floor":11.0},{"not_picked":["SandsOfTime","EmptyMind"],"picked":"Tantrum","floor":14.0},{"not_picked":["Ragnarok","Blasphemy"],"picked":"Scrawl","floor":16.0},{"not_picked":["BowlingBash","PathToVictory","Meditate+1"],"picked":"SKIP","floor":18.0},{"not_picked":["ForeignInfluence","EmptyBody","JustLucky"],"picked":"SKIP","floor":20.0},{"not_picked":["Collect","Conclude","WreathOfFlame"],"picked":"SKIP","floor":22.0},{"not_picked":["Vault","Crescendo+1"],"picked":"FearNoEvil","floor":24.0},{"not_picked":["WreathOfFlame","BowlingBash","PathToVictory"],"picked":"SKIP","floor":27.0},{"not_picked":["Evaluate","ThirdEye","Crescendo"],"picked":"SKIP","floor":30.0},{"not_picked":["Judgement","BowlingBash"],"picked":"TalkToTheHand","floor":31.0},{"not_picked":["LessonLearned","Blasphemy"],"picked":"Vault","floor":33.0},{"not_picked":["ClearTheMind","Indignation","Conclude"],"picked":"SKIP","floor":35.0},{"not_picked":["Consecrate+1","JustLucky","FollowUp"],"picked":"SKIP","floor":37.0},{"not_picked":["JustLucky","Protect+1","FollowUp+1"],"picked":"SKIP","floor":39.0},{"not_picked":["FollowUp","Worship","Protect"],"picked":"SKIP","floor":42.0},{"not_picked":["CrushJoints","SashWhip","BowlingBash"],"picked":"SKIP","floor":45.0},{"not_picked":["SandsOfTime","Worship","FlurryOfBlows"],"picked":"SKIP","floor":46.0},{"not_picked":["ThirdEye","WheelKick"],"picked":"DeusExMachina","floor":47.0},{"not_picked":["Crescendo","WaveOfTheHand","Weave"],"picked":"SKIP","floor":54.0}],"player_experience":1487031,"relics_obtained":[{"floor":7.0,"key":"Sundial"},{"floor":9.0,"key":"Blood Vial"},{"floor":14.0,"key":"Happy Flower"},{"floor":24.0,"key":"Akabeko"},{"floor":26.0,"key":"Omamori"},{"floor":46.0,"key":"Whetstone"},{"floor":54.0,"key":"Blue Candle"}],"event_choices":[{"damage_healed":0.0,"max_hp_gain":0.0,"max_hp_loss":0.0,"gold_gain":0.0,"event_name":"Shining Light","player_choice":"Ignored","floor":8.0,"gold_loss":0.0,"damage_taken":0.0},{"damage_healed":0.0,"max_hp_gain":0.0,"max_hp_loss":5.0,"gold_gain":0.0,"event_name":"Golden Idol","player_choice":"Lose Max HP","floor":12.0,"gold_loss":0.0,"damage_taken":0.0,"relics_obtained":["Golden Idol"]},{"damage_healed":0.0,"max_hp_gain":0.0,"max_hp_loss":0.0,"gold_gain":0.0,"event_name":"Upgrade Shrine","player_choice":"Upgraded","floor":19.0,"gold_loss":0.0,"damage_taken":0.0,"cards_upgraded":["Judgement"]},{"damage_healed":0.0,"max_hp_gain":0.0,"max_hp_loss":0.0,"gold_gain":0.0,"event_name":"Accursed Blacksmith","player_choice":"Forge","floor":21.0,"gold_loss":0.0,"damage_taken":0.0,"cards_upgraded":["ForeignInfluence"]},{"cards_removed":["Defend_P"],"damage_healed":0.0,"max_hp_gain":0.0,"max_hp_loss":0.0,"gold_gain":0.0,"event_name":"Beggar","player_choice":"Gave Gold","floor":25.0,"gold_loss":75.0,"damage_taken":0.0},{"damage_healed":0.0,"max_hp_gain":0.0,"max_hp_loss":0.0,"gold_gain":333.0,"event_name":"The Moai Head","player_choice":"Gave Idol","floor":36.0,"relics_lost":["Golden Idol"],"gold_loss":0.0,"damage_taken":0.0},{"cards_removed":["ConjureBlade"],"damage_healed":8.0,"max_hp_gain":10.0,"max_hp_loss":0.0,"gold_gain":0.0,"event_name":"Bonfire Elementals","player_choice":"Offered Rare","floor":38.0,"gold_loss":0.0,"damage_taken":0.0}],"is_beta":false,"boss_relics":[{"not_picked":["Black Star","SlaversCollar"],"picked":"Astrolabe"},{"not_picked":["Snecko Eye","Sozu"],"picked":"Philosopher\u0027s Stone"}],"items_purged_floors":[29,41,44],"is_endless":false,"potions_floor_spawned":[2,3,4,5,14,20,24,27,31,39,42,46,54],"ascension_level":13}}