{"host":"jm9833yuloeli2yd","time":1613579692,"event":{"mods":["BaseMod","Better Altar","Better Match","Better Note","Better Sensory Stone","Better Skull","Better Third Choice","Better Vampires","BetterRewards","Colored Map","Colored Powertips","DeckTracker","Minty Spire (QoL Compilation)","Permanent Neow","Quick Restart","StSLib","SuperFastMode"],"gold_per_floor":[117,37,55,70,145,145,157,157,236,64,90,107,32,66,66,141,141,157,177,227,227,239,239,239],"floor_reached":23,"language":"ENG","playtime":604,"items_purged":["Strike_B"],"score":452,"play_id":"d6d9352c-51ba-46e6-876f-3ca62c98f055","local_time":"20210217113452","is_ascension_mode":true,"campfire_choices":[{"data":"Defragment","floor":6,"key":"SMITH"},{"data":"Defragment","floor":15,"key":"SMITH"}],"circlet_count":0,"master_deck":["AscendersBane","Zap","Dualcast","Electrodynamics","BootSequence","Defragment+1","Compile Driver","Lockon","Reinforced Body","Discovery","Conserve Battery","Coolheaded","Defragment+1","Multi-Cast","Coolheaded","Multi-Cast","Lockon","Stack","Genetic Algorithm","All For One","Echo Form","Static Discharge+1","Recycle+1","Recycle+1"],"relics":["Cracked Core","Pantograph","Strange Spoon","PreservedInsect","Centennial Puzzle","Pandora\u0027s Box"],"acts_visited":["Exordium","TheCity"],"potions_floor_usage":[16],"damage_taken":[{"damage":1,"enemies":"Cultist","floor":1,"turns":3},{"damage":0,"enemies":"Jaw Worm","floor":3,"turns":3},{"damage":0,"enemies":"2 Louse","floor":4,"turns":2},{"damage":0,"enemies":"Blue Slaver","floor":7,"turns":2},{"damage":0,"enemies":"3 Sentries","floor":11,"turns":3},{"damage":10,"enemies":"Exordium Wildlife","floor":12,"turns":3},{"damage":8,"enemies":"Gremlin Nob","floor":14,"turns":3},{"damage":5,"enemies":"Slime Boss","floor":16,"turns":6},{"damage":2,"enemies":"Spheric Guardian","floor":18,"turns":10},{"damage":3,"enemies":"3 Byrds","floor":19,"turns":4},{"damage":7,"enemies":"Sentry and Sphere","floor":22,"turns":6},{"damage":53,"enemies":"Slavers","floor":23,"turns":3}],"seed_played":"2109506839956268831","potions_obtained":[{"floor":4,"key":"BlessingOfTheForge"},{"floor":7,"key":"Fire Potion"},{"floor":18,"key":"FearPotion"}],"is_trial":false,"path_per_floor":["M","$","M","M","?","R","M","?","T","$","E","M","$","E","R","B",null,"M","M","?","?","M","E"],"character_chosen":"DEFECT","items_purchased":["Defragment","Strange Spoon"],"campfire_rested":0,"item_purchase_floors":[2,10],"current_hp_per_floor":[63,63,63,63,52,52,52,52,52,52,52,42,42,34,34,54,62,60,57,57,57,50,0,0],"gold":239,"neow_bonus":"THREE_RARE_CARDS","is_daily":false,"chose_seed":false,"campfire_upgraded":2,"win_rate":0.0,"timestamp":1613579692,"path_taken":["M","?","?","M","?","R","M","?","T","$","E","M","?","E","R","BOSS","M","M","?","?","M","E"],"items_purchased_type":["Card","Relic"],"build_version":"2020-12-22","purchased_purges":1,"victory":false,"max_hp_per_floor":[64,64,64,64,64,64,64,64,64,64,64,64,64,64,64,64,64,64,64,64,64,64,64,64],"card_choices":[{"not_picked":["Hyperbeam","Fission"],"picked":"Electrodynamics","floor":0},{"not_picked":["Rebound","Turbo"],"picked":"BootSequence","floor":1},{"not_picked":["Sweeping Beam","Doom and Gloom"],"picked":"Compile Driver","floor":3},{"not_picked":["Coolheaded","Turbo"],"picked":"Lockon","floor":4},{"not_picked":["Sweeping Beam","Streamline"],"picked":"Reinforced Body","floor":7},{"not_picked":["Jack Of All Trades","Dramatic Entrance"],"picked":"Discovery","floor":8},{"not_picked":["Gash","Compile Driver"],"picked":"Conserve Battery","floor":11},{"not_picked":["Gash","Reinforced Body"],"picked":"Coolheaded","floor":12},{"not_picked":["Cold Snap","Blizzard"],"picked":"Defragment","floor":14},{"not_picked":["All For One","Creative AI"],"picked":"Multi-Cast","floor":16},{"not_picked":["Stack","Barrage"],"picked":"Static Discharge+1","floor":18},{"not_picked":["Beam Cell","Stack"],"picked":"Recycle+1","floor":19},{"not_picked":["Scrape","Cold Snap"],"picked":"Recycle+1","floor":22}],"player_experience":1372527,"relics_obtained":[{"floor":9,"key":"Pantograph"},{"floor":11,"key":"PreservedInsect"},{"floor":14,"key":"Centennial Puzzle"}],"event_choices":[{"damage_healed":0,"gold_gain":75,"player_choice":"Gold","damage_taken":11,"max_hp_gain":0,"max_hp_loss":0,"event_name":"betterThird:BetterGoop","floor":5,"gold_loss":0},{"damage_healed":0,"gold_gain":1,"player_choice":"1","damage_taken":0,"max_hp_gain":0,"max_hp_loss":0,"event_name":"betterStone:BetterStone","floor":8,"gold_loss":0},{"damage_healed":0,"gold_gain":50,"player_choice":"Steal","damage_taken":0,"max_hp_gain":0,"max_hp_loss":0,"event_name":"betterThird:BetterNest","floor":20,"gold_loss":0},{"damage_healed":0,"gold_gain":0,"player_choice":"Ignored","damage_taken":0,"max_hp_gain":0,"max_hp_loss":0,"event_name":"Vampires","floor":21,"gold_loss":0}],"is_beta":false,"boss_relics":[{"not_picked":["Tiny House","FrozenCore"],"picked":"Pandora\u0027s Box"}],"items_purged_floors":[13],"is_endless":false,"potions_floor_spawned":[4,7,11,12,18],"killed_by":"Slavers","ascension_level":20}}