{"host":"pj7egx7jkoz18hom","time":1613601107,"event":{"mods":["AchievementEnabler","BaseMod","Keyboard Shortcuts","Minty Spire (QoL Compilation)","SuperFastMode"],"gold_per_floor":[112,131,148,168,181,181,199,226,253,285,285,305,305,150,150,245,245,255,267,279,165,90,116,116,145,145,145,145,145],"floor_reached":28,"language":"KOR","playtime":1171,"items_purged":["Defend_B"],"score":297,"play_id":"45344250-378a-4605-a835-30a6c3361410","local_time":"20210218073147","is_ascension_mode":true,"campfire_choices":[{"floor":6,"key":"REST"},{"floor":11,"key":"REST"},{"floor":13,"key":"REST"},{"data":"Zap","floor":15,"key":"SMITH"},{"floor":24,"key":"REST"}],"circlet_count":0,"master_deck":["Strike_B","Strike_B","Strike_B+1","Defend_B","Defend_B","Defend_B","Zap+1","Dualcast","Thunder Strike+1","Hello World","Go for the Eyes","Electrodynamics","BootSequence","Rebound","Static Discharge","Defragment","Auto Shields","Leap","Beam Cell+1","Seek","Self Repair","Regret"],"relics":["Cracked Core","MealTicket","Bronze Scales","Torii","Whetstone","Cursed Key","DataDisk","Blood Vial","Gremlin Horn"],"acts_visited":["Exordium","TheCity"],"potions_floor_usage":[8,8,8,10,16,28],"damage_taken":[{"damage":1,"enemies":"Cultist","floor":1,"turns":3},{"damage":1,"enemies":"2 Louse","floor":2,"turns":2},{"damage":7,"enemies":"Jaw Worm","floor":3,"turns":2},{"damage":20,"enemies":"Gremlin Gang","floor":4,"turns":4},{"damage":28,"enemies":"Lots of Slimes","floor":5,"turns":3},{"damage":0,"enemies":"Exordium Wildlife","floor":7,"turns":2},{"damage":9,"enemies":"Lagavulin","floor":8,"turns":6},{"damage":22,"enemies":"3 Sentries","floor":10,"turns":4},{"damage":22,"enemies":"2 Fungi Beasts","floor":12,"turns":3},{"damage":16,"enemies":"The Guardian","floor":16,"turns":6},{"damage":25,"enemies":"Spheric Guardian","floor":18,"turns":4},{"damage":3,"enemies":"Shell Parasite","floor":19,"turns":3},{"damage":9,"enemies":"Centurion and Healer","floor":20,"turns":3},{"damage":32,"enemies":"Gremlin Leader","floor":23,"turns":4},{"damage":35,"enemies":"Book of Stabbing","floor":25,"turns":5},{"damage":26,"enemies":"Gremlin Leader","floor":28,"turns":2}],"seed_played":"5811275535179653747","potions_obtained":[{"floor":2,"key":"Weak Potion"},{"floor":4,"key":"DuplicationPotion"},{"floor":5,"key":"SkillPotion"},{"floor":8,"key":"EssenceOfSteel"},{"floor":10,"key":"Weak Potion"},{"floor":25,"key":"Fire Potion"},{"floor":27,"key":"Block Potion"},{"floor":27,"key":"BlessingOfTheForge"}],"is_trial":false,"path_per_floor":["M","M","M","M","M","R","M","E","T","E","R","M","R","$","R","B",null,"M","M","M","$","?","E","R","E","T","?","E"],"character_chosen":"DEFECT","items_purchased":["Whetstone","Self Repair"],"campfire_rested":4,"item_purchase_floors":[14,21],"current_hp_per_floor":[74,73,66,46,18,40,40,31,31,9,31,9,31,46,46,30,75,50,47,38,53,53,28,50,22,22,22,0,0],"gold":145,"neow_bonus":"ONE_RANDOM_RARE_CARD","is_daily":false,"chose_seed":false,"campfire_upgraded":1,"win_rate":0.0,"timestamp":1613601107,"path_taken":["M","M","M","M","M","R","M","E","T","E","R","M","R","$","R","BOSS","M","M","M","$","?","E","R","E","T","?","E"],"items_purchased_type":["Relic","Card"],"build_version":"2020-12-22","purchased_purges":1,"victory":false,"max_hp_per_floor":[75,75,75,75,75,75,75,75,75,75,75,75,75,75,75,75,75,75,75,75,75,75,75,75,75,75,75,75,75],"card_choices":[{"not_picked":["Cold Snap","Skim","Steam"],"picked":"SKIP","floor":1},{"not_picked":["Barrage","Coolheaded"],"picked":"Hello World","floor":2},{"not_picked":["Turbo","Stack"],"picked":"Go for the Eyes","floor":3},{"not_picked":["Stack","Gash"],"picked":"Electrodynamics","floor":4},{"not_picked":["Redo","Gash"],"picked":"BootSequence","floor":5},{"not_picked":["Redo","Cold Snap"],"picked":"Rebound","floor":7},{"not_picked":["Barrage","Gash"],"picked":"Static Discharge","floor":8},{"not_picked":["Creative AI","Go for the Eyes"],"picked":"Defragment","floor":10},{"not_picked":["FTL","Turbo"],"picked":"Auto Shields","floor":12},{"not_picked":["Hologram","Coolheaded"],"picked":"Leap","floor":18},{"not_picked":["Steam Power","Barrage"],"picked":"Beam Cell+1","floor":19},{"not_picked":["Defragment","Sweeping Beam+1"],"picked":"Seek","floor":20},{"not_picked":["Beam Cell","Steam","Rebound+1"],"picked":"SKIP","floor":23},{"not_picked":["Melter","Darkness","Turbo+1"],"picked":"SKIP","floor":25}],"player_experience":150238,"relics_obtained":[{"floor":8,"key":"MealTicket"},{"floor":9,"key":"Bronze Scales"},{"floor":10,"key":"Torii"},{"floor":23,"key":"DataDisk"},{"floor":25,"key":"Blood Vial"},{"floor":26,"key":"Gremlin Horn"}],"event_choices":[{"cards_removed":["Strike_B"],"damage_healed":0,"gold_gain":0,"player_choice":"Gave Gold","damage_taken":0,"max_hp_gain":0,"max_hp_loss":0,"event_name":"Beggar","floor":22,"gold_loss":75},{"damage_healed":0,"gold_gain":0,"player_choice":"Got Potions","damage_taken":0,"max_hp_gain":0,"max_hp_loss":0,"event_name":"Lab","floor":27,"gold_loss":0}],"is_beta":false,"boss_relics":[{"not_picked":["Philosopher\u0027s Stone","Busted Crown"],"picked":"Cursed Key"}],"items_purged_floors":[21],"is_endless":false,"potions_floor_spawned":[2,4,5,8,10,25],"killed_by":"Gremlin Leader","ascension_level":2}}