{"host":"m09tgwt98r7ugp6s","time":1613574951,"event":{"mods":["Aspiration","BaseMod","Conspire","Energized Spire","FoggyMod","GifTheSpireLib","Halation","Hubris","HumanHunterMod(????mod)","Infinite Spire","Marisa????????","Minty Spire (QoL Compilation)","Potionbrewer","Replay The Spire","Spicy Shops","StSLib","Thieving Mod","Wandering Minibosses","[IsaacMod]????"],"gold_per_floor":[117,117,128,128,128,128,159,159,184,34,34,34,34,89,89,89,89],"floor_reached":16,"language":"ENG","playtime":360,"items_purged":[],"score":119,"play_id":"cc59843f-f0d4-448f-9219-248fbb0348f3","local_time":"20210217171551","is_ascension_mode":false,"campfire_choices":[{"data":"Go for the Eyes","floor":6,"key":"SMITH"},{"data":"Sweeping Beam","floor":8,"key":"SMITH"},{"data":"Leap","floor":13,"key":"SMITH"},{"floor":15,"key":"REST"}],"circlet_count":0,"master_deck":["Strike_B","Strike_B","Strike_B","Strike_B","Defend_B","Defend_B","Defend_B","Defend_B","Zap+1","Dualcast","Leap+1","Go for the Eyes+1","Sweeping Beam+1","Amnesia","Glacier"],"relics":["Cracked Core","HushsDoor","KeepersGift","NeowsBlessing","halation:EternalFortune","hubris:AstralHammer","Blood Vial","Strange Spoon","ReplayTheSpireMod:Ring of Collecting","Oddly Smooth Stone"],"acts_visited":["Exordium"],"potions_floor_usage":[16],"damage_taken":[{"damage":0,"enemies":"2 Louse","floor":1,"turns":1},{"damage":0,"enemies":"Cultist","floor":3,"turns":1},{"damage":0,"enemies":"Gremlin Nob","floor":7,"turns":1},{"damage":59,"enemies":"conspire:MimicChest","floor":14,"turns":11},{"damage":17,"enemies":"Hexaghost","floor":16,"turns":9}],"seed_played":"5396758770173187066","potions_obtained":[{"floor":1,"key":"potionbrewer:NoxiousPotion"},{"floor":3,"key":"Strength Potion"}],"is_trial":false,"path_per_floor":["M","?","M","$","?","R","E","R","T","$","?","$","R","?","R","B"],"character_chosen":"DEFECT","items_purchased":["Strange Spoon"],"campfire_rested":1,"item_purchase_floors":[10],"current_hp_per_floor":[75,78,81,81,81,81,81,81,81,81,81,81,81,22,46,31,31],"gold":89,"neow_bonus":"THREE_ENEMY_KILL","is_daily":false,"chose_seed":false,"campfire_upgraded":3,"win_rate":0.0,"timestamp":1613574951,"path_taken":["M","?","?","$","?","R","E","R","T","$","?","?","R","?","R","BOSS"],"items_purchased_type":["Relic"],"build_version":"2020-12-22","purchased_purges":0,"victory":false,"max_hp_per_floor":[75,78,81,81,81,81,81,81,81,81,81,81,81,81,81,81,81],"card_choices":[{"not_picked":[],"picked":"Bomb","floor":0},{"not_picked":["Self Repair","Redo"],"picked":"Leap","floor":1},{"not_picked":["Hologram","Coolheaded"],"picked":"Go for the Eyes","floor":3},{"not_picked":["Aggregate","Go for the Eyes"],"picked":"Sweeping Beam","floor":7},{"not_picked":["Auto Shields","Barrage"],"picked":"Glacier","floor":14}],"player_experience":129358,"relics_obtained":[{"floor":3,"key":"halation:EternalFortune"},{"floor":7,"key":"hubris:AstralHammer"},{"floor":9,"key":"Blood Vial"},{"floor":11,"key":"ReplayTheSpireMod:Ring of Collecting"},{"floor":14,"key":"Oddly Smooth Stone"}],"event_choices":[],"is_beta":false,"boss_relics":[],"items_purged_floors":[],"is_endless":false,"potions_floor_spawned":[1,3],"killed_by":"Hexaghost","ascension_level":0}}