{"host":"zefmhu9ryehjj4p1","time":1613584898,"event":{"mods":["100% Spire Juice","2.2 Compatiblity","Act Like it!","Aspiration","BaseMod","Beaked The Cultist","Better Note","CapriCore","Colored Powertips","Conspire","DeckTracker","Downfall","Ekko","Elementarium","Friendly Minions","Gensokyo","Hallownest","Hermit","Highlight Path","Hubris","Infinite Spire","Koishi","Luminous","Marisa????????","Minty Spire (QoL Compilation)","Random Character Button","Reimu??????","Reliquary","Replay The Spire","Ruina","Shade Mod","Shapeshifter Mod","StSLib","The Administrix","The Blue Laboratory","The Bug Knight","The Construct","The Cursed","The Gatherer","The Hierophant","The Immortal","The Judge","The Jungle","The Marked","The Mystic","The Runesmith","The Senshi","The Servant 0.9.4","The Vixen","The Wild Card","TheBandit","TheVacant","Wandering Minibosses"],"gold_per_floor":[118,118,136,136,149,149,149,0,52,52,52,52,67,67,129,124,124],"floor_reached":16,"language":"ENG","playtime":536,"items_purged":[],"score":90,"play_id":"96a707c8-3b14-4e14-8f91-51357ce399eb","local_time":"20210217190138","is_ascension_mode":false,"campfire_choices":[{"data":"Redo","floor":6,"key":"SMITH"}],"circlet_count":0,"master_deck":["Strike_B","Strike_B","Strike_B","Strike_B","Defend_B","Defend_B","Defend_B","Defend_B","Zap","Dualcast","Streamline","Redo+1","Glacier","Barrage","Ball Lightning"],"relics":["Cracked Core","Pantograph","ReplayTheSpireMod:Ring of Collecting","Ring of Fury","theSenshi:SailorFukuRelic","ReplayTheSpireMod:Ring of Sloth","aspiration:Lifesprig","Gensokyo:PortableGap","Pear"],"acts_visited":["Gensokyo:Gensokyo"],"potions_floor_usage":[],"damage_taken":[{"damage":4,"enemies":"Gensokyo:3_Fairies","floor":1,"turns":4},{"damage":6,"enemies":"Gensokyo:Python","floor":3,"turns":3},{"damage":4,"enemies":"Gensokyo:2_Kodama","floor":5,"turns":3},{"damage":0,"enemies":"Gensokyo:Kitsune","floor":12,"turns":6},{"damage":9,"enemies":"Gensokyo:CorruptedTreant","floor":13,"turns":2},{"damage":82,"enemies":"Gensokyo:Reimu","floor":16,"turns":8}],"seed_played":"-244606135283107959","potions_obtained":[{"floor":3,"key":"blueLaboratory:NullPotion"},{"floor":12,"key":"Swift Potion"},{"floor":13,"key":"Fire Potion"}],"is_trial":false,"path_per_floor":["M","$","M","T","M","R","?","$","T","?","?","M","M","?","R","B"],"character_chosen":"DEFECT","items_purchased":["theSenshi:SailorFukuRelic"],"campfire_rested":0,"item_purchase_floors":[8],"current_hp_per_floor":[71,71,65,65,61,61,61,61,61,61,56,56,47,47,47,0,0],"gold":124,"neow_bonus":"THREE_CARDS","is_daily":false,"chose_seed":false,"campfire_upgraded":1,"win_rate":0.0,"timestamp":1613584898,"path_taken":["M","?","M","?","?","R","?","$","T","?","?","M","M","?","R","BOSS"],"items_purchased_type":["Relic"],"build_version":"2020-12-22","purchased_purges":0,"victory":false,"max_hp_per_floor":[75,75,75,75,75,75,75,75,75,68,78,78,78,78,78,78,78],"card_choices":[{"not_picked":["Coolheaded","Hologram"],"picked":"Streamline","floor":0},{"not_picked":["ReplaySort","Streamline"],"picked":"Redo","floor":1},{"not_picked":["Streamline","Skim"],"picked":"Glacier","floor":3},{"not_picked":["Turbo","Consume"],"picked":"Barrage","floor":5},{"not_picked":["Redo","Cold Snap"],"picked":"Ball Lightning","floor":12},{"not_picked":["Scrape","Conserve Battery","Leap"],"picked":"SKIP","floor":13}],"player_experience":188959,"relics_obtained":[{"floor":4,"key":"Pantograph"},{"floor":7,"key":"ReplayTheSpireMod:Ring of Collecting"},{"floor":7,"key":"Ring of Fury"},{"floor":9,"key":"ReplayTheSpireMod:Ring of Sloth"},{"floor":9,"key":"aspiration:Lifesprig"}],"event_choices":[{"damage_healed":0,"gold_gain":0,"player_choice":"Leave","damage_taken":0,"max_hp_gain":0,"max_hp_loss":0,"event_name":"conspire:Investor","floor":14,"gold_loss":0}],"is_beta":false,"boss_relics":[],"items_purged_floors":[],"is_endless":false,"potions_floor_spawned":[3,12,13],"killed_by":"Gensokyo:Reimu","ascension_level":0}}