{"host":"72n3jwtrlpjobydj","time":1613543781,"event":{"mods":["AchievementEnabler","BaseMod","CapriCore","DeckTracker","Hermit","Koishi","KomeijiMod","Lobotomy","Marisa£¨Ùöéë¡¡Øª×âÞÞ£©","Minty Spire (QoL Compilation)","Permanent Neow","StSLib","SuperFastMode","The Cursed","The Hierophant","The Immortal"],"gold_per_floor":[116,116,136,156,169,195,195,206,206,220,220,235,235,254,254,254,254],"floor_reached":16,"language":"KOR","playtime":477,"items_purged":[],"score":106,"play_id":"4a38d45c-435f-40b3-b7af-0eeedb61f803","local_time":"20210217153621","is_ascension_mode":false,"campfire_choices":[{"floor":7,"key":"REST"},{"floor":11,"key":"REST"},{"data":"Dropkick","floor":13,"key":"SMITH"},{"floor":15,"key":"REST"}],"circlet_count":0,"master_deck":["Strike_R","Strike_R","Strike_R","Strike_R","Strike_R","Defend_R","Defend_R","Defend_R","Defend_R","Bash","Dropkick+1","Clothesline","Thunderclap"],"relics":["Burning Blood","Smiling Mask","Meat on the Bone","Sundial","Eternal Feather"],"acts_visited":["Exordium"],"potions_floor_usage":[6,16],"damage_taken":[{"damage":1,"enemies":"Jaw Worm","floor":1,"turns":3},{"damage":1,"enemies":"Cultist","floor":3,"turns":3},{"damage":2,"enemies":"Small Slimes","floor":4,"turns":4},{"damage":18,"enemies":"3 Louse","floor":5,"turns":3},{"damage":36,"enemies":"Gremlin Nob","floor":6,"turns":5},{"damage":22,"enemies":"Exordium Wildlife","floor":8,"turns":5},{"damage":10,"enemies":"Lots of Slimes","floor":10,"turns":3},{"damage":12,"enemies":"Looter","floor":12,"turns":3},{"damage":43,"enemies":"Gremlin Gang","floor":14,"turns":5},{"damage":83,"enemies":"The Guardian","floor":16,"turns":10}],"seed_played":"1061692181955396019","potions_obtained":[{"floor":1,"key":"Swift Potion"},{"floor":3,"key":"ColorlessPotion"},{"floor":10,"key":"SpeedPotion"}],"is_trial":false,"path_per_floor":["M","?","M","M","M","E","R","M","T","M","R","M","R","M","R","B"],"character_chosen":"IRONCLAD","items_purchased":[],"campfire_rested":3,"item_purchase_floors":[],"current_hp_per_floor":[80,80,80,80,68,50,74,58,58,54,80,74,80,55,80,0,0],"gold":254,"neow_bonus":"RANDOM_COMMON_RELIC","is_daily":false,"chose_seed":false,"campfire_upgraded":1,"win_rate":0.0,"timestamp":1613543781,"path_taken":["M","?","?","M","M","E","R","M","T","M","R","M","R","M","R","BOSS"],"items_purchased_type":[],"build_version":"2020-12-22","purchased_purges":0,"victory":false,"max_hp_per_floor":[80,80,80,80,80,80,80,80,80,80,80,80,80,80,80,80,80],"card_choices":[{"not_picked":["Rupture","Heavy Blade","Battle Trance"],"picked":"SKIP","floor":1},{"not_picked":["Anger","Clash"],"picked":"Dropkick","floor":3},{"not_picked":["Evolve","Disarm"],"picked":"Clothesline","floor":4},{"not_picked":["Body Slam","Pummel"],"picked":"Thunderclap","floor":5},{"not_picked":["Rupture","Perfected Strike","Sword Boomerang"],"picked":"SKIP","floor":6},{"not_picked":["Double Tap","Havoc","Armaments"],"picked":"SKIP","floor":8},{"not_picked":["Infernal Blade","Battle Trance","Havoc"],"picked":"SKIP","floor":10},{"not_picked":["Body Slam","Headbutt","Clothesline"],"picked":"SKIP","floor":12},{"not_picked":["Headbutt","Bloodletting","Inflame"],"picked":"SKIP","floor":14}],"player_experience":64496,"relics_obtained":[{"floor":2,"key":"Meat on the Bone"},{"floor":6,"key":"Sundial"},{"floor":9,"key":"Eternal Feather"}],"event_choices":[{"damage_healed":0,"gold_gain":0,"player_choice":"Relic","damage_taken":0,"max_hp_gain":0,"max_hp_loss":0,"event_name":"Wheel of Change","floor":2,"gold_loss":0}],"is_beta":false,"boss_relics":[],"items_purged_floors":[],"is_endless":false,"potions_floor_spawned":[1,3,10],"killed_by":"The Guardian","ascension_level":0}}