{"host":"5on5jp4vj4dvuydb","time":1613600355,"event":{"mods":["2.2 Compatiblity","BaseMod","Clockwork Mod","Colored Map","Colored Powertips","Dio Mod","GungeonMod","Halation","Highlight Path","Melee Mod","Minty Spire (QoL Compilation)","Morshu Shopkeeper","Relic Stats","Robot Space Explorer","SOS???????","Small Relic Pack","StSLib","everything is the same but u backflip on backflip"],"gold_per_floor":[113,113,126,137,137,163,179,195,195,228,239,239,268,288,288,392,392,411,14,27,38,137,137,153,171,171,185,185,200,226,237,237,337,337,347,358,374,674,692,692,707,718,790,790,313,313,54,65,65,65,65],"floor_reached":50,"language":"ENG","playtime":12866,"items_purged":["meleeMod_RaptorBoost"],"score":569,"play_id":"29ef4b52-f316-49bc-82b5-77ec75501f2b","local_time":"20210217171915","is_ascension_mode":true,"campfire_choices":[{"floor":15.0,"key":"REST"},{"data":"meleeMod_FireFlower","floor":23.0,"key":"SMITH"},{"floor":28.0,"key":"REST"},{"floor":32.0,"key":"REST"},{"data":"meleeMod_UCF","floor":40.0,"key":"SMITH"},{"data":"meleeMod_L_Cancel","floor":44,"key":"SMITH"},{"floor":46,"key":"RECALL"},{"floor":49,"key":"REST"}],"circlet_count":0,"master_deck":["meleeMod_Jab","meleeMod_Jab","meleeMod_Jab","meleeMod_Jab","meleeMod_Shield","meleeMod_Shield","meleeMod_Shield","meleeMod_Shield","meleeMod_NeutralAir","meleeMod_BackAir+1","meleeMod_SomebodyClipThat","meleeMod_UpTilt","meleeMod_FalconKick","meleeMod_FireFlower+1","meleeMod_DropZone","meleeMod_BackAir","meleeMod_WaveLand","meleeMod_FalconDive","meleeMod_Gentleman","meleeMod_SoftKnee","meleeMod_Knee","meleeMod_SDRemix","relicPack:StarPlatinum","meleeMod_WaveLand","meleeMod_DashDance+1","meleeMod_CrouchCancel+1","meleeMod_DownTilt+1","meleeMod_MindReader","meleeMod_SuperSpicyCurry+1","meleeMod_ForwardSmash","meleeMod_UCF","meleeMod_Cautious","meleeMod_ForwardTilt","meleeMod_FalconKick","Parasite","meleeMod_FalconDive+1","meleeMod_L_Cancel+1","meleeMod_NoDI","meleeMod_ForwardTilt","meleeMod_Gentleman+1"],"relics":["meleeMod_LosersMang0","meleeMod_PeoplesChamp","Gambling Chip","Kunai","relicPack:StarArrow","DemoMod:Bottle","Strange Spoon","DemoMod:JetPack","meleeMod_NoKnee","Busted Crown","White Beast Statue","Nunchaku","Boot","Molten Egg 2"],"acts_visited":["Exordium","TheCity","TheBeyond"],"potions_floor_usage":[48,50,50,50],"damage_taken":[{"damage":0.0,"enemies":"2 Louse","floor":1.0,"turns":1.0},{"damage":0.0,"enemies":"Small Slimes","floor":3.0,"turns":1.0},{"damage":0.0,"enemies":"Jaw Worm","floor":4.0,"turns":1.0},{"damage":6.0,"enemies":"Lagavulin","floor":6.0,"turns":6.0},{"damage":8.0,"enemies":"Exordium Thugs","floor":7.0,"turns":5.0},{"damage":1.0,"enemies":"Red Slaver","floor":8.0,"turns":3.0},{"damage":21.0,"enemies":"Gremlin Nob","floor":10.0,"turns":4.0},{"damage":0.0,"enemies":"Large Slime","floor":11.0,"turns":3.0},{"damage":16.0,"enemies":"3 Sentries","floor":13.0,"turns":7.0},{"damage":0.0,"enemies":"Exordium Wildlife","floor":14.0,"turns":3.0},{"damage":21.0,"enemies":"Hexaghost","floor":16.0,"turns":7.0},{"damage":4.0,"enemies":"Chosen","floor":18.0,"turns":4.0},{"damage":0.0,"enemies":"Spheric Guardian","floor":20.0,"turns":3.0},{"damage":0.0,"enemies":"Centurion and Healer","floor":21.0,"turns":4.0},{"damage":41.0,"enemies":"Sentry and Sphere","floor":24.0,"turns":6.0},{"damage":7.0,"enemies":"3 Cultists","floor":25.0,"turns":6.0},{"damage":10.0,"enemies":"Centurion and Healer","floor":27.0,"turns":7.0},{"damage":31.0,"enemies":"Shelled Parasite and Fungi","floor":29.0,"turns":4.0},{"damage":11.0,"enemies":"Gremlin Leader","floor":30.0,"turns":7.0},{"damage":0.0,"enemies":"Snake Plant","floor":31.0,"turns":2.0},{"damage":65.0,"enemies":"Champ","floor":33.0,"turns":9.0},{"damage":11.0,"enemies":"3 Shapes","floor":35.0,"turns":6.0},{"damage":0.0,"enemies":"Orb Walker","floor":36.0,"turns":4.0},{"damage":0.0,"enemies":"Spire Growth","floor":37.0,"turns":1.0},{"damage":1.0,"enemies":"Maw","floor":39.0,"turns":6.0},{"damage":24.0,"enemies":"Writhing Mass","floor":41.0,"turns":4.0},{"damage":19,"enemies":"Jaw Worm Horde","floor":42,"turns":4},{"damage":47,"enemies":"3 Darklings","floor":48,"turns":5},{"damage":73,"enemies":"Donu and Deca","floor":50,"turns":7}],"seed_played":"-4844111947446017984","potions_obtained":[{"floor":1.0,"key":"Swift Potion"},{"floor":4.0,"key":"SpeedPotion"},{"floor":6.0,"key":"FairyPotion"},{"floor":13.0,"key":"PowerPotion"},{"floor":24.0,"key":"GamblersBrew"},{"floor":25.0,"key":"ColorlessPotion"},{"floor":31.0,"key":"Strength Potion"},{"floor":33.0,"key":"Energy Potion"},{"floor":37.0,"key":"Regen Potion"},{"floor":48,"key":"Fire Potion"}],"is_trial":false,"path_per_floor":["M","?","M","M","?","E","M","M","T","E","M","?","E","M","R","B",null,"M","$","M","M","?","R","M","M","T","M","R","M","E","M","R","B",null,"M","M","M","?","M","R","M","M","T","R","$","R","$","M","R","B"],"character_chosen":"FALCON","items_purchased":["DemoMod:Bottle","Strange Spoon","Nunchaku","Boot","meleeMod_NoDI","meleeMod_ForwardTilt","Molten Egg 2"],"campfire_rested":4,"item_purchase_floors":[19,19,45,45,45,45,47],"current_hp_per_floor":[85,85,85,85,85,79,71,70,70,49,49,49,33,33,58,37,85,81,81,81,81,81,81,40,33,33,44,69,53,42,42,67,2,85,74,80,80,80,79,79,55,36,36,36,36,36,36,15,40,0,0],"gold":65,"neow_bonus":"ONE_RANDOM_RARE_CARD","is_daily":false,"chose_seed":false,"campfire_upgraded":3,"win_rate":0.0,"timestamp":1613600355,"path_taken":["M","?","M","M","?","E","M","M","T","E","M","?","E","M","R","BOSS","M","$","M","M","?","R","M","M","T","M","R","M","E","M","R","BOSS","M","M","M","?","M","R","M","M","T","R","?","R","$","M","R","BOSS"],"items_purchased_type":["Relic","Relic","Relic","Relic","Card","Card","Relic"],"build_version":"2020-12-22","purchased_purges":1,"victory":false,"max_hp_per_floor":[85,85,85,85,85,85,85,85,85,85,85,85,85,85,85,85,85,85,85,85,85,85,85,85,85,85,85,85,85,85,85,85,85,85,85,85,85,85,85,85,85,85,85,85,85,85,85,85,85,85,85],"relic_stats":{"Strange Spoon":[36],"Nunchaku":[2],"Busted Crown":16,"counters":[29,130],"Gambling Chip":[35],"Kunai":[35],"Boot":[36],"obtain_stats":[{"meleeMod_PeoplesChamp":6,"relicPack:StarArrow":17,"DemoMod:GlassGuonStoneRelic":1,"halation:StarCompass":5,"Boot":45,"White Beast Statue":43,"Strange Spoon":19,"Nunchaku":45,"meleeMod_TeamBeerMang0":0,"meleeMod_NoKnee":30,"Busted Crown":34,"Gambling Chip":10,"Molten Egg 2":47,"Kunai":13,"DemoMod:Bottle":19,"meleeMod_LosersMang0":50,"DemoMod:JetPack":26},{"meleeMod_PeoplesChamp":4,"relicPack:StarArrow":11,"DemoMod:GlassGuonStoneRelic":1,"halation:StarCompass":3,"Boot":27,"White Beast Statue":27,"Strange Spoon":12,"Nunchaku":27,"meleeMod_TeamBeerMang0":0,"meleeMod_NoKnee":19,"Busted Crown":21,"Gambling Chip":7,"Molten Egg 2":27,"Kunai":9,"DemoMod:Bottle":12,"meleeMod_LosersMang0":29,"DemoMod:JetPack":16},{"meleeMod_PeoplesChamp":9,"relicPack:StarArrow":41,"DemoMod:GlassGuonStoneRelic":1,"halation:StarCompass":3,"Boot":118,"White Beast Statue":118,"Strange Spoon":45,"Nunchaku":118,"meleeMod_TeamBeerMang0":0,"meleeMod_NoKnee":82,"Busted Crown":93,"Gambling Chip":21,"Molten Egg 2":118,"Kunai":31,"DemoMod:Bottle":45,"meleeMod_LosersMang0":127,"DemoMod:JetPack":64}]},"card_choices":[{"not_picked":["meleeMod_NoDI","meleeMod_SweetSpot"],"picked":"meleeMod_UpTilt","floor":1.0},{"not_picked":["meleeMod_WaveDash","meleeMod_DashDance"],"picked":"meleeMod_FalconKick","floor":3.0},{"not_picked":["meleeMod_HaxDash","meleeMod_DashDance"],"picked":"meleeMod_FireFlower","floor":4.0},{"not_picked":["meleeMod_UpTilt","meleeMod_UpSmash"],"picked":"meleeMod_DropZone","floor":6.0},{"not_picked":["meleeMod_NippleSpike","meleeMod_ForwardTilt"],"picked":"meleeMod_BackAir","floor":7.0},{"not_picked":["meleeMod_Taunt","meleeMod_Wildfire"],"picked":"meleeMod_WaveLand","floor":8.0},{"not_picked":["meleeMod_ForwardTilt","meleeMod_WaveDash"],"picked":"meleeMod_FalconDive","floor":10.0},{"not_picked":["meleeMod_AirDodge","meleeMod_WaveDash"],"picked":"meleeMod_Gentleman","floor":11.0},{"not_picked":["meleeMod_WeTechThose","meleeMod_UpTilt"],"picked":"meleeMod_SoftKnee","floor":13.0},{"not_picked":["meleeMod_Pause","meleeMod_SweetSpot"],"picked":"meleeMod_Knee","floor":14.0},{"not_picked":["meleeMod_VCancel","meleeMod_WeTechThose"],"picked":"meleeMod_SDRemix","floor":16.0},{"not_picked":["meleeMod_Wildfire","meleeMod_DownSmash"],"picked":"meleeMod_WaveLand","floor":18.0},{"not_picked":["meleeMod_SweetSpot","meleeMod_ForwardTilt"],"picked":"meleeMod_DashDance+1","floor":20.0},{"not_picked":["meleeMod_ForwardTilt","meleeMod_WallJump"],"picked":"meleeMod_CrouchCancel+1","floor":21.0},{"not_picked":["meleeMod_ForwardSmash","meleeMod_Gentleman"],"picked":"meleeMod_DownTilt+1","floor":24.0},{"not_picked":["meleeMod_UpSmash","meleeMod_SweetSpot+1"],"picked":"meleeMod_MindReader","floor":25.0},{"not_picked":["meleeMod_ForwardTilt","meleeMod_SweetSpot"],"picked":"meleeMod_RaptorBoost","floor":27.0},{"not_picked":["meleeMod_WaveDash","meleeMod_Moonwalking","meleeMod_RaptorBoost"],"picked":"SKIP","floor":29.0},{"not_picked":["meleeMod_DashDance","meleeMod_Gentleman"],"picked":"meleeMod_SuperSpicyCurry+1","floor":30.0},{"not_picked":["meleeMod_Gentleman","meleeMod_UpTilt"],"picked":"meleeMod_ForwardSmash","floor":31.0},{"not_picked":["meleeMod_LoseStock","meleeMod_AmsahTech"],"picked":"meleeMod_UCF","floor":33.0},{"not_picked":["meleeMod_BackAir"],"picked":"SKIP","floor":35.0},{"not_picked":[],"picked":"meleeMod_Cautious","floor":36.0},{"not_picked":[],"picked":"meleeMod_ForwardTilt","floor":37.0},{"not_picked":[],"picked":"meleeMod_FalconKick","floor":39.0},{"not_picked":[],"picked":"meleeMod_FalconDive+1","floor":41.0},{"not_picked":[],"picked":"meleeMod_L_Cancel","floor":42},{"not_picked":[],"picked":"meleeMod_Gentleman+1","floor":48}],"player_experience":31206,"relics_obtained":[{"floor":6.0,"key":"meleeMod_PeoplesChamp"},{"floor":10.0,"key":"Gambling Chip"},{"floor":13.0,"key":"Kunai"},{"floor":26.0,"key":"DemoMod:JetPack"},{"floor":30.0,"key":"meleeMod_NoKnee"},{"floor":43,"key":"White Beast Statue"}],"event_choices":[{"damage_healed":0.0,"max_hp_gain":0.0,"max_hp_loss":0.0,"gold_gain":0.0,"event_name":"Living Wall","player_choice":"Grow","floor":2.0,"gold_loss":0.0,"damage_taken":0.0,"cards_upgraded":["meleeMod_BackAir"]},{"damage_healed":0.0,"max_hp_gain":0.0,"max_hp_loss":0.0,"gold_gain":0.0,"event_name":"Golden Idol","player_choice":"Ignored","floor":12.0,"gold_loss":0.0,"damage_taken":0.0},{"damage_healed":0.0,"max_hp_gain":0.0,"max_hp_loss":0.0,"gold_gain":99.0,"event_name":"Nest","player_choice":"Stole From Cult","floor":22.0,"gold_loss":0.0,"damage_taken":0.0},{"damage_healed":0.0,"max_hp_gain":0.0,"max_hp_loss":0.0,"gold_gain":300.0,"event_name":"Wheel of Change","player_choice":"Gold","floor":38.0,"gold_loss":0.0,"damage_taken":0.0}],"is_beta":false,"boss_relics":[{"not_picked":["Calling Bell","Black Star"],"picked":"relicPack:StarArrow"},{"not_picked":["meleeMod_EvidenceZip","Empty Cage"],"picked":"Busted Crown"}],"items_purged_floors":[45],"is_endless":false,"potions_floor_spawned":[1,4,6,13,14,24,25,31,33,35,37,41,48],"killed_by":"Donu and Deca","ascension_level":1}}