{"host":"y5gwkyp54bvo4ymw","time":1613577837,"event":{"mods":["Aspiration","BaseMod","Better Synergies","Better Third Choice","BetterRewards","Challenge The Spire","Clawfect","Colored Map","Conspire","DeckTracker","Dota2Spire","Energized Spire","GifTheSpireLib","Gold Saver","Halation","Hermit","Hubris","Infinite Spire","Jedi Mod","Minty Spire (QoL Compilation)","Permanent Neow","Rare Cards Sparkle","Reliquary","Replay The Spire","Spikes Relics","StSLib","Stuff the Spire","The Blue Laboratory","The Cursed","Virulent Crown","Wandering Minibosses"],"gold_per_floor":[196,211,231,231,247,247,1,36,36,36,36,36],"floor_reached":11,"language":"ENG","playtime":2613,"items_purged":[],"score":77,"play_id":"995d4324-9295-4ea4-b54c-033bdb8a8741","local_time":"20210217110357","is_ascension_mode":true,"campfire_choices":[{"data":"hermit:Snapshot","floor":6,"key":"SMITH"}],"circlet_count":0,"master_deck":["hermit:Strike_Hermit","hermit:Strike_Hermit","hermit:Strike_Hermit","hermit:Strike_Hermit","hermit:Defend_Hermit","hermit:Defend_Hermit","hermit:Defend_Hermit","hermit:Defend_Hermit","hermit:Snapshot+1","hermit:Covet","Defend_P","hubris:Defend_Merchant","hermit:Reprieve","hermit:Grudge","hermit:ShadowCloak","hermit:Deadeye","hermit:SprayPray","hermit:BigShot"],"relics":["hermit:Momento","StuffTheSpire:HeavyRock","Blue Candle","Oddly Smooth Stone","Strawberry"],"acts_visited":["Exordium"],"potions_floor_usage":[],"damage_taken":[{"damage":2,"enemies":"Cultist","floor":1,"turns":5},{"damage":1,"enemies":"Jaw Worm","floor":2,"turns":6},{"damage":0,"enemies":"2 Louse","floor":3,"turns":3},{"damage":12,"enemies":"Blue Slaver","floor":5,"turns":4},{"damage":38,"enemies":"Gremlin Nob","floor":8,"turns":5},{"damage":13,"enemies":"3 Sentries","floor":11,"turns":3}],"seed_played":"-11094718085861955","potions_obtained":[{"floor":1,"key":"LiquidMemories"},{"floor":3,"key":"Energy Potion"}],"is_trial":false,"path_per_floor":["M","M","M","?","M","R","$","E","T","T","E"],"character_chosen":"HERMIT","items_purchased":["hermit:SprayPray","hermit:BigShot","StuffTheSpire:HeavyRock"],"campfire_rested":0,"item_purchase_floors":[7,7,7],"current_hp_per_floor":[73,72,72,75,63,63,63,25,25,32,19,19],"gold":36,"neow_bonus":"THREE_RARE_CARDS","is_daily":false,"chose_seed":false,"campfire_upgraded":1,"win_rate":0.0,"timestamp":1613577837,"path_taken":["M","M","M","?","?","R","$","E","T","?","E"],"items_purchased_type":["Card","Card","Relic"],"build_version":"2020-12-22","purchased_purges":0,"victory":false,"max_hp_per_floor":[75,75,75,75,75,75,75,75,75,82,82,82],"card_choices":[{"not_picked":["hermit:OverwhelmingPower","hermit:BlackWind"],"picked":"hermit:Reprieve","floor":0},{"not_picked":["hermit:Quickdraw","hermit:TrackingShot"],"picked":"hermit:Grudge","floor":1},{"not_picked":["hermit:Ricochet","hermit:SprayPray"],"picked":"hermit:ShadowCloak","floor":2},{"not_picked":["hermit:LoneWolf","hermit:HighNoon"],"picked":"hermit:Deadeye","floor":3},{"not_picked":["hermit:Glare","hermit:Feint","hermit:WideOpen"],"picked":"SKIP","floor":5},{"not_picked":["hermit:Desperado","hermit:Ricochet","hermit:TakeAim"],"picked":"SKIP","floor":8}],"player_experience":598112,"relics_obtained":[{"floor":8,"key":"Blue Candle"},{"floor":9,"key":"Oddly Smooth Stone"},{"floor":10,"key":"Strawberry"}],"event_choices":[],"is_beta":false,"boss_relics":[],"items_purged_floors":[],"is_endless":false,"potions_floor_spawned":[1,3],"killed_by":"3 Sentries","ascension_level":1}}