{"host":"czzthkrvfe6r7fjf","time":1613542903,"event":{"mods":["ATMod(∞¢Ë™Mod)","Act Like it!","BaseMod","Downfall","GungeonMod","Marisa£®ÏF”Í°°ƒß¿Ì…≥£©","Minty Spire (QoL Compilation)","Quick Restart","StSLib","The Servant 0.9.4","Waifu the Spire","°æπ¶ƒ‹Mod°øªÏ„Á÷Æª∑–ﬁ∏¥≤π∂°"],"gold_per_floor":[119,44,44,64,64,64,92,109,135,162,177,177,206,221,221,324,324,338,358,55,55,55,55,67,95,95,425,425,438,468,486,486,588,588,604,514,261,273,287,317,317,342,414,445,445,464,474,76,76,76],"floor_reached":51,"language":"ZHS","playtime":1298,"items_purged":["Strike_R","Defend_R","Defend_R"],"score":1083,"play_id":"757c550e-0d16-4f6e-91d0-670b6dbe67e2","local_time":"20210217142143","is_ascension_mode":true,"campfire_choices":[{"data":"Anger","floor":6.0,"key":"SMITH"},{"data":"Dual Wield","floor":12.0,"key":"SMITH"},{"data":"Fire Breathing","floor":15.0,"key":"SMITH"},{"data":"Double Tap","floor":23.0,"key":"SMITH"},{"data":"Offering","floor":28.0,"key":"SMITH"},{"data":"Exhume","floor":32.0,"key":"SMITH"},{"data":"AT_Dispersion","floor":45,"key":"SMITH"},{"data":"Fire Breathing","floor":49,"key":"SMITH"}],"circlet_count":0,"master_deck":["Defend_R+1","Defend_R","AT_Desolate+1","Anger+1","Rampage","Fire Breathing+1","Dual Wield+1","Double Tap+1","Shockwave+1","Slimebound:Tackle+1","Slimebound:Tackle+1","downfall:Haunted","downfall:Haunted","downfall:Haunted","Exhume+1","Doubt","Whirlwind+1","Offering+1","AT_Dispersion+1","Warcry+1","Parasite","Fire Breathing+1"],"relics":["Burning Blood","AT_ATBox","NeowsBlessing","AT_BladeRuinedKing","Happy Flower","Potion Belt","MealTicket","Dream Catcher","AT_TrinityForce","AT_Kusabimaru","Du-Vu Doll","AT_EbonyIvory","Eternal Feather","Old Coin","DemoMod:JetPack","SlaversCollar","Medical Kit","DemoMod:RingOfEthereal","Centennial Puzzle","Mercury Hourglass","Question Card","TheAbacus"],"acts_visited":["Exordium","TheCity","TheBeyond"],"potions_floor_usage":[40,50,50],"damage_taken":[{"damage":0.0,"enemies":"Cultist","floor":1.0,"turns":1.0},{"damage":0.0,"enemies":"Small Slimes","floor":4.0,"turns":1.0},{"damage":0.0,"enemies":"Lagavulin","floor":7.0,"turns":1.0},{"damage":0.0,"enemies":"2 Louse","floor":8.0,"turns":2.0},{"damage":19.0,"enemies":"3 Sentries","floor":10.0,"turns":7.0},{"damage":10.0,"enemies":"Looter","floor":11.0,"turns":3.0},{"damage":0.0,"enemies":"Gremlin Nob","floor":13.0,"turns":2.0},{"damage":2.0,"enemies":"Red Slaver","floor":14.0,"turns":2.0},{"damage":22.0,"enemies":"The Guardian","floor":16.0,"turns":5.0},{"damage":9.0,"enemies":"Spheric Guardian","floor":18.0,"turns":3.0},{"damage":10.0,"enemies":"2 Thieves","floor":19.0,"turns":2.0},{"damage":6.0,"enemies":"Snake Plant","floor":24.0,"turns":1.0},{"damage":23.0,"enemies":"Slavers","floor":25.0,"turns":4.0},{"damage":12.0,"enemies":"Gremlin Leader","floor":27.0,"turns":2.0},{"damage":8.0,"enemies":"Centurion and Healer","floor":29.0,"turns":2.0},{"damage":9.0,"enemies":"Book of Stabbing","floor":30.0,"turns":2.0},{"damage":0.0,"enemies":"3 Cultists","floor":31.0,"turns":2.0},{"damage":23.0,"enemies":"Automaton","floor":33.0,"turns":3.0},{"damage":20,"enemies":"3 Shapes","floor":35,"turns":2},{"damage":0,"enemies":"Orb Walker","floor":38,"turns":1},{"damage":3,"enemies":"Writhing Mass","floor":39,"turns":3},{"damage":6,"enemies":"Reptomancer","floor":40,"turns":2},{"damage":6,"enemies":"Giant Head","floor":42,"turns":1},{"damage":25,"enemies":"Reptomancer","floor":44,"turns":3},{"damage":12,"enemies":"Transient","floor":46,"turns":3},{"damage":19,"enemies":"Maw","floor":47,"turns":3},{"damage":41,"enemies":"Time Eater","floor":50,"turns":6}],"seed_played":"-5405283233664616546","potions_obtained":[{"floor":1.0,"key":"bronze:BurnAndBuffPotion"},{"floor":8.0,"key":"Fire Potion"},{"floor":11.0,"key":"DistilledChaos"},{"floor":13.0,"key":"DemoMod:BlankPotion"},{"floor":24.0,"key":"Fruit Juice"},{"floor":25.0,"key":"DistilledChaos"},{"floor":30.0,"key":"Guardian:BlockOnCardUsePotion"},{"floor":33.0,"key":"ColorlessPotion"},{"floor":46,"key":"SpeedPotion"},{"floor":47,"key":"PowerPotion"}],"is_trial":false,"path_per_floor":["M","$","?","M","?","R","E","M","T","E","M","R","E","M","R","B",null,"M","M","$","?","?","R","M","E","T","E","R","M","E","M","R","B",null,"M","?","$","M","M","E","?","E","T","E","R","M","M","$","R","B",null],"character_chosen":"IRONCLAD","items_purchased":["AT_Kusabimaru","Medical Kit","TheAbacus","Fire Breathing","BlessingOfTheForge"],"campfire_rested":0,"item_purchase_floors":[20,37,48,48,48],"current_hp_per_floor":[80,80,77,80,80,80,80,80,80,67,63,63,69,73,73,57,80,77,73,80,80,85,85,90,73,73,67,79,77,74,80,90,73,90,76,76,90,90,90,90,90,90,90,71,83,77,64,79,90,55],"gold":76,"neow_bonus":"THREE_ENEMY_KILL","is_daily":false,"chose_seed":false,"campfire_upgraded":8,"win_rate":0.0,"timestamp":1613542903,"path_taken":["M","?","?","M","?","R","E","M","T","E","?","R","E","M","R","BOSS","M","M","$","?","?","R","M","E","T","E","R","M","E","M","R","BOSS","M","?","$","?","M","E","?","E","T","E","R","M","M","$","R","BOSS"],"items_purchased_type":["Relic","Relic","Relic","Card","Potion"],"build_version":"2020-12-22","purchased_purges":3,"victory":true,"max_hp_per_floor":[80,80,80,80,80,80,80,80,80,80,80,80,80,80,80,80,80,80,80,80,80,85,85,90,90,90,90,90,90,90,90,90,90,90,90,90,90,90,90,90,90,90,90,90,90,90,90,90,90,90],"card_choices":[{"not_picked":["Uppercut","Feel No Pain"],"picked":"Anger","floor":1.0},{"not_picked":["Wild Strike","Iron Wave","Uppercut"],"picked":"SKIP","floor":4.0},{"not_picked":["Spot Weakness","Wild Strike"],"picked":"Rampage","floor":7.0},{"not_picked":["Havoc","Evolve","Bloodletting"],"picked":"SKIP","floor":8.0},{"not_picked":["True Grit","Perfected Strike"],"picked":"Fire Breathing","floor":10.0},{"not_picked":["Searing Blow","Clash"],"picked":"Dual Wield","floor":11.0},{"not_picked":["Berserk","Clash","Pommel Strike"],"picked":"SKIP","floor":13.0},{"not_picked":["DemoMod:WhiteBlade","Evolve","Warcry"],"picked":"SKIP","floor":14.0},{"not_picked":["Reaper","Juggernaut"],"picked":"Double Tap","floor":16.0},{"not_picked":["Uppercut","True Grit","Perfected Strike"],"picked":"SKIP","floor":18.0},{"not_picked":["AT_IchimonjiDouble+1","Flex"],"picked":"Shockwave+1","floor":19.0},{"not_picked":["Twin Strike","Perfected Strike+1","AT_DiedThrough+1"],"picked":"SKIP","floor":24.0},{"not_picked":["Battle Trance","Iron Wave"],"picked":"Whirlwind+1","floor":25.0},{"not_picked":["Havoc","Exhume"],"picked":"Offering","floor":27.0},{"not_picked":["Clash","Dark Embrace+1","Warcry"],"picked":"SKIP","floor":29.0},{"not_picked":["AT_DiedThrough","Corruption","Headbutt"],"picked":"SKIP","floor":30.0},{"not_picked":["Anger","Cleave","AT_IchimonjiDouble"],"picked":"SKIP","floor":31.0},{"not_picked":["Immolate","Demon Form"],"picked":"AT_Dispersion","floor":33.0},{"not_picked":["Heavy Blade","AT_DiedThrough+1"],"picked":"Warcry+1","floor":35},{"not_picked":["Pommel Strike+1","Cleave+1","Clash"],"picked":"SKIP","floor":38},{"not_picked":["Dark Embrace+1","Seeing Red","Shockwave"],"picked":"SKIP","floor":39},{"not_picked":["Heavy Blade","Clothesline","Havoc"],"picked":"SKIP","floor":40},{"not_picked":["AT_IchimonjiDouble+1","Body Slam","Heavy Blade+1"],"picked":"SKIP","floor":42},{"not_picked":["AT_CaressingTears","Heavy Blade+1","Perfected Strike+1"],"picked":"SKIP","floor":44},{"not_picked":["True Grit+1","Havoc+1","Sever Soul","Iron Wave"],"picked":"SKIP","floor":46},{"not_picked":["True Grit+1","Dark Embrace","AT_DrawKnifeCut","Thunderclap+1"],"picked":"SKIP","floor":47}],"player_experience":139372,"relics_obtained":[{"floor":7.0,"key":"Happy Flower"},{"floor":9.0,"key":"Potion Belt"},{"floor":10.0,"key":"MealTicket"},{"floor":13.0,"key":"Dream Catcher"},{"floor":25.0,"key":"AT_EbonyIvory"},{"floor":26.0,"key":"Eternal Feather"},{"floor":27.0,"key":"Old Coin"},{"floor":30.0,"key":"DemoMod:JetPack"},{"floor":40,"key":"DemoMod:RingOfEthereal"},{"floor":42,"key":"Centennial Puzzle"},{"floor":43,"key":"Mercury Hourglass"},{"floor":44,"key":"Question Card"}],"event_choices":[{"damage_healed":0.0,"max_hp_gain":0.0,"max_hp_loss":0.0,"gold_gain":0.0,"event_name":"Scrap Ooze","player_choice":"Success","floor":3.0,"gold_loss":0.0,"damage_taken":3.0,"relics_obtained":["AT_BladeRuinedKing"]},{"damage_healed":0.0,"max_hp_gain":0.0,"max_hp_loss":0.0,"gold_gain":0.0,"event_name":"Upgrade Shrine","player_choice":"Upgraded","floor":5.0,"gold_loss":0.0,"damage_taken":0.0,"cards_upgraded":["AT_Desolate"]},{"cards_removed":["Bash"],"damage_healed":0,"gold_gain":0,"player_choice":"Upgrade and Remove","damage_taken":0,"max_hp_gain":0,"max_hp_loss":0,"event_name":"Designer","floor":36,"gold_loss":90,"cards_upgraded":["Defend_R"]},{"cards_removed":["Slimebound:Tackle"],"damage_healed":0,"gold_gain":0,"player_choice":"Removed Attack","damage_taken":0,"max_hp_gain":0,"max_hp_loss":0,"event_name":"Falling","floor":41,"gold_loss":0}],"is_beta":false,"boss_relics":[{"not_picked":["Ectoplasm","Tiny House"],"picked":"AT_TrinityForce"},{"not_picked":["Astrolabe","Coffee Dripper"],"picked":"SlaversCollar"}],"items_purged_floors":[2,37,48],"is_endless":false,"potions_floor_spawned":[1,8,11,13,24,25,30,31,33,35,39,46,47],"ascension_level":1}}