{"host":"fbdlh90rovbiajun","time":1613532110,"event":{"mods":["AchievementEnabler","BaseMod","Colored Map","Keyboard Shortcuts","Minty Spire (QoL Compilation)","SuperFastMode"],"gold_per_floor":[109,125,125,125,136,136,168,181,208,249,286,315,327,351,363,479,541,569,581,609,621,332,332,362,184,235,334,334,25,25,25,25,129,129,145,163,163,213,8,8,8],"floor_reached":40,"language":"KOR","playtime":1847,"items_purged":["Strike_B","Strike_B","Strike_B"],"score":414,"play_id":"f2b392de-ad82-4889-a1f5-3ff6e1963a08","local_time":"20210217122150","is_ascension_mode":false,"campfire_choices":[{"data":"Fusion","floor":6.0,"key":"SMITH"},{"floor":15.0,"key":"REST"},{"data":"Defragment","floor":23.0,"key":"SMITH"},{"data":"Loop","floor":28.0,"key":"SMITH"},{"data":"Hologram","floor":30.0,"key":"SMITH"},{"data":"Capacitor","floor":32.0,"key":"SMITH"}],"circlet_count":0,"master_deck":["Defend_B+1","Defend_B+1","Zap+1","Dualcast+1","Tempest+1","Ball Lightning+1","Steam Power+1","Fusion+1","Cold Snap+1","Conserve Battery+1","Compile Driver+1","Self Repair+1","Hologram+1","Sweeping Beam+1","Streamline+1","Beam Cell+1","Aggregate+1","Defragment+1","Loop+1","Capacitor+1","Seek+1","Coolheaded+1","Machine Learning+1","Hello World+1","Defragment+1"],"relics":["Astrolabe","Bag of Marbles","Dream Catcher","Potion Belt","MawBank","Ancient Tea Set","Odd Mushroom","FossilizedHelix","Tiny House","Spirit Poop","Girya","Frozen Eye","Red Mask","Centennial Puzzle","Inserter","Mark of the Bloom","Calipers","DollysMirror"],"acts_visited":["Exordium","TheCity","TheBeyond"],"potions_floor_usage":[],"damage_taken":[{"damage":6.0,"enemies":"Jaw Worm","floor":1.0,"turns":2.0},{"damage":0.0,"enemies":"2 Louse","floor":2.0,"turns":2.0},{"damage":4.0,"enemies":"Cultist","floor":5.0,"turns":2.0},{"damage":12.0,"enemies":"Gremlin Nob","floor":7.0,"turns":3.0},{"damage":3.0,"enemies":"Blue Slaver","floor":8.0,"turns":3.0},{"damage":25.0,"enemies":"3 Sentries","floor":10.0,"turns":6.0},{"damage":12.0,"enemies":"The Mushroom Lair","floor":11.0,"turns":3.0},{"damage":2.0,"enemies":"2 Fungi Beasts","floor":12.0,"turns":3.0},{"damage":10.0,"enemies":"Looter","floor":14.0,"turns":3.0},{"damage":15.0,"enemies":"Slime Boss","floor":16.0,"turns":7.0},{"damage":4.0,"enemies":"Chosen","floor":18.0,"turns":3.0},{"damage":26.0,"enemies":"2 Thieves","floor":20.0,"turns":4.0},{"damage":17.0,"enemies":"Masked Bandits","floor":24.0,"turns":4.0},{"damage":15.0,"enemies":"Champ","floor":33.0,"turns":8.0},{"damage":23.0,"enemies":"3 Darklings","floor":35.0,"turns":5.0},{"damage":5.0,"enemies":"3 Shapes","floor":36.0,"turns":4.0},{"damage":55.0,"enemies":"2 Orb Walkers","floor":38.0,"turns":7.0},{"damage":16,"enemies":"Nemesis","floor":40,"turns":4}],"seed_played":"-8867847733371147110","potions_obtained":[{"floor":1.0,"key":"AttackPotion"},{"floor":7.0,"key":"Explosive Potion"},{"floor":8.0,"key":"SneckoOil"},{"floor":11.0,"key":"DistilledChaos"},{"floor":14.0,"key":"BlessingOfTheForge"},{"floor":17.0,"key":"Ancient Potion"},{"floor":20.0,"key":"PotionOfCapacity"},{"floor":33.0,"key":"SpeedPotion"},{"floor":35.0,"key":"LiquidBronze"},{"floor":36.0,"key":"Dexterity Potion"}],"is_trial":false,"path_per_floor":["M","M","?","?","M","R","E","M","T","E","?","M","T","M","R","B",null,"M","?","M","?","$","R","?","$","T","?","R","$","R","$","R","B",null,"M","M","?","?","$","E"],"character_chosen":"DEFECT","items_purchased":["Loop","Frozen Eye","Capacitor","Seek","Coolheaded","DollysMirror","FocusPotion"],"campfire_rested":1,"item_purchase_floors":[22,22,25,29,29,39,39],"current_hp_per_floor":[69,69,69,66,62,62,50,47,47,29,17,15,15,5,27,12,80,76,76,57,57,57,57,40,40,40,40,40,40,40,40,40,32,80,64,66,66,11,11,0,0],"gold":8,"neow_bonus":"BOSS_RELIC","is_daily":false,"chose_seed":false,"campfire_upgraded":5,"win_rate":0.0,"timestamp":1613532110,"path_taken":["M","M","?","?","M","R","E","M","T","E","?","M","?","M","R","BOSS","M","?","?","?","$","R","?","$","T","?","R","?","R","$","R","BOSS","M","M","?","?","$","E"],"items_purchased_type":["Card","Relic","Card","Card","Card","Relic","Potion"],"build_version":"2020-12-22","purchased_purges":3,"victory":false,"max_hp_per_floor":[75,75,75,75,75,75,75,75,75,75,75,75,75,75,75,75,80,80,80,80,80,80,80,80,80,80,80,80,80,80,80,80,80,80,80,80,80,80,80,80,80],"card_choices":[{"not_picked":["Chaos","Rip and Tear"],"picked":"Fusion","floor":1.0},{"not_picked":["Beam Cell","Hologram"],"picked":"Cold Snap","floor":2.0},{"not_picked":["Stack","Cold Snap"],"picked":"Conserve Battery","floor":5.0},{"not_picked":["Hello World","Leap"],"picked":"Compile Driver","floor":7.0},{"not_picked":["Tempest","Darkness"],"picked":"Self Repair","floor":8.0},{"not_picked":["Static Discharge","Auto Shields"],"picked":"Hologram","floor":10.0},{"not_picked":["Steam","Compile Driver"],"picked":"Sweeping Beam","floor":11.0},{"not_picked":["Leap","Compile Driver","Biased Cognition"],"picked":"SKIP","floor":12.0},{"not_picked":["Conserve Battery","Sweeping Beam"],"picked":"Streamline","floor":14.0},{"not_picked":["Turbo","Scrape"],"picked":"Beam Cell","floor":15.0},{"not_picked":["Hello World","Sweeping Beam"],"picked":"Aggregate","floor":17.0},{"not_picked":["Cold Snap","Steam","Rebound"],"picked":"SKIP","floor":18.0},{"not_picked":["Self Repair","Stack"],"picked":"Defragment","floor":20.0},{"not_picked":["Buffer","Echo Form"],"picked":"Machine Learning","floor":33.0},{"not_picked":["Leap","Chaos"],"picked":"Hello World","floor":35.0},{"not_picked":["Compile Driver+1","Lockon","Conserve Battery"],"picked":"SKIP","floor":36.0}],"player_experience":68681,"relics_obtained":[{"floor":7.0,"key":"Potion Belt"},{"floor":9.0,"key":"MawBank"},{"floor":10.0,"key":"Ancient Tea Set"},{"floor":11.0,"key":"Odd Mushroom"},{"floor":13.0,"key":"FossilizedHelix"},{"floor":24.0,"key":"Red Mask"},{"floor":26.0,"key":"Centennial Puzzle"},{"floor":38.0,"key":"Calipers"}],"event_choices":[{"damage_healed":0.0,"max_hp_gain":0.0,"max_hp_loss":0.0,"gold_gain":0.0,"event_name":"Big Fish","player_choice":"Box","floor":3.0,"gold_loss":0.0,"damage_taken":0.0,"relics_obtained":["Bag of Marbles"],"cards_obtained":["Regret"]},{"damage_healed":0.0,"max_hp_gain":0.0,"max_hp_loss":0.0,"gold_gain":0.0,"event_name":"Scrap Ooze","player_choice":"Success","floor":4.0,"gold_loss":0.0,"damage_taken":3.0,"relics_obtained":["Dream Catcher"]},{"damage_healed":0.0,"max_hp_gain":0.0,"max_hp_loss":0.0,"gold_gain":0.0,"event_name":"Mushrooms","player_choice":"Fought Mushrooms","floor":11.0,"gold_loss":0.0,"damage_taken":0.0},{"cards_removed":["Regret"],"damage_healed":0.0,"max_hp_gain":0.0,"max_hp_loss":0.0,"gold_gain":0.0,"event_name":"Bonfire Elementals","player_choice":"Offered Curse","floor":19.0,"gold_loss":0.0,"damage_taken":0.0,"relics_obtained":["Spirit Poop"]},{"damage_healed":0.0,"max_hp_gain":0.0,"max_hp_loss":0.0,"gold_gain":0.0,"event_name":"The Mausoleum","player_choice":"Opened","floor":21.0,"gold_loss":0.0,"damage_taken":0.0,"relics_obtained":["Girya"]},{"damage_healed":0.0,"max_hp_gain":0.0,"max_hp_loss":0.0,"gold_gain":0.0,"event_name":"Masked Bandits","player_choice":"Fought Bandits","floor":24.0,"gold_loss":0.0,"damage_taken":0.0},{"damage_healed":0.0,"max_hp_gain":0.0,"max_hp_loss":0.0,"gold_gain":99.0,"event_name":"Nest","player_choice":"Stole From Cult","floor":27.0,"gold_loss":0.0,"damage_taken":0.0},{"damage_healed":0.0,"max_hp_gain":0.0,"max_hp_loss":0.0,"gold_gain":0.0,"event_name":"MindBloom","player_choice":"Upgrade","floor":37.0,"gold_loss":0.0,"damage_taken":0.0,"cards_upgraded":["Defend_B","Defend_B","Dualcast","Cold Snap","Conserve Battery","Compile Driver","Self Repair","Sweeping Beam","Streamline","Beam Cell","Aggregate","Seek","Coolheaded","Machine Learning","Hello World"],"relics_obtained":["Mark of the Bloom"]},{"damage_healed":0.0,"max_hp_gain":0.0,"max_hp_loss":0.0,"gold_gain":0.0,"event_name":"Mysterious Sphere","player_choice":"Fight","floor":38.0,"gold_loss":0.0,"damage_taken":0.0}],"is_beta":false,"boss_relics":[{"not_picked":["Snecko Eye","Runic Dome"],"picked":"Tiny House"},{"not_picked":["Cursed Key","Runic Pyramid"],"picked":"Inserter"}],"items_purged_floors":[22,25,29],"is_endless":false,"potions_floor_spawned":[1,7,8,11,14,20,33,35,36],"killed_by":"Nemesis","ascension_level":0}}