{"host":"hfxp6ue4pvwo3fit","time":1613500011,"event":{"mods":["AchievementEnabler","BaseMod","Colored Map","Colored Powertips","Highlight Path","Minty Spire (QoL Compilation)","Relic Stats","StSLib","SuperFastMode"],"gold_per_floor":[116,128,128,148,160,160,174,174,228,228,303,303,337,353,353,428,428,445,65,58,58,58,58,58],"floor_reached":23,"language":"ENG","playtime":747,"items_purged":["Strike_G"],"score":382,"play_id":"5fa9aea5-ba14-4750-98ce-f7f402032b44","local_time":"20210216122651","is_ascension_mode":true,"campfire_choices":[{"floor":6,"key":"REST"},{"data":"Storm of Steel","floor":8,"key":"SMITH"},{"data":"Leg Sweep","floor":10,"key":"SMITH"},{"floor":12,"key":"REST"},{"data":"Poisoned Stab","floor":15,"key":"SMITH"}],"circlet_count":0,"master_deck":["AscendersBane","Strike_G","Strike_G","Strike_G","Strike_G","Defend_G","Defend_G+1","Defend_G","Defend_G","Defend_G+1","Survivor","Neutralize","Storm of Steel+1","Slice","Acrobatics","Leg Sweep+1","Poisoned Stab+1","PiercingWail","Glass Knife","Deadly Poison+1","Deadly Poison","Caltrops","Ghostly","Ghostly","Ghostly"],"relics":["Ring of the Snake","Smiling Mask","Paper Crane","Coffee Dripper","Ornamental Fan","Enchiridion"],"acts_visited":["Exordium","TheCity"],"potions_floor_usage":[13,16,20],"damage_taken":[{"damage":1,"enemies":"Cultist","floor":1,"turns":4},{"damage":6,"enemies":"Small Slimes","floor":2,"turns":4},{"damage":0,"enemies":"2 Louse","floor":4,"turns":3},{"damage":5,"enemies":"Exordium Wildlife","floor":5,"turns":5},{"damage":1,"enemies":"Blue Slaver","floor":7,"turns":4},{"damage":23,"enemies":"Lagavulin","floor":13,"turns":7},{"damage":0,"enemies":"2 Fungi Beasts","floor":14,"turns":2},{"damage":3,"enemies":"The Guardian","floor":16,"turns":16},{"damage":3,"enemies":"Shell Parasite","floor":18,"turns":9},{"damage":1,"enemies":"2 Thieves","floor":20,"turns":4},{"damage":15,"enemies":"Gremlin Leader","floor":23,"turns":4}],"seed_played":"-8663184347633113053","potions_obtained":[{"floor":5,"key":"SteroidPotion"},{"floor":7,"key":"SpeedPotion"},{"floor":14,"key":"Regen Potion"},{"floor":16,"key":"ColorlessPotion"},{"floor":20,"key":"SteroidPotion"}],"is_trial":false,"path_per_floor":["M","M","?","M","M","R","M","R","T","R","?","R","E","M","R","B",null,"M","$","M","?","?","E"],"character_chosen":"THE_SILENT","items_purchased":["Ornamental Fan","Deadly Poison"],"campfire_rested":2,"item_purchase_floors":[19,19],"current_hp_per_floor":[43,37,17,17,12,31,30,30,30,30,19,38,15,15,15,27,56,53,53,52,33,12,0,0],"gold":58,"neow_bonus":"THREE_RARE_CARDS","is_daily":false,"chose_seed":false,"campfire_upgraded":3,"win_rate":0.0,"timestamp":1613500011,"path_taken":["M","?","?","M","M","R","M","R","T","R","?","R","E","M","R","BOSS","M","$","M","?","?","E"],"items_purchased_type":["Relic","Card"],"build_version":"2020-12-22","purchased_purges":1,"victory":false,"max_hp_per_floor":[66,66,66,66,66,66,66,66,66,66,66,66,66,66,66,66,66,66,66,66,33,33,33,33],"relic_stats":{"counters":[11,62],"Ornamental Fan":[4],"Smiling Mask":25,"obtain_stats":[{"Ornamental Fan":19,"Enchiridion":22,"Coffee Dripper":17,"Paper Crane":13,"Smiling Mask":9,"Ring of the Snake":0},{"Ornamental Fan":9,"Enchiridion":10,"Coffee Dripper":8,"Paper Crane":6,"Smiling Mask":5,"Ring of the Snake":0},{"Ornamental Fan":54,"Enchiridion":58,"Coffee Dripper":45,"Paper Crane":27,"Smiling Mask":20,"Ring of the Snake":0}],"Ring of the Snake":[22]},"card_choices":[{"not_picked":["Burst","A Thousand Cuts"],"picked":"Storm of Steel","floor":0},{"not_picked":["Deflect","Terror"],"picked":"Slice","floor":1},{"not_picked":["Deflect","Eviscerate"],"picked":"Acrobatics","floor":2},{"not_picked":["Accuracy","Dagger Throw"],"picked":"Leg Sweep","floor":4},{"not_picked":["Tactician","Dagger Throw"],"picked":"Poisoned Stab","floor":5},{"not_picked":["Prepared","Dagger Throw","Sucker Punch"],"picked":"SKIP","floor":7},{"not_picked":["Outmaneuver","Reflex","Underhanded Strike"],"picked":"SKIP","floor":13},{"not_picked":["Concentrate","Well Laid Plans"],"picked":"PiercingWail","floor":14},{"not_picked":["A Thousand Cuts","Grand Finale"],"picked":"Glass Knife","floor":16},{"not_picked":["Sucker Punch","Crippling Poison"],"picked":"Deadly Poison+1","floor":18},{"not_picked":["Flechettes","Masterful Stab"],"picked":"Caltrops","floor":20}],"player_experience":518316,"relics_obtained":[{"floor":9,"key":"Smiling Mask"},{"floor":13,"key":"Paper Crane"},{"floor":22,"key":"Enchiridion"}],"event_choices":[{"damage_healed":0,"gold_gain":0,"player_choice":"Entered Light","damage_taken":20,"max_hp_gain":0,"max_hp_loss":0,"event_name":"Shining Light","floor":3,"gold_loss":0,"cards_upgraded":["Defend_G","Defend_G"]},{"damage_healed":0,"gold_gain":75,"player_choice":"Gather Gold","damage_taken":11,"max_hp_gain":0,"max_hp_loss":0,"event_name":"World of Goop","floor":11,"gold_loss":0},{"damage_healed":0,"gold_gain":0,"player_choice":"Became a Ghost","damage_taken":0,"max_hp_gain":0,"max_hp_loss":33,"event_name":"Ghosts","floor":21,"gold_loss":0,"cards_obtained":["Ghostly","Ghostly","Ghostly"]},{"damage_healed":0,"gold_gain":0,"player_choice":"Obtained Book","damage_taken":21,"max_hp_gain":0,"max_hp_loss":0,"event_name":"Cursed Tome","floor":22,"gold_loss":0}],"is_beta":false,"boss_relics":[{"not_picked":["Fusion Hammer","Busted Crown"],"picked":"Coffee Dripper"}],"items_purged_floors":[19],"is_endless":false,"potions_floor_spawned":[5,7,14,16,20],"killed_by":"Gremlin Leader","ascension_level":20}}