{"host":"kcg3v0hgymzitgl9","time":1613565600,"event":{"mods":["BaseMod","Colored Map","DeckTracker","Minty Spire (QoL Compilation)","Relic Stats","Weighted Paths"],"gold_per_floor":[118,133,153,167,68,85,85,105,131,145,164,193,213,213,213,308,308,325,351,336,355,62,91,110,110,134,146,33,67,67,82,82,82,82],"floor_reached":33,"language":"ENG","playtime":2578,"items_purged":["Strike_G","Strike_G","Strike_G"],"score":393,"play_id":"492773cf-6896-42f0-9cd6-f6ae6c1ffd41","local_time":"20210217234000","is_ascension_mode":false,"campfire_choices":[{"data":"Terror","floor":7.0,"key":"SMITH"},{"floor":15.0,"key":"REST"},{"data":"Neutralize","floor":25.0,"key":"SMITH"},{"data":"Prepared","floor":30.0,"key":"SMITH"},{"data":"Ghostly","floor":32.0,"key":"SMITH"}],"circlet_count":0,"master_deck":["Strike_G","Strike_G","Defend_G","Defend_G+1","Defend_G","Defend_G+1","Defend_G","Survivor","Neutralize+1","Backflip","PiercingWail","Sucker Punch","Terror+1","Acrobatics","Blade Dance","Dash","Deflect","Backflip","Corpse Explosion","Prepared+1","Slice","Flying Knee+1","Heel Hook","Blade Dance","Well Laid Plans","Ghostly+1","Ghostly","Ghostly","Ghostly","Ghostly"],"relics":["Ring of the Snake","NeowsBlessing","Eternal Feather","WristBlade","Red Mask","Sling","Boot","MawBank","Blood Vial"],"acts_visited":["Exordium","TheCity"],"potions_floor_usage":[33,33],"damage_taken":[{"damage":0.0,"enemies":"2 Louse","floor":1.0,"turns":1.0},{"damage":0.0,"enemies":"Small Slimes","floor":2.0,"turns":1.0},{"damage":0.0,"enemies":"Jaw Worm","floor":3.0,"turns":1.0},{"damage":5.0,"enemies":"Gremlin Gang","floor":4.0,"turns":8.0},{"damage":0.0,"enemies":"2 Fungi Beasts","floor":6.0,"turns":5.0},{"damage":11.0,"enemies":"Large Slime","floor":8.0,"turns":14.0},{"damage":1.0,"enemies":"Blue Slaver","floor":10.0,"turns":4.0},{"damage":0.0,"enemies":"Exordium Thugs","floor":11.0,"turns":5.0},{"damage":34.0,"enemies":"Gremlin Nob","floor":12.0,"turns":5.0},{"damage":0.0,"enemies":"Large Slime","floor":13.0,"turns":7.0},{"damage":0.0,"enemies":"The Guardian","floor":16.0,"turns":16.0},{"damage":5.0,"enemies":"Shell Parasite","floor":18.0,"turns":5.0},{"damage":0.0,"enemies":"Masked Bandits","floor":19.0,"turns":6.0},{"damage":1.0,"enemies":"2 Thieves","floor":20.0,"turns":4.0},{"damage":8.0,"enemies":"Snecko","floor":21.0,"turns":5.0},{"damage":1.0,"enemies":"Slavers","floor":23.0,"turns":2.0},{"damage":0.0,"enemies":"Chosen and Byrds","floor":24.0,"turns":4.0},{"damage":0.0,"enemies":"Gremlin Leader","floor":29.0,"turns":3.0},{"damage":0.0,"enemies":"Centurion and Healer","floor":31.0,"turns":3.0},{"damage":44,"enemies":"Champ","floor":33,"turns":15}],"seed_played":"-2890796975804229728","potions_obtained":[{"floor":3.0,"key":"EntropicBrew"},{"floor":4.0,"key":"Dexterity Potion"},{"floor":8.0,"key":"AttackPotion"},{"floor":10.0,"key":"Energy Potion"},{"floor":13.0,"key":"LiquidMemories"},{"floor":18.0,"key":"DistilledChaos"},{"floor":23.0,"key":"SpeedPotion"},{"floor":24.0,"key":"GhostInAJar"},{"floor":31.0,"key":"GamblersBrew"}],"is_trial":false,"path_per_floor":["M","M","M","M","$","M","R","M","T","M","M","E","M","?","R","B",null,"M","?","M","M","$","E","M","R","T","?","$","E","R","M","R","B"],"character_chosen":"THE_SILENT","items_purchased":["Acrobatics","Blade Dance","Sling"],"campfire_rested":1,"item_purchase_floors":[5,22,22],"current_hp_per_floor":[70,70,70,65,65,65,65,54,54,53,53,19,19,5,38,38,70,65,65,64,56,56,55,55,70,70,35,35,35,35,35,35,0,0],"gold":82,"neow_bonus":"THREE_ENEMY_KILL","is_daily":false,"chose_seed":false,"campfire_upgraded":4,"win_rate":0.0,"timestamp":1613565600,"path_taken":["M","M","M","M","$","M","R","M","T","M","M","E","M","?","R","BOSS","M","?","M","M","$","E","M","R","T","?","$","E","R","M","R","BOSS"],"items_purchased_type":["Card","Card","Relic"],"build_version":"2020-12-22","purchased_purges":3,"victory":false,"max_hp_per_floor":[70,70,70,70,70,70,70,70,70,70,70,70,70,70,70,70,70,70,70,70,70,70,70,70,70,70,35,35,35,35,35,35,35,35],"relic_stats":{"Blood Vial":0,"counters":[20,114],"Eternal Feather":27,"Boot":[21],"MawBank":24,"obtain_stats":[{"Blood Vial":29,"NeowsBlessing":0,"WristBlade":17,"Eternal Feather":12,"Red Mask":19,"Sling":22,"Boot":23,"MawBank":26,"Ring of the Snake":0},{"Blood Vial":18,"NeowsBlessing":0,"WristBlade":11,"Eternal Feather":9,"Red Mask":13,"Sling":15,"Boot":16,"MawBank":17,"Ring of the Snake":0},{"Blood Vial":96,"NeowsBlessing":0,"WristBlade":67,"Eternal Feather":44,"Red Mask":78,"Sling":87,"Boot":89,"MawBank":93,"Ring of the Snake":0}],"Ring of the Snake":[40]},"card_choices":[{"not_picked":["Dagger Throw","Predator"],"picked":"Backflip","floor":1.0},{"not_picked":["Reflex","Riddle With Holes"],"picked":"PiercingWail","floor":2.0},{"not_picked":["Distraction","Flying Knee"],"picked":"Sucker Punch","floor":3.0},{"not_picked":["Choke","Backflip"],"picked":"Terror","floor":4.0},{"not_picked":["Quick Slash","Underhanded Strike","Dagger Spray"],"picked":"SKIP","floor":6.0},{"not_picked":["Outmaneuver","Skewer"],"picked":"Blade Dance","floor":8.0},{"not_picked":["Bouncing Flask","Deadly Poison"],"picked":"Dash","floor":10.0},{"not_picked":["Acrobatics","Backflip"],"picked":"Deflect","floor":11.0},{"not_picked":["Reflex","Eviscerate","Dodge and Roll"],"picked":"SKIP","floor":12.0},{"not_picked":["Riddle With Holes","PiercingWail"],"picked":"Backflip","floor":13.0},{"not_picked":["Doppelganger","Bullet Time"],"picked":"Corpse Explosion","floor":16.0},{"not_picked":["Terror","Flying Knee"],"picked":"Prepared","floor":18.0},{"not_picked":["Acrobatics","Flying Knee"],"picked":"Slice","floor":19.0},{"not_picked":["Bane","Deflect"],"picked":"Flying Knee+1","floor":20.0},{"not_picked":["Envenom","Dodge and Roll"],"picked":"Heel Hook","floor":21.0},{"not_picked":["A Thousand Cuts","Choke+1","Deadly Poison+1"],"picked":"SKIP","floor":23.0},{"not_picked":["Poisoned Stab","Dodge and Roll"],"picked":"Well Laid Plans","floor":24.0},{"not_picked":["Slice","Underhanded Strike","Deflect"],"picked":"SKIP","floor":29.0},{"not_picked":["Storm of Steel","Catalyst","Slice"],"picked":"SKIP","floor":31.0}],"player_experience":332916,"relics_obtained":[{"floor":12.0,"key":"Eternal Feather"},{"floor":19.0,"key":"Red Mask"},{"floor":23.0,"key":"Boot"},{"floor":26.0,"key":"MawBank"},{"floor":29.0,"key":"Blood Vial"}],"event_choices":[{"damage_healed":0.0,"max_hp_gain":0.0,"max_hp_loss":0.0,"gold_gain":0.0,"event_name":"Shining Light","player_choice":"Entered Light","floor":14.0,"gold_loss":0.0,"damage_taken":14.0,"cards_upgraded":["Defend_G","Defend_G"]},{"damage_healed":0.0,"max_hp_gain":0.0,"max_hp_loss":0.0,"gold_gain":0.0,"event_name":"Masked Bandits","player_choice":"Fought Bandits","floor":19.0,"gold_loss":0.0,"damage_taken":0.0},{"damage_healed":0.0,"max_hp_gain":0.0,"max_hp_loss":35.0,"gold_gain":0.0,"event_name":"Ghosts","player_choice":"Became a Ghost","floor":27.0,"gold_loss":0.0,"damage_taken":0.0,"cards_obtained":["Ghostly","Ghostly","Ghostly","Ghostly","Ghostly"]}],"is_beta":false,"boss_relics":[{"not_picked":["Runic Dome","Astrolabe"],"picked":"WristBlade"}],"items_purged_floors":[5,22,28],"is_endless":false,"potions_floor_spawned":[3,4,8,10,13,18,23,24,31],"killed_by":"Champ","ascension_level":0}}