{"host":"8p5c6x4qt9411139","time":1613539235,"event":{"mods":["Aspiration","BaseMod","BetterRewards","Friendly Minions","Hubris","Infinite Spire","Minty Spire (QoL Compilation)","Quick Restart","Relic Stats","Replay The Spire","Shop Mod","StSLib","The Jungle"],"gold_per_floor":[116,16,27,40,40,67,67,94,94,124,124,157,173,190,190,190,264,264,274,274,308,183,183,183,218,218,264,264,297,297,317,330,330,408,408,427,277,290,304,129,129,139,39,66,78,78,107,123,152,152,224,224,238,248,248,264,280,306,306,330,330,328,328],"floor_reached":62,"language":"ENG","playtime":912,"items_purged":["Searing Blow+20","Strike_R","Strike_R","Defend_R","Strike_R+1","Strike_R+1"],"score":2466,"play_id":"143136a9-19d6-4f75-a040-770eb82b71f1","local_time":"20210216212035","is_ascension_mode":true,"campfire_choices":[{"floor":7.0,"key":"DIG"},{"floor":11.0,"key":"DIG"},{"floor":15.0,"key":"DIG"},{"floor":16.0,"key":"DIG"},{"data":"Strike_R","floor":24.0,"key":"PURGE"},{"floor":26.0,"key":"DIG"},{"floor":28.0,"key":"DIG"},{"floor":33.0,"key":"DIG"},{"data":"Bash","floor":41.0,"key":"PURGE"},{"floor":50,"key":"DIG"},{"floor":59,"key":"DIG"}],"circlet_count":0,"master_deck":["AscendersBane","Searing Blow+20","Defend_R","Searing Blow+20"],"relics":["Burning Blood","Replay:Multitool","Replay:Baseball","Shovel","aspiration:DSix","hubris:SlimyHat","hubris:MysteriousPyramids","Lantern","ReplayTheSpireMod:Shallot","Kunai","hubris:OldNail","Whetstone","War Paint","hubris:RunicObelisk","Red Mask","infinitespire:Golems Mask","Du-Vu Doll","infinitespire:PuzzleCube","Art of War","Self Forming Clay","infinitespire:Magic Flask","aspiration:TomeofQuesting","infinitespire:Cupcake","Dream Catcher","infinitespire:WardingShard","Meat on the Bone","Strawberry","Pen Nib","Philosopher\u0027s Stone","Sling","Juzu Bracelet","Anchor","Odd Mushroom","Replay:Ringing Soul"],"acts_visited":["Exordium","TheCity","TheBeyond","Exordium"],"potions_floor_usage":[],"damage_taken":[{"damage":0.0,"enemies":"Cultist","floor":1.0,"turns":1.0},{"damage":1.0,"enemies":"2 Louse","floor":3.0,"turns":2.0},{"damage":0.0,"enemies":"Jaw Worm","floor":4.0,"turns":2.0},{"damage":20.0,"enemies":"3 Sentries","floor":6.0,"turns":7.0},{"damage":0.0,"enemies":"Gremlin Nob","floor":8.0,"turns":3.0},{"damage":0.0,"enemies":"Lagavulin","floor":10.0,"turns":2.0},{"damage":0.0,"enemies":"Nightmare","floor":12.0,"turns":1.0},{"damage":0.0,"enemies":"Exordium Thugs","floor":13.0,"turns":3.0},{"damage":0.0,"enemies":"Exordium Wildlife","floor":14.0,"turns":3.0},{"damage":0.0,"enemies":"Hexaghost","floor":17.0,"turns":2.0},{"damage":2.0,"enemies":"2 Thieves","floor":19.0,"turns":3.0},{"damage":24.0,"enemies":"Masked Bandits","floor":21.0,"turns":5.0},{"damage":0.0,"enemies":"Slavers","floor":25.0,"turns":2.0},{"damage":0.0,"enemies":"Book of Stabbing","floor":29.0,"turns":1.0},{"damage":0.0,"enemies":"3 Byrds","floor":31.0,"turns":2.0},{"damage":0.0,"enemies":"Centurion and Healer","floor":32.0,"turns":1.0},{"damage":0.0,"enemies":"Champ","floor":34.0,"turns":1.0},{"damage":4.0,"enemies":"3 Shapes","floor":36.0,"turns":2.0},{"damage":0.0,"enemies":"3 Darklings","floor":38.0,"turns":2.0},{"damage":0.0,"enemies":"Jaw Worm Horde","floor":39.0,"turns":2.0},{"damage":0.0,"enemies":"Writhing Mass","floor":42.0,"turns":1.0},{"damage":0.0,"enemies":"Maw","floor":45.0,"turns":1.0},{"damage":0,"enemies":"R_Hoarder","floor":47,"turns":1},{"damage":6,"enemies":"3 Darklings","floor":48,"turns":2},{"damage":0,"enemies":"Nightmare","floor":49,"turns":1},{"damage":0,"enemies":"Donu and Deca","floor":51,"turns":1},{"damage":0,"enemies":"Small Slimes","floor":53,"turns":1},{"damage":0,"enemies":"2 Louse","floor":54,"turns":1},{"damage":0,"enemies":"Cultist","floor":56,"turns":1},{"damage":0,"enemies":"Large Slime","floor":57,"turns":1},{"damage":0,"enemies":"Gremlin Nob","floor":58,"turns":1},{"damage":0,"enemies":"The Mushroom Lair","floor":60,"turns":2},{"damage":93,"enemies":"Nightmare_Alpha","floor":62,"turns":2}],"seed_played":"6322706345102428178","potions_obtained":[{"floor":3.0,"key":"SpeedPotion"},{"floor":4.0,"key":"PowerPotion"},{"floor":12.0,"key":"FearPotion"},{"floor":21.0,"key":"DistilledChaos"}],"is_trial":false,"path_per_floor":["M","$","M","M","$","E","R","E","T","E","R","NM","M","M","R","R","B",null,"M","?","?","$","?","R","E","R","T","R","E","AVR","M","M","R","B",null,"M","$","M","M","$","R","M","NS","T","M","AVR","E","M","NM","R","B",null,"M","M","AVR","M","M","E","R","?","T","NM"],"character_chosen":"IRONCLAD","items_purchased":["Replay:Baseball"],"campfire_rested":0,"item_purchase_floors":[0],"current_hp_per_floor":[42,42,47,53,53,39,39,45,45,51,51,57,63,69,69,69,75,75,75,75,57,57,57,57,63,63,63,63,69,69,75,75,75,75,75,75,75,75,75,75,75,75,75,75,75,75,75,75,82,82,82,82,82,82,82,82,82,82,82,82,82,0,0],"gold":328,"neow_bonus":"","is_daily":false,"chose_seed":false,"campfire_upgraded":0,"win_rate":0.0,"timestamp":1613539235,"path_taken":["M","$","M","M","$","E","R","E","T","E","R","NM","?","?","R","R","BOSS","M","?","?","$","?","R","E","R","T","R","E","AVR","?","M","R","BOSS","M","$","M","M","$","R","M","NS","T","M","AVR","E","M","NM","R","BOSS","M","M","AVR","M","M","E","R","?","T","NM"],"items_purchased_type":["Relic"],"build_version":"2020-12-22","purchased_purges":6,"victory":false,"max_hp_per_floor":[75,75,75,75,75,75,75,75,75,75,75,75,75,75,75,75,75,75,75,75,75,75,75,75,75,75,75,75,75,75,75,75,75,75,75,75,75,75,75,75,75,75,75,75,75,75,75,75,82,82,82,82,82,82,82,82,82,82,82,82,82,82,82],"relic_stats":{"counters":[75,218],"Self Forming Clay":[18],"Pen Nib":[1],"Juzu Bracelet":4,"Whetstone":["Strike_R","Strike_R"],"War Paint":["Defend_R","Defend_R"],"Burning Blood":282,"Dream Catcher":0,"Shovel":9,"Art of War":[0],"Kunai":[2],"obtain_stats":[{"infinitespire:BottledMercury":10,"CeramicFish":13,"Vajra":29,"Whetstone":9,"hubris:MysteriousPyramids":8,"Sling":55,"Replay:Ringing Soul":61,"DollysMirror":31,"Strawberry":49,"MealTicket":49,"hubris:DeckOfHolding":27,"infinitespire:Golems Mask":25,"Philosopher\u0027s Stone":52,"Iron Hammer":41,"Kunai":11,"aspiration:DSix":6,"hubris:TinFlute":49,"hubris:MobiusCoin":10,"MerchantsRug":41,"Pear":48,"Astrolabe":36,"Blue Candle":46,"Oddly Smooth Stone":45,"Pen Nib":45,"infinitespire:Magic Flask":30,"War Paint":16,"Du-Vu Doll":26,"Runic Dome":37,"ReplayTheSpireMod:Spearhead":35,"Bottled Flame":40,"Replay:Baseball":47,"ReplayTheSpireMod:Shallot":10,"MutagenicStrength":21,"ReplayTheSpireMod:TigerMarble":0,"Grinning Jar":31,"infinitespire:PuzzleCube":27,"infinitespire:Cupcake":18,"Meat on the Bone":47,"aspiration:Lifesprig":7,"Lantern":40,"aspiration:TomeofQuesting":33,"Juzu Bracelet":40,"Replay:Multitool":0,"hubris:SlimyHat":7,"hubris:RunicObelisk":18,"Ancient Tea Set":32,"Burning Blood":0,"Dream Catcher":44,"Matryoshka":31,"hubris:Icosahedron":39,"hubris:Backtick":49,"Shovel":0,"Tiny Chest":27,"hubris:IronBody":25,"Red Mask":21,"Red Skull":53,"aspiration:ChemicalBlood":22,"Lee\u0027s Waffle":41,"hubris:64BitClover":42,"Self Forming Clay":29,"Guide Book":43,"Thread and Needle":0,"PreservedInsect":38,"hubris:MedicalManual":0,"aspiration:HummingbirdHeart":0,"Odd Mushroom":60,"Pondfish Scales":0,"Anchor":59,"infinitespire:WardingShard":46,"infinitespire:Satchel":52,"Bag of Marbles":0,"Coffee Dripper":18,"Art of War":28,"Membership Card":0,"Bottled Lightning":9,"Toy Ornithopter":30,"FossilizedHelix":49,"hubris:OldNail":12},{"infinitespire:BottledMercury":4,"CeramicFish":6,"Vajra":34,"Whetstone":4,"hubris:MysteriousPyramids":47,"Sling":70,"Replay:Ringing Soul":74,"DollysMirror":12,"Strawberry":67,"MealTicket":19,"hubris:DeckOfHolding":33,"infinitespire:Golems Mask":55,"Philosopher\u0027s Stone":68,"Iron Hammer":38,"Kunai":48,"aspiration:DSix":46,"hubris:TinFlute":19,"hubris:MobiusCoin":25,"MerchantsRug":38,"Pear":38,"Astrolabe":15,"Blue Candle":18,"Oddly Smooth Stone":18,"Pen Nib":18,"infinitespire:Magic Flask":56,"War Paint":51,"Du-Vu Doll":55,"Runic Dome":36,"ReplayTheSpireMod:Spearhead":35,"Bottled Flame":38,"Replay:Baseball":38,"ReplayTheSpireMod:Shallot":48,"MutagenicStrength":10,"ReplayTheSpireMod:TigerMarble":21,"Grinning Jar":12,"infinitespire:PuzzleCube":55,"infinitespire:Cupcake":28,"Meat on the Bone":65,"aspiration:Lifesprig":4,"Lantern":16,"aspiration:TomeofQuesting":58,"Juzu Bracelet":16,"Replay:Multitool":42,"hubris:SlimyHat":46,"hubris:RunicObelisk":52,"Ancient Tea Set":13,"Burning Blood":0,"Dream Catcher":63,"Matryoshka":12,"hubris:Icosahedron":16,"hubris:Backtick":19,"Shovel":42,"Tiny Chest":12,"hubris:IronBody":12,"Red Mask":54,"Red Skull":41,"aspiration:ChemicalBlood":10,"Lee\u0027s Waffle":38,"hubris:64BitClover":17,"Self Forming Clay":56,"Guide Book":38,"Thread and Needle":21,"PreservedInsect":16,"hubris:MedicalManual":21,"aspiration:HummingbirdHeart":0,"Odd Mushroom":74,"Pondfish Scales":0,"Anchor":73,"infinitespire:WardingShard":64,"infinitespire:Satchel":41,"Bag of Marbles":0,"Coffee Dripper":9,"Art of War":55,"Membership Card":21,"Bottled Lightning":25,"Toy Ornithopter":12,"FossilizedHelix":39,"hubris:OldNail":49},{"infinitespire:BottledMercury":12,"CeramicFish":17,"Vajra":127,"Whetstone":12,"hubris:MysteriousPyramids":170,"Sling":211,"Replay:Ringing Soul":216,"DollysMirror":42,"Strawberry":208,"MealTicket":72,"hubris:DeckOfHolding":124,"infinitespire:Golems Mask":191,"Philosopher\u0027s Stone":209,"Iron Hammer":149,"Kunai":172,"aspiration:DSix":167,"hubris:TinFlute":72,"hubris:MobiusCoin":93,"MerchantsRug":149,"Pear":149,"Astrolabe":57,"Blue Candle":70,"Oddly Smooth Stone":70,"Pen Nib":70,"infinitespire:Magic Flask":192,"War Paint":179,"Du-Vu Doll":191,"Runic Dome":138,"ReplayTheSpireMod:Spearhead":128,"Bottled Flame":149,"Replay:Baseball":149,"ReplayTheSpireMod:Shallot":172,"MutagenicStrength":32,"ReplayTheSpireMod:TigerMarble":87,"Grinning Jar":42,"infinitespire:PuzzleCube":191,"infinitespire:Cupcake":102,"Meat on the Bone":205,"aspiration:Lifesprig":12,"Lantern":62,"aspiration:TomeofQuesting":195,"Juzu Bracelet":62,"Replay:Multitool":155,"hubris:SlimyHat":167,"hubris:RunicObelisk":181,"Ancient Tea Set":47,"Burning Blood":0,"Dream Catcher":203,"Matryoshka":42,"hubris:Icosahedron":62,"hubris:Backtick":72,"Shovel":155,"Tiny Chest":42,"hubris:IronBody":42,"Red Mask":189,"Red Skull":153,"aspiration:ChemicalBlood":32,"Lee\u0027s Waffle":149,"hubris:64BitClover":67,"Self Forming Clay":192,"Guide Book":149,"Thread and Needle":87,"PreservedInsect":62,"hubris:MedicalManual":87,"aspiration:HummingbirdHeart":0,"Odd Mushroom":216,"Pondfish Scales":0,"Anchor":214,"infinitespire:WardingShard":204,"infinitespire:Satchel":153,"Bag of Marbles":0,"Coffee Dripper":30,"Art of War":191,"Membership Card":87,"Bottled Lightning":93,"Toy Ornithopter":42,"FossilizedHelix":150,"hubris:OldNail":173}],"Meat on the Bone":0},"card_choices":[{"not_picked":["Infernal Blade","Iron Wave","Wild Strike"],"picked":"SKIP","floor":1.0},{"not_picked":["Fire Breathing","Cleave","Wild Strike"],"picked":"SKIP","floor":3.0},{"not_picked":["Iron Wave","Body Slam","Armaments"],"picked":"SKIP","floor":4.0},{"not_picked":["Blood for Blood","Shrug It Off","Twin Strike"],"picked":"SKIP","floor":6.0},{"not_picked":["Brutality","Wild Strike","Shrug It Off"],"picked":"SKIP","floor":8.0},{"not_picked":["Twin Strike","Rampage","Clash"],"picked":"SKIP","floor":10.0},{"not_picked":["Dark Embrace","Exhume","Hemokinesis"],"picked":"SKIP","floor":12.0},{"not_picked":["Dark Embrace","Exhume","Hemokinesis"],"picked":"SKIP","floor":12.0},{"not_picked":["Pummel","Armaments","Anger"],"picked":"SKIP","floor":13.0},{"not_picked":["Perfected Strike","ReplayTheSpireMod:Corrosion Curse","Clash"],"picked":"SKIP","floor":14.0},{"not_picked":["Headbutt","Warcry","Sword Boomerang"],"picked":"SKIP","floor":19.0},{"not_picked":["Headbutt","Warcry","Sword Boomerang"],"picked":"SKIP","floor":19.0},{"not_picked":["Warcry","Thunderclap","Clothesline+1"],"picked":"SKIP","floor":25.0},{"not_picked":["Sever Soul","True Grit","Pummel+1"],"picked":"SKIP","floor":29.0},{"not_picked":["Wild Strike","Heavy Blade+1","Rampage+1"],"picked":"SKIP","floor":31.0},{"not_picked":["Clothesline","Body Slam","hubris:ReadiedAction"],"picked":"SKIP","floor":32.0},{"not_picked":["Life Link","Warcry","Run Through+1"],"picked":"SKIP","floor":36.0},{"not_picked":["Clash","Run Through+1","Second Wind"],"picked":"SKIP","floor":38.0},{"not_picked":["Havoc","Headbutt","hubris:CleavingFinish+1"],"picked":"SKIP","floor":39.0},{"not_picked":["Power Through","Twin Strike","Sword Boomerang+1"],"picked":"SKIP","floor":42.0},{"not_picked":["Blood for Blood","Eclipse","Rage"],"picked":"SKIP","floor":45.0},{"not_picked":["ReplayTheSpireMod:LeadingStrike+1","Shrug It Off+1","Flex"],"picked":"SKIP","floor":47},{"not_picked":["Run Through","hubris:CleavingFinish","Iron Wave"],"picked":"SKIP","floor":48},{"not_picked":["Run Through","hubris:CleavingFinish","Iron Wave"],"picked":"SKIP","floor":48},{"not_picked":["Headbutt","Anger","Blood for Blood"],"picked":"SKIP","floor":49},{"not_picked":["True Grit","Sword Boomerang","Clash"],"picked":"SKIP","floor":53},{"not_picked":["Ghostly Armor","Hemokinesis","Heavy Blade"],"picked":"SKIP","floor":54},{"not_picked":["Rupture","Rampage","Sentinel"],"picked":"SKIP","floor":56},{"not_picked":["Fire Breathing","ReplayTheSpireMod:Muscle Training","Clash"],"picked":"SKIP","floor":57},{"not_picked":["ReplayReversal","Sever Soul","Searing Blow"],"picked":"SKIP","floor":58}],"player_experience":434744,"relics_obtained":[{"floor":6.0,"key":"aspiration:DSix"},{"floor":7.0,"key":"hubris:SlimyHat"},{"floor":8.0,"key":"hubris:MysteriousPyramids"},{"floor":9.0,"key":"Lantern"},{"floor":10.0,"key":"ReplayTheSpireMod:Shallot"},{"floor":11.0,"key":"Kunai"},{"floor":12.0,"key":"hubris:OldNail"},{"floor":15.0,"key":"Whetstone"},{"floor":16.0,"key":"War Paint"},{"floor":21.0,"key":"Red Mask"},{"floor":25.0,"key":"infinitespire:Golems Mask"},{"floor":26.0,"key":"Du-Vu Doll"},{"floor":27.0,"key":"infinitespire:PuzzleCube"},{"floor":28.0,"key":"Art of War"},{"floor":29.0,"key":"Self Forming Clay"},{"floor":33.0,"key":"aspiration:TomeofQuesting"},{"floor":44.0,"key":"Dream Catcher"},{"floor":47,"key":"Meat on the Bone"},{"floor":49,"key":"Strawberry"},{"floor":50,"key":"Pen Nib"},{"floor":58,"key":"Juzu Bracelet"},{"floor":59,"key":"Anchor"},{"floor":60,"key":"Odd Mushroom"},{"floor":61,"key":"Replay:Ringing Soul"}],"event_choices":[{"damage_healed":0.0,"max_hp_gain":0.0,"max_hp_loss":0.0,"gold_gain":0.0,"event_name":"Masked Bandits","player_choice":"Fought Bandits","floor":21.0,"gold_loss":0.0,"damage_taken":0.0},{"damage_healed":0.0,"max_hp_gain":0.0,"max_hp_loss":0.0,"gold_gain":0.0,"event_name":"Duplicator","player_choice":"Copied","floor":23.0,"gold_loss":0.0,"damage_taken":0.0,"cards_obtained":["Searing Blow"]},{"damage_healed":0,"gold_gain":0,"player_choice":"Fought Mushrooms","damage_taken":0,"max_hp_gain":0,"max_hp_loss":0,"event_name":"Mushrooms","floor":60,"gold_loss":0}],"is_beta":false,"boss_relics":[{"not_picked":["Tiny House","Electric Blood"],"picked":"hubris:RunicObelisk"},{"not_picked":["SlaversCollar","Replay:Ancient Bell"],"picked":"infinitespire:Cupcake"},{"not_picked":["hubris:Stopwatch","ReplayTheSpireMod:SealedPack"],"picked":"Philosopher\u0027s Stone"}],"items_purged_floors":[0,2,22,30,37,40],"is_endless":true,"potions_floor_spawned":[3,4,10,12,13,21,31,38,39,45,49,56,57],"killed_by":"Nightmare_Alpha","ascension_level":14}}