{"host":"ue7jlgf7uv134an9","time":1613532614,"event":{"mods":["BaseMod","Better Third Choice","Colored Map","Defuse TimeMaze Blight","Minty Spire (QoL Compilation)","Quick Restart","Rare Cards Sparkle","Relic Stats","StSLib","UnlockEverythingMod"],"gold_per_floor":[115,129,143,49,62,392,392,392,471,471,500,511,529,548,548,644,644,663,663,663,663,675,704,704,722,772,220,235,247,247,347,347,444,444,456,471,471,481,492,492,522,522,574,574,586,250,263,274,274,274],"floor_reached":51,"language":"ENG","playtime":2312,"items_purged":["Flechettes"],"score":788,"play_id":"af44099b-45d9-498f-ba97-e0afd3c4bf29","local_time":"20210216223014","is_ascension_mode":false,"campfire_choices":[{"data":"Dagger Spray","floor":7.0,"key":"SMITH"},{"data":"Glass Knife","floor":10.0,"key":"SMITH"},{"data":"Terror","floor":15.0,"key":"SMITH"},{"data":"Bullet Time","floor":24.0,"key":"SMITH"},{"floor":32.0,"key":"REST"},{"data":"Secret Technique","floor":40.0,"key":"SMITH"},{"data":"Phantasmal Killer","floor":42.0,"key":"SMITH"},{"data":"Secret Weapon","floor":49.0,"key":"SMITH"}],"circlet_count":0,"master_deck":["Survivor","Neutralize","PiercingWail","Dagger Spray+1","Quick Slash","Dash","Slice","Glass Knife+1","Terror+1","Predator","Adrenaline","Blur","After Image","Dodge and Roll","Dash","Bullet Time+1","Phantasmal Killer+1","Quick Slash","Choke","RitualDagger","Footwork","PiercingWail","Dagger Spray+1","Blur","Secret Technique+1","Finisher","Leg Sweep","Defend_G","Blade Dance+1","Secret Weapon+1","Adrenaline"],"relics":["Ring of the Snake","Nunchaku","Old Coin","Pantograph","Vajra","Pandora\u0027s Box","Boot","Omamori","HornCleat","Nilry\u0027s Codex","Ginger","Mercury Hourglass","SacredBark","Orichalcum","PreservedInsect","OrangePellets"],"acts_visited":["Exordium","TheCity","TheBeyond"],"potions_floor_usage":[50,50],"damage_taken":[{"damage":0.0,"enemies":"Cultist","floor":1.0,"turns":4.0},{"damage":0.0,"enemies":"Small Slimes","floor":2.0,"turns":3.0},{"damage":0.0,"enemies":"2 Louse","floor":3.0,"turns":3.0},{"damage":2.0,"enemies":"Red Slaver","floor":5.0,"turns":6.0},{"damage":5.0,"enemies":"3 Sentries","floor":6.0,"turns":8.0},{"damage":11.0,"enemies":"Gremlin Nob","floor":11.0,"turns":4.0},{"damage":0.0,"enemies":"Looter","floor":12.0,"turns":2.0},{"damage":0.0,"enemies":"3 Louse","floor":13.0,"turns":2.0},{"damage":0.0,"enemies":"Large Slime","floor":14.0,"turns":4.0},{"damage":1.0,"enemies":"Slime Boss","floor":16.0,"turns":5.0},{"damage":0.0,"enemies":"Spheric Guardian","floor":18.0,"turns":2.0},{"damage":0.0,"enemies":"3 Byrds","floor":22.0,"turns":2.0},{"damage":24.0,"enemies":"Gremlin Leader","floor":23.0,"turns":4.0},{"damage":0.0,"enemies":"Snake Plant","floor":25.0,"turns":4.0},{"damage":0.0,"enemies":"3 Cultists","floor":28.0,"turns":4.0},{"damage":0.0,"enemies":"Cultist and Chosen","floor":29.0,"turns":3.0},{"damage":0.0,"enemies":"Colosseum Slavers","floor":31.0,"turns":5.0},{"damage":0.0,"enemies":"Colosseum Nobs","floor":31.0,"turns":4.0},{"damage":63.0,"enemies":"Champ","floor":33.0,"turns":8.0},{"damage":0.0,"enemies":"Orb Walker","floor":35.0,"turns":2.0},{"damage":0.0,"enemies":"3 Darklings","floor":36.0,"turns":3.0},{"damage":0.0,"enemies":"Writhing Mass","floor":38.0,"turns":4.0},{"damage":0.0,"enemies":"Spire Growth","floor":39.0,"turns":4.0},{"damage":0.0,"enemies":"Nemesis","floor":41.0,"turns":5.0},{"damage":0.0,"enemies":"Jaw Worm Horde","floor":45.0,"turns":3.0},{"damage":0.0,"enemies":"Transient","floor":47.0,"turns":5.0},{"damage":0.0,"enemies":"Spire Growth","floor":48.0,"turns":3.0},{"damage":60,"enemies":"Donu and Deca","floor":50,"turns":6}],"seed_played":"3939033151734607653","potions_obtained":[{"floor":3.0,"key":"EssenceOfSteel"},{"floor":5.0,"key":"Block Potion"},{"floor":6.0,"key":"SkillPotion"},{"floor":14.0,"key":"Strength Potion"},{"floor":18.0,"key":"SpeedPotion"},{"floor":36.0,"key":"CunningPotion"},{"floor":38.0,"key":"AttackPotion"},{"floor":41.0,"key":"Explosive Potion"}],"is_trial":false,"path_per_floor":["M","M","M","$","M","E","R","?","T","R","E","M","M","M","R","B",null,"M","?","?","?","M","E","R","M","T","$","M","M","?","?","R","B",null,"M","M","?","M","M","R","E","R","T","?","M","$","M","M","R","B",null],"character_chosen":"THE_SILENT","items_purchased":["Dash","Slice","Blur","HornCleat","Secret Technique","OrangePellets","Secret Weapon"],"campfire_rested":1,"item_purchase_floors":[4,4,27,27,27,46,46],"current_hp_per_floor":[70,70,70,70,68,63,63,63,63,63,52,52,52,52,52,69,70,70,64,64,64,64,40,40,40,40,40,40,40,24,24,45,7,70,70,70,70,70,70,70,70,70,70,66,66,66,66,66,66,6],"gold":274,"neow_bonus":"RANDOM_COMMON_RELIC","is_daily":false,"chose_seed":false,"campfire_upgraded":7,"win_rate":0.0,"timestamp":1613532614,"path_taken":["M","M","M","$","?","E","R","?","T","R","E","M","M","M","R","BOSS","M","?","?","?","?","E","R","M","T","$","M","M","?","?","R","BOSS","M","M","?","M","?","R","E","R","T","?","M","$","M","M","R","BOSS"],"items_purchased_type":["Card","Card","Card","Relic","Card","Relic","Card"],"build_version":"2020-12-22","purchased_purges":1,"victory":true,"max_hp_per_floor":[70,70,70,70,70,70,70,70,70,70,70,70,70,70,70,70,70,70,70,70,70,70,70,70,70,70,70,70,70,70,70,70,70,70,70,70,70,70,70,70,70,70,70,66,66,66,66,66,66,66],"relic_stats":{"OrangePellets":[1],"Nunchaku":[24],"counters":[28,111],"Pantograph":43,"Pandora\u0027s Box":["Choke","Blur","Flechettes","After Image","Dodge and Roll","Dash","Bullet Time","Phantasmal Killer","Quick Slash","Choke"],"PreservedInsect":0,"Ginger":[4],"Orichalcum":[6],"Boot":[35],"obtain_stats":[{"Nilry\u0027s Codex":30,"SacredBark":34,"Vajra":11,"PreservedInsect":43,"Omamori":26,"Ginger":31,"Orichalcum":41,"Boot":23,"Old Coin":6,"Mercury Hourglass":31,"OrangePellets":46,"Nunchaku":0,"HornCleat":27,"Pantograph":9,"Pandora\u0027s Box":17,"Ring of the Snake":0},{"Nilry\u0027s Codex":16,"SacredBark":19,"Vajra":6,"PreservedInsect":24,"Omamori":14,"Ginger":18,"Orichalcum":24,"Boot":13,"Old Coin":5,"Mercury Hourglass":18,"OrangePellets":25,"Nunchaku":0,"HornCleat":14,"Pantograph":5,"Pandora\u0027s Box":10,"Ring of the Snake":0},{"Nilry\u0027s Codex":60,"SacredBark":76,"Vajra":28,"PreservedInsect":94,"Omamori":53,"Ginger":69,"Orichalcum":94,"Boot":49,"Old Coin":24,"Mercury Hourglass":69,"OrangePellets":97,"Nunchaku":0,"HornCleat":53,"Pantograph":24,"Pandora\u0027s Box":41,"Ring of the Snake":0}],"Ring of the Snake":[56],"Mercury Hourglass":[120]},"card_choices":[{"not_picked":["Underhanded Strike","Dodge and Roll"],"picked":"PiercingWail","floor":1.0},{"not_picked":["Blade Dance","Backflip"],"picked":"Dagger Spray","floor":2.0},{"not_picked":["Dodge and Roll","Prepared"],"picked":"Quick Slash","floor":3.0},{"not_picked":["PiercingWail","Deflect"],"picked":"Glass Knife","floor":5.0},{"not_picked":["Accuracy","Outmaneuver"],"picked":"Terror","floor":6.0},{"not_picked":["Calculated Gamble","Acrobatics"],"picked":"Predator","floor":11.0},{"not_picked":["Outmaneuver","Bane","Tactician"],"picked":"SKIP","floor":12.0},{"not_picked":["Dagger Throw","Underhanded Strike","Riddle With Holes"],"picked":"SKIP","floor":13.0},{"not_picked":["Noxious Fumes","Prepared","Acrobatics"],"picked":"SKIP","floor":14.0},{"not_picked":["Bullet Time","Storm of Steel"],"picked":"Adrenaline","floor":16.0},{"not_picked":["Underhanded Strike+1","Acrobatics","Skewer"],"picked":"SKIP","floor":18.0},{"not_picked":["Sucker Punch+1","Dagger Spray"],"picked":"Footwork","floor":22.0},{"not_picked":["Caltrops","Sucker Punch"],"picked":"PiercingWail","floor":23.0},{"not_picked":["Deadly Poison","Acrobatics"],"picked":"Dagger Spray+1","floor":25.0},{"not_picked":["Night Terror","Eviscerate","Quick Slash"],"picked":"SKIP","floor":28.0},{"not_picked":["PiercingWail","Caltrops"],"picked":"Finisher","floor":29.0},{"not_picked":["Infinite Blades+1","Acrobatics+1"],"picked":"Leg Sweep","floor":31.0},{"not_picked":["Prepared","Noxious Fumes","Heel Hook"],"picked":"SKIP","floor":35.0},{"not_picked":["Endless Agony","Prepared","Tactician+1"],"picked":"SKIP","floor":36.0},{"not_picked":["Outmaneuver","Bouncing Flask","Choke"],"picked":"SKIP","floor":38.0},{"not_picked":["Calculated Gamble","Terror","Quick Slash"],"picked":"SKIP","floor":39.0},{"not_picked":["Dodge and Roll","Deadly Poison+1","Flechettes+1"],"picked":"SKIP","floor":41.0},{"not_picked":["PiercingWail","Expertise"],"picked":"Blade Dance+1","floor":45.0},{"not_picked":["Dagger Spray+1","Acrobatics"],"picked":"Adrenaline","floor":47.0},{"not_picked":["Choke+1","Underhanded Strike+1","Acrobatics+1"],"picked":"SKIP","floor":48.0}],"player_experience":79363,"relics_obtained":[{"floor":6.0,"key":"Old Coin"},{"floor":9.0,"key":"Pantograph"},{"floor":11.0,"key":"Vajra"},{"floor":23.0,"key":"Boot"},{"floor":26.0,"key":"Omamori"},{"floor":30.0,"key":"Nilry\u0027s Codex"},{"floor":31.0,"key":"Ginger"},{"floor":31.0,"key":"Mercury Hourglass"},{"floor":41.0,"key":"Orichalcum"},{"floor":43.0,"key":"PreservedInsect"}],"event_choices":[{"damage_healed":0.0,"max_hp_gain":0.0,"max_hp_loss":0.0,"gold_gain":0.0,"event_name":"Golden Idol","player_choice":"Ignored","floor":8.0,"gold_loss":0.0,"damage_taken":0.0},{"damage_healed":0.0,"max_hp_gain":0.0,"max_hp_loss":0.0,"gold_gain":0.0,"event_name":"betterThird:BetterNest","player_choice":"Dagger","floor":19.0,"gold_loss":0.0,"damage_taken":6.0,"cards_obtained":["RitualDagger"]},{"damage_healed":0.0,"max_hp_gain":0.0,"max_hp_loss":0.0,"gold_gain":0.0,"event_name":"Ghosts","player_choice":"Ignored","floor":20.0,"gold_loss":0.0,"damage_taken":0.0},{"damage_healed":0.0,"max_hp_gain":0.0,"max_hp_loss":0.0,"gold_gain":0.0,"event_name":"The Woman in Blue","player_choice":"Bought 0 Potions","floor":21.0,"gold_loss":0.0,"damage_taken":0.0},{"damage_healed":0.0,"max_hp_gain":0.0,"max_hp_loss":0.0,"gold_gain":0.0,"event_name":"Cursed Tome","player_choice":"Obtained Book","floor":30.0,"gold_loss":0.0,"damage_taken":16.0},{"damage_healed":0.0,"max_hp_gain":0.0,"max_hp_loss":0.0,"gold_gain":0.0,"event_name":"Colosseum","player_choice":"Fight","floor":31.0,"gold_loss":0.0,"damage_taken":0.0},{"damage_healed":0.0,"max_hp_gain":0.0,"max_hp_loss":0.0,"gold_gain":0.0,"event_name":"Colosseum","player_choice":"Fought Nobs","floor":31.0,"gold_loss":0.0,"damage_taken":0.0},{"cards_removed":["Choke"],"damage_healed":0.0,"max_hp_gain":0.0,"max_hp_loss":0.0,"gold_gain":0.0,"event_name":"NoteForYourself","player_choice":"Took Card","floor":37.0,"gold_loss":0.0,"damage_taken":0.0,"cards_obtained":["Defend_G"]},{"damage_healed":0.0,"max_hp_gain":0.0,"max_hp_loss":4.0,"gold_gain":0.0,"event_name":"Winding Halls","player_choice":"Max HP","floor":44.0,"gold_loss":0.0,"damage_taken":0.0}],"is_beta":false,"boss_relics":[{"not_picked":["Fusion Hammer","Snecko Eye"],"picked":"Pandora\u0027s Box"},{"not_picked":["Black Star","Runic Dome"],"picked":"SacredBark"}],"items_purged_floors":[27],"is_endless":false,"potions_floor_spawned":[3,5,6,14,16,18,25,28,31,36,38,41,45],"ascension_level":0}}