{"host":"3qkmyeoym75lj4wn","time":1613595654,"event":{"mods":["2.2 Compatiblity","BaseMod","Block Reminder","Colored Powertips","Highlight Path","Minty Spire (QoL Compilation)","Permanent Neow","Potion Indicator Mod","Rare Cards Sparkle","Relic Stats","StSLib","Unceasing Turn Reminder"],"gold_per_floor":[113,188,188,10,21,56,70,70,70,98,115,13,13,13,13],"floor_reached":14,"language":"ENG","playtime":225,"items_purged":[],"score":246,"play_id":"79236e9a-c261-4ed4-b690-8cc31fce9a74","local_time":"20210217210054","is_ascension_mode":true,"campfire_choices":[{"data":"Defragment","floor":8,"key":"SMITH"}],"circlet_count":0,"master_deck":["AscendersBane","Strike_B","Strike_B","Strike_B","Strike_B","Defend_B","Defend_B","Defend_B","Defend_B","Zap+1","Dualcast","Go for the Eyes","Defragment+1","Swift Strike","Gash","Conserve Battery","Gash","Beam Cell","Cold Snap","Finesse"],"relics":["Cracked Core","NeowsBlessing","Bottled Tornado","Strawberry","Orichalcum","Golden Idol"],"acts_visited":["Exordium"],"potions_floor_usage":[10,14],"damage_taken":[{"damage":0,"enemies":"Small Slimes","floor":1,"turns":1},{"damage":0,"enemies":"2 Louse","floor":5,"turns":1},{"damage":0,"enemies":"Lagavulin","floor":6,"turns":1},{"damage":7,"enemies":"Jaw Worm","floor":7,"turns":2},{"damage":41,"enemies":"Gremlin Nob","floor":10,"turns":5},{"damage":3,"enemies":"2 Fungi Beasts","floor":11,"turns":3},{"damage":13,"enemies":"3 Sentries","floor":14,"turns":2}],"seed_played":"7044587166476148540","potions_obtained":[{"floor":1,"key":"CultistPotion"},{"floor":5,"key":"Block Potion"}],"is_trial":false,"path_per_floor":["M","?","?","$","M","E","M","R","T","E","M","$","?","E"],"character_chosen":"DEFECT","items_purchased":["Defragment","Swift Strike","Finesse"],"campfire_rested":0,"item_purchase_floors":[4,4,12],"current_hp_per_floor":[64,53,53,53,53,53,46,46,53,12,9,9,9,0,0],"gold":13,"neow_bonus":"THREE_ENEMY_KILL","is_daily":false,"chose_seed":false,"campfire_upgraded":1,"win_rate":0.0,"timestamp":1613595654,"path_taken":["M","?","?","$","M","E","M","R","T","E","?","$","?","E"],"items_purchased_type":["Card","Card","Card"],"build_version":"2020-12-22","purchased_purges":0,"victory":false,"max_hp_per_floor":[71,71,71,71,71,71,71,71,78,78,78,78,71,71,71],"relic_stats":{"counters":[7,15],"Golden Idol":0,"Orichalcum":[12],"obtain_stats":[{"NeowsBlessing":0,"Golden Idol":13,"Strawberry":9,"Bottled Tornado":6,"Orichalcum":10,"Cracked Core":0},{"NeowsBlessing":0,"Golden Idol":6,"Strawberry":4,"Bottled Tornado":3,"Orichalcum":5,"Cracked Core":0},{"NeowsBlessing":0,"Golden Idol":13,"Strawberry":5,"Bottled Tornado":3,"Orichalcum":10,"Cracked Core":0}]},"card_choices":[{"not_picked":["Steam","Coolheaded"],"picked":"Go for the Eyes","floor":1},{"not_picked":["Conserve Battery","Beam Cell"],"picked":"Gash","floor":5},{"not_picked":["Aggregate","Hello World"],"picked":"Conserve Battery","floor":6},{"not_picked":["Conserve Battery","Barrage"],"picked":"Gash","floor":7},{"not_picked":["Buffer","Stack"],"picked":"Beam Cell","floor":10},{"not_picked":["Beam Cell","Go for the Eyes"],"picked":"Cold Snap","floor":11}],"player_experience":1763255,"relics_obtained":[{"floor":6,"key":"Bottled Tornado"},{"floor":9,"key":"Strawberry"},{"floor":10,"key":"Orichalcum"}],"event_choices":[{"damage_healed":0,"gold_gain":75,"player_choice":"Gather Gold","damage_taken":11,"max_hp_gain":0,"max_hp_loss":0,"event_name":"World of Goop","floor":2,"gold_loss":0},{"damage_healed":0,"gold_gain":0,"player_choice":"Grow","damage_taken":0,"max_hp_gain":0,"max_hp_loss":0,"event_name":"Living Wall","floor":3,"gold_loss":0,"cards_upgraded":["Zap"]},{"damage_healed":0,"gold_gain":0,"player_choice":"Lose Max HP","damage_taken":0,"relics_obtained":["Golden Idol"],"max_hp_gain":0,"max_hp_loss":7,"event_name":"Golden Idol","floor":13,"gold_loss":0}],"is_beta":false,"boss_relics":[],"items_purged_floors":[],"is_endless":false,"potions_floor_spawned":[1,5,7],"killed_by":"3 Sentries","ascension_level":20}}