{"host":"glqsg3p5q4u9u1ra","time":1613547433,"event":{"mods":["Act Like it!","Arknights","BaseMod","Better Third Choice","BetterRewards","Colored Map","Downfall","Friendly Minions","GifTheSpireLib","Hallownest","Highlight Path","Infinite Spire","Lobotomy","LobotomyExtend","Mimic Mod","Minty Spire (QoL Compilation)","Pale of the Ancients","Reliquary","Replay The Spire","Ruina","Spicy Shops","Spire Birthday Party","StSLib","The Blackbeard","The Blue Laboratory","The Bug Knight","The Exalted","The Servant 0.9.4","Wandering Minibosses"],"gold_per_floor":[111,111,33,33,33,33,58,58,58,76,0,17,52,64,64,169,169,182,195,195,195,195,195,195,195,241,241,58,58,58,71,71,171,171,182,5,15,15,34,59,59,47,47,74,74,74],"floor_reached":45,"language":"ENG","playtime":1869,"items_purged":["Bromod:Strike_Bro","Bromod:Strike_Bro","Bromod:Strike_Bro","Amnesia"],"score":773,"play_id":"5db88f3c-a71c-4a91-90f8-e51b1d6de835","local_time":"20210216233713","is_ascension_mode":true,"campfire_choices":[{"data":"Apotheosis","floor":6,"key":"SMITH"},{"data":"Bromod:HeatedCharge","floor":8,"key":"SMITH"},{"data":"Bromod:CollisionForce","floor":15,"key":"SMITH"},{"floor":23,"key":"REST"},{"data":"Guardian:FloatingOrbs","floor":25,"key":"SMITH"},{"data":"infinitespire:Collect","floor":27,"key":"SMITH"},{"data":"Bromod:SteelFiber","floor":30,"key":"SMITH"},{"floor":32,"key":"REST"},{"floor":41,"key":"REST"}],"circlet_count":0,"master_deck":["Bromod:SlashDash","Bromod:SlashDash","Bromod:SlashDash","Bromod:HeatedCharge+1","Apotheosis+1","Bromod:SteelFiber","Bromod:HornetStrike","Guardian:FloatingOrbs+1","Bromod:CollisionForce+1","Bromod:Vitality","Bromod:ThermiteRounds+1","Bromod:SteelFiber+1","infinitespire:Collect+1","Bromod:ThermiteRounds+1","ruina:Thirst","Bromod:Vitality+1","Bromod:Thunderbolt","Injury","Bromod:Rejuvenation+1","Bromod:HeatedCharge","Bromod:Stormbringer+1","Dark Shackles","Bromod:Adaptation","Bromod:ExaltedBlade","Bromod:SlashDash","Bromod:SteelFiber+1"],"relics":["m_GuardianBlood","Bromod:AscarisDevice","Membership Card","Calipers","Replay:Towering Pillar of Hats","Chemical X","LetterFromLob","Medical Kit","infinitespire:Cubic Diamond","Mirror","Ginger","Sling","TungstenRod","reliquary:RedPaperclip","Ice Cream","SacredBark","reliquary:ExpiredCoupon","Kintsugi","Orichalcum","InkBottle","Turnip","reliquary:PurpleTingedLeaf","RedMistMask"],"acts_visited":["Exordium","Exordium","TheBeyond"],"potions_floor_usage":[16,16,31,39,45],"damage_taken":[{"damage":3,"enemies":"ats:Genji","floor":1,"turns":4},{"damage":25,"enemies":"Replay:BlueRogue","floor":7,"turns":7},{"damage":12,"enemies":"Jaw Worm","floor":10,"turns":3},{"damage":10,"enemies":"Small Slimes","floor":12,"turns":3},{"damage":0,"enemies":"HollowMod:MossKnight","floor":13,"turns":5},{"damage":7,"enemies":"3 Louse","floor":14,"turns":4},{"damage":0,"enemies":"Slime Boss","floor":16,"turns":10},{"damage":19,"enemies":"ruina:3_Bats","floor":18,"turns":5},{"damage":27,"enemies":"ruina:2_Scarecrows","floor":19,"turns":5},{"damage":17,"enemies":"ruina:Woodsman","floor":31,"turns":4},{"damage":15,"enemies":"ruina:Red_and_Wolf","floor":33,"turns":10},{"damage":6,"enemies":"Orb Walker","floor":35,"turns":3},{"damage":2,"enemies":"3 Shapes","floor":37,"turns":3},{"damage":23,"enemies":"Jaw Worm Horde","floor":39,"turns":3},{"damage":31,"enemies":"Reptomancer","floor":40,"turns":3},{"damage":0,"enemies":"Giant Head","floor":44,"turns":6},{"damage":47,"enemies":"Writhing Mass","floor":45,"turns":3}],"seed_played":"7610573543011622032","potions_obtained":[{"floor":1,"key":"Regen Potion"},{"floor":12,"key":"Bromod:Endo"},{"floor":18,"key":"Strength Potion"},{"floor":19,"key":"ColorlessPotion"},{"floor":37,"key":"LiquidBronze"},{"floor":40,"key":"Dexterity Potion"}],"is_trial":false,"path_per_floor":["M","?","$","?","?","R","E","R","T","M","$","M","E","M","R","B",null,"M","M","AVR","?","?","R","E","R","T","R","$","?","R","M","R","B",null,"M","$","M","?","M","E","R","$","T","E","M"],"character_chosen":"THE_EXALTED","items_purchased":["Membership Card","Bromod:HeatedCharge","Calipers","Apotheosis","blueLaboratory:FruitPreserves","Chemical X","reliquary:PartyBalloon","Bromod:SteelFiber","Medical Kit","Sling","ruina:Thirst","Orichalcum","Bromod:HeatedCharge","Bromod:SlashDash"],"campfire_rested":3,"item_purchase_floors":[0,0,0,0,0,0,0,0,3,11,28,36,36,42],"current_hp_per_floor":[65,65,65,65,58,58,39,39,39,33,33,29,35,34,34,75,75,62,41,41,41,20,42,42,42,42,42,42,42,42,31,53,61,72,72,72,75,75,58,33,55,55,55,61,37,37],"gold":74,"neow_bonus":"","is_daily":false,"chose_seed":false,"campfire_upgraded":6,"win_rate":0.0,"timestamp":1613547433,"path_taken":["M","?","?","?","?","R","E","R","T","?","$","M","E","M","R","BOSS","M","M","AVR","?","?","R","E","R","T","R","?","?","R","?","R","BOSS","M","$","M","?","?","E","R","?","T","E","M"],"items_purchased_type":["Relic","Card","Relic","Card","Potion","Relic","Relic","Card","Relic","Relic","Card","Relic","Card","Card"],"build_version":"2020-12-22","purchased_purges":4,"victory":false,"max_hp_per_floor":[75,75,75,75,75,75,75,75,75,75,75,75,75,75,75,75,75,75,75,75,75,75,75,75,75,75,75,75,75,75,75,75,75,75,75,75,75,75,75,75,75,75,75,75,75,75],"card_choices":[{"not_picked":["Bromod:Redirection","Bromod:Maglev","Bromod:TargetCracker"],"picked":"SKIP","floor":1},{"not_picked":["Bromod:PointStrike","Bromod:ShatteringImpact"],"picked":"Bromod:HornetStrike","floor":7},{"not_picked":["Bromod:Reflection","Bromod:FastHands"],"picked":"Guardian:DonusPower","floor":10},{"not_picked":["Body Slam","Heavy Blade"],"picked":"Guardian:FloatingOrbs","floor":12},{"not_picked":["Bromod:PointStrike","Bromod:Redirection"],"picked":"Bromod:CollisionForce","floor":13},{"not_picked":["Bromod:KillingBlow","Body Slam"],"picked":"Bromod:Vitality","floor":14},{"not_picked":["Bromod:VoltaicStrike","Bromod:ConditionOverload"],"picked":"Bromod:ThermiteRounds","floor":16},{"not_picked":["Bromod:PointStrike","Bromod:RelentlessCombination","Bromod:FastHands"],"picked":"SKIP","floor":18},{"not_picked":["Bromod:RadialBlind+1","Bromod:Patagium"],"picked":"Bromod:SteelFiber","floor":19},{"not_picked":["Bromod:BulletJump+1","Bromod:ShatteringImpact"],"picked":"Bromod:Vitality+1","floor":31},{"not_picked":["Bromod:Frostbite","Bromod:ConditionOverload"],"picked":"Bromod:Thunderbolt","floor":33},{"not_picked":["Bromod:FastHands+1","Bromod:QuickDraw"],"picked":"Bromod:Rejuvenation+1","floor":35},{"not_picked":["Bromod:Redirection+1","Bromod:SeismicWave"],"picked":"Bromod:Stormbringer+1","floor":37},{"not_picked":["Bromod:Provoked","Bromod:Redirection","Bromod:PressurePoint"],"picked":"SKIP","floor":39},{"not_picked":["Bromod:BodyCount","Bromod:SteelFiber+1"],"picked":"Bromod:ExaltedBlade","floor":40},{"not_picked":["Bromod:OrganShatter+1","Bromod:PointStrike+1"],"picked":"Bromod:SteelFiber+1","floor":44}],"player_experience":1224297,"relics_obtained":[{"floor":1,"key":"LetterFromLob"},{"floor":7,"key":"Ginger"},{"floor":9,"key":"Pantograph"},{"floor":13,"key":"TungstenRod"},{"floor":26,"key":"reliquary:ExpiredCoupon"},{"floor":40,"key":"InkBottle"},{"floor":43,"key":"Turnip"},{"floor":44,"key":"reliquary:PurpleTingedLeaf"},{"floor":44,"key":"RedMistMask"}],"event_choices":[{"damage_healed":0,"gold_gain":0,"player_choice":"Bought 0 Potions","damage_taken":0,"max_hp_gain":0,"max_hp_loss":0,"event_name":"The Woman in Blue","floor":2,"gold_loss":0},{"damage_healed":0,"gold_gain":0,"player_choice":"Relic ","damage_taken":7,"max_hp_gain":0,"max_hp_loss":0,"event_name":"betterThird:BetterScrap","floor":5,"gold_loss":0,"cards_obtained":["Berserk"]},{"damage_healed":0,"gold_gain":0,"player_choice":"2 cards matched","damage_taken":0,"max_hp_gain":0,"max_hp_loss":0,"event_name":"Match and Keep!","floor":38,"gold_loss":0,"cards_obtained":["Dark Shackles","Bromod:Adaptation"]}],"is_beta":false,"boss_relics":[{"not_picked":["reliquary:Craggleroot","reliquary:Ember"],"picked":"reliquary:RedPaperclip"},{"not_picked":["Coffee Dripper","Black Star"],"picked":"Kintsugi"}],"items_purged_floors":[0,0,20,36],"is_endless":false,"potions_floor_spawned":[1,12,14,18,19,37,40],"killed_by":"Writhing Mass","ascension_level":6}}