{"host":"buaikbko8oj3kpfn","time":1613580547,"event":{"mods":["Act Like it!","Arknights","BaseMod","Koishi","Minty Spire (QoL Compilation)","Remilia（蕾米莉亚）","RumiaBox-露米娅的神秘盒子","StSLib","Yakumo Yukari mod","【功能Mod】混沌之环修复补丁"],"gold_per_floor":[131,141,160,175,195,220,232,232,232,232,242,269,269,288,288,390,390,404,423,90,101,111,111,111,140,222,255,180,180,206,206,206,301,301,318,337,351,362,362,396,412,427,476,488,488,503,503,118,118,118],"floor_reached":51,"language":"ZHS","playtime":3081,"items_purged":["AT_purpleEX","Defend_purpleEX"],"score":710,"play_id":"5437899a-257d-4b86-b2d2-c64c6da90b86","local_time":"20210218004907","is_ascension_mode":false,"campfire_choices":[{"data":"WasteWire_Metro_purple","floor":10,"key":"SMITH"},{"data":"Shallow_ocean_purpleEX","floor":13,"key":"SMITH"},{"data":"RuptureOfTimeAndSpace_purple","floor":15,"key":"SMITH"},{"floor":23,"key":"REST"},{"floor":32,"key":"RECALL"},{"floor":47,"key":"REST"},{"floor":49,"key":"REST"}],"circlet_count":0,"master_deck":["Defend_purpleEX","Defend_purpleEX","Observe_purple_1","Observe_purple_2","DimensionStaggered_purple","CommonSense_AntiCommonSense_purple","Yakumo_Ran_purple","WorldDissolvedintheRealm_purple","Worldmountain_purple","WasteWire_Metro_purple+1","Anti_communist_purple","RuptureOfTimeAndSpace_purple+1","Shallow_ocean_purpleEX+1","Theboundaryofcreation_purpleEX","RealityDreamConfluencek_purple","Boundary_of_Extermination_purpleEX","PositiveMatter_Antimatter_Universe_purple","Fantasy_PerpetualMotionMachine_purple","ExternalForce_HighSpeedFlying_purple","ExistenceContinue_purple","RealityDreamConfluencek_purple","Monsters_DoubleDeathButterfly_purple","Mirror_FormAndEmptin_purple+1","Bait_HighSpeedFlying_purple+1","Madness","Madness","Mirror_FormAndEmptin_purple+1","Mirror_WaveAndshot_purple+1","ButterflyHabitatTemple_purple"],"relics":["Boundary_crack","Memoryfragments_purpleEX","NeowsBlessing","Blue Candle","Eternal Feather","GodSword3","Fusion Hammer","MagicDraw2","GodSword4","Matryoshka","HornCleat","Bag of Preparation","Omamori","Seventeenyearold_girl_Forever","Darkstone Periapt","GodSword5","Lantern","MagicDraw1"],"acts_visited":["Exordium","TheCity","TheBeyond"],"potions_floor_usage":[12,12,12],"damage_taken":[{"damage":0,"enemies":"ats:Genji","floor":1,"turns":1},{"damage":0,"enemies":"Small Slimes","floor":2,"turns":2},{"damage":0,"enemies":"Jaw Worm","floor":3,"turns":1},{"damage":41,"enemies":"Exordium Wildlife","floor":4,"turns":13},{"damage":4,"enemies":"Blue Slaver","floor":5,"turns":4},{"damage":19,"enemies":"3 Sentries","floor":6,"turns":4},{"damage":5,"enemies":"Gremlin Gang","floor":7,"turns":3},{"damage":5,"enemies":"Looter","floor":11,"turns":4},{"damage":11,"enemies":"Lagavulin","floor":12,"turns":6},{"damage":0,"enemies":"3 Louse","floor":14,"turns":1},{"damage":7,"enemies":"Hexaghost","floor":16,"turns":9},{"damage":12,"enemies":"2 Thieves","floor":18,"turns":3},{"damage":0,"enemies":"3 Byrds","floor":19,"turns":1},{"damage":16,"enemies":"Shelled Parasite and Fungi","floor":21,"turns":3},{"damage":14,"enemies":"Sentry and Sphere","floor":22,"turns":4},{"damage":35,"enemies":"Slavers","floor":25,"turns":4},{"damage":21,"enemies":"Gremlin Leader","floor":27,"turns":6},{"damage":20,"enemies":"Champ","floor":33,"turns":5},{"damage":0,"enemies":"3 Shapes","floor":35,"turns":2},{"damage":0,"enemies":"3 Darklings","floor":36,"turns":3},{"damage":4,"enemies":"Maw","floor":37,"turns":5},{"damage":26,"enemies":"Writhing Mass","floor":38,"turns":4},{"damage":25,"enemies":"Nemesis","floor":40,"turns":5},{"damage":6,"enemies":"Spire Growth","floor":41,"turns":3},{"damage":0,"enemies":"4 Shapes","floor":42,"turns":2},{"damage":0,"enemies":"Jaw Worm Horde","floor":44,"turns":2},{"damage":0,"enemies":"Writhing Mass","floor":46,"turns":4},{"damage":36,"enemies":"Awakened One","floor":50,"turns":8}],"seed_played":"-5028915591741445323","potions_obtained":[{"floor":2,"key":"SneckoOil"},{"floor":5,"key":"Weak Potion"},{"floor":11,"key":"Fire Potion"},{"floor":14,"key":"LiquidMemories"},{"floor":16,"key":"SpeedPotion"},{"floor":21,"key":"Dexterity Potion"},{"floor":36,"key":"PanachePotion"},{"floor":42,"key":"Regen Potion"}],"is_trial":false,"path_per_floor":["M","M","M","M","M","E","M","?","T","R","M","E","R","M","R","B",null,"M","M","$","M","M","R","?","E","T","E","?","?","T","?","R","B",null,"M","M","M","M","?","E","M","M","T","M","?","M","R","$","R","B",null],"character_chosen":"Youkari","items_purchased":["MagicDraw2","MagicDraw1","ButterflyHabitatTemple_purple"],"campfire_rested":3,"item_purchase_floors":[20,48,48],"current_hp_per_floor":[70,70,70,34,35,19,15,3,3,12,12,6,15,15,24,20,70,59,62,62,51,42,70,70,38,38,18,18,18,18,18,30,42,70,70,70,70,56,47,34,37,41,41,53,53,56,74,74,74,47],"gold":118,"neow_bonus":"THREE_ENEMY_KILL","is_daily":false,"chose_seed":false,"campfire_upgraded":3,"win_rate":0.0,"timestamp":1613580547,"path_taken":["M","M","M","M","M","E","M","?","T","R","M","E","R","M","R","BOSS","M","M","$","M","M","R","?","E","T","E","?","?","?","?","R","BOSS","M","M","M","M","?","E","M","M","T","M","?","M","R","$","R","BOSS"],"items_purchased_type":["Relic","Relic","Card"],"build_version":"2020-12-22","purchased_purges":2,"victory":true,"max_hp_per_floor":[70,70,70,70,70,70,70,70,70,70,70,70,70,70,70,70,70,70,70,70,70,70,70,70,70,70,70,70,70,70,70,70,70,70,70,70,70,72,72,74,74,74,74,74,74,74,74,74,74,74],"card_choices":[{"not_picked":["MeetDecomposer_purple","Boundary_DynamicStaticEquilibrium_purple"],"picked":"DimensionStaggered_purple","floor":1},{"not_picked":["Realm_recovery_purpleEX","MeetDecomposer_purple"],"picked":"CommonSense_AntiCommonSense_purple","floor":2},{"not_picked":["SfantasyHide_purple","Bait_Toxicbait_purple"],"picked":"Yakumo_Ran_purple","floor":3},{"not_picked":["Realm_recovery_purpleEX","StateErode_purple"],"picked":"WorldDissolvedintheRealm_purple","floor":4},{"not_picked":["RealityDreamConfluencek_purple","StateErode_purple"],"picked":"Worldmountain_purple","floor":5},{"not_picked":["SfantasyHide_purple","Boundary_DreamRealityDamnation_purple"],"picked":"WasteWire_Metro_purple","floor":6},{"not_picked":["Worldmountain_purple","Charmbait_purple"],"picked":"Anti_communist_purple","floor":7},{"not_picked":["Mirror_FourBoundary_purple","StateDuplicate_purple"],"picked":"RuptureOfTimeAndSpace_purple","floor":11},{"not_picked":["Line_surface_state_purple","Charmbait_purple"],"picked":"Shallow_ocean_purpleEX","floor":12},{"not_picked":["Mirror_FourBoundary_purple","Line_surface_state_purple","DimensionStaggered_purple"],"picked":"SKIP","floor":14},{"not_picked":["WangLiang_OokamiKakushi_purple","MagicEyes_LaplaceDemon_purple"],"picked":"Theboundaryofcreation_purpleEX","floor":16},{"not_picked":["RuleDissolution_purple","AdvanceAttack_purple"],"picked":"RealityDreamConfluencek_purple","floor":18},{"not_picked":["Charmbait_purple","Shallow_ocean_purpleEX"],"picked":"Boundary_of_Extermination_purpleEX","floor":19},{"not_picked":["DimensionStaggered_purple","Mirror_Drifter_purple+1"],"picked":"PositiveMatter_Antimatter_Universe_purple","floor":21},{"not_picked":["OmniscientAndOmnipotent_Monster_purple","StateDuplicate_purple","Boundary_LightAndDark_purple"],"picked":"SKIP","floor":22},{"not_picked":["SfantasyHide_purple","Worldmountain_purple","Line_surface_state_purple"],"picked":"SKIP","floor":25},{"not_picked":["Boundary_DreamRealityDamnation_purple+1","MonsterNeedle_purple"],"picked":"ExternalForce_HighSpeedFlying_purple","floor":27},{"not_picked":["D_absorption_purple","WangLiang_OokamiKakushi_purple"],"picked":"Monsters_DoubleDeathButterfly_purple","floor":33},{"not_picked":["RuleDissolution_purple","StateErode_purple+1","SfantasyHide_purple+1"],"picked":"SKIP","floor":35},{"not_picked":["Mirror_WaveAndshot_purple","SfantasyHide_purple+1","MeetDecomposer_purple+1"],"picked":"SKIP","floor":36},{"not_picked":["StateErode_purple+1","DimensionStaggered_purple"],"picked":"Mirror_FormAndEmptin_purple+1","floor":37},{"not_picked":["Extrememeaning_purpleEX","EighthInstrument_OneDividesIntoTwo_purple"],"picked":"Bait_HighSpeedFlying_purple+1","floor":38},{"not_picked":["SfantasyHide_purple","MNeedle_purple+1"],"picked":"DarkRealmRedLine_purple+1","floor":40},{"not_picked":["MNeedle_purple","GluttonyofRealm_purpleEX"],"picked":"Mirror_FormAndEmptin_purple+1","floor":41},{"not_picked":["StateDuplicate_purple","DarkRealmRedLine_purple+1"],"picked":"Mirror_WaveAndshot_purple+1","floor":42},{"not_picked":["AdvanceAttack_purple","StateDuplicate_purple","StateErode_purple+1"],"picked":"SKIP","floor":44},{"not_picked":["Anti_communist_purple+1","Line_surface_state_purple+1","WorldDissolvedintheRealm_purple+1"],"picked":"SKIP","floor":46}],"player_experience":425733,"relics_obtained":[{"floor":6,"key":"Blue Candle"},{"floor":9,"key":"Eternal Feather"},{"floor":12,"key":"GodSword3"},{"floor":25,"key":"GodSword4"},{"floor":26,"key":"Matryoshka"},{"floor":27,"key":"HornCleat"},{"floor":30,"key":"Bag of Preparation"},{"floor":30,"key":"Omamori"},{"floor":40,"key":"Darkstone Periapt"},{"floor":43,"key":"GodSword5"},{"floor":43,"key":"Lantern"}],"event_choices":[{"damage_healed":0,"gold_gain":0,"player_choice":"Fled","damage_taken":12,"max_hp_gain":0,"max_hp_loss":0,"event_name":"Scrap Ooze","floor":8,"gold_loss":0},{"damage_healed":0,"gold_gain":0,"player_choice":"Read","damage_taken":0,"max_hp_gain":0,"max_hp_loss":0,"event_name":"TheLibraryeventEX","floor":24,"gold_loss":0,"cards_obtained":["Fantasy_PerpetualMotionMachine_purple"]},{"cards_removed":["AT_purpleEX"],"damage_healed":0,"gold_gain":0,"player_choice":"Gave Gold","damage_taken":0,"max_hp_gain":0,"max_hp_loss":0,"event_name":"Beggar","floor":28,"gold_loss":75},{"cards_removed":["AT_purpleEX"],"damage_healed":0,"gold_gain":0,"player_choice":"Elegance","damage_taken":0,"max_hp_gain":0,"max_hp_loss":0,"event_name":"Back to Basics","floor":29,"gold_loss":0},{"damage_healed":0,"gold_gain":0,"cards_transformed":["AT_purpleEX","Defend_purpleEX"],"player_choice":"Became Test Subject","damage_taken":0,"max_hp_gain":0,"max_hp_loss":0,"event_name":"Drug Dealer","floor":31,"gold_loss":0,"cards_obtained":["ExistenceContinue_purple","RealityDreamConfluencek_purple"]},{"damage_healed":0,"gold_gain":0,"player_choice":"Embrace Madness","damage_taken":9,"max_hp_gain":0,"max_hp_loss":0,"event_name":"Winding Halls","floor":39,"gold_loss":0,"cards_obtained":["Madness","Madness"]},{"cards_removed":["DarkRealmRedLine_purple"],"damage_healed":0,"gold_gain":0,"player_choice":"Removed Attack","damage_taken":0,"max_hp_gain":0,"max_hp_loss":0,"event_name":"Falling","floor":45,"gold_loss":0}],"is_beta":false,"boss_relics":[{"not_picked":["Tiny House","Cursed Key"],"picked":"Fusion Hammer"},{"not_picked":["Sozu","Busted Crown"],"picked":"Seventeenyearold_girl_Forever"}],"items_purged_floors":[20,48],"is_endless":false,"potions_floor_spawned":[2,5,7,11,14,16,21,22,25,36,40,42,44],"ascension_level":0}}