{"host":"8z3t04jhmmneumck","time":1613587650,"event":{"mods":["AchievementEnabler","BaseMod","Colored Map","Colored Powertips","Downfall","Googly Eyes","Hermit","Marisa????????","Minty Spire (QoL Compilation)","StSLib","The Animator","The Bug Knight","The Cursed","The Servant 0.9.4"],"gold_per_floor":[112,112,112,132,148,148,203,203,228,248,262,274,33,45,45,143,143,155,172,172,200,200,200,215,293,293,303,303,158,171,21,21,118,118,131,131,141,363,386,386,436,491,514,529,529,549,549,569,569,569],"floor_reached":51,"language":"ENG","playtime":3033,"items_purged":[],"score":764,"play_id":"c930f0c2-1645-418e-9917-37b35b98f775","local_time":"20210217134730","is_ascension_mode":false,"campfire_choices":[{"data":"TheCursedMod:CursedWand","floor":6,"key":"SMITH"},{"data":"TheCursedMod:StingEye","floor":8,"key":"SMITH"},{"floor":15,"key":"REST"},{"data":"TheCursedMod:Torture","floor":23,"key":"SMITH"},{"data":"TheCursedMod:CursedRelics","floor":28,"key":"SMITH"},{"floor":32,"key":"REST"},{"floor":40,"key":"REST"},{"floor":45,"key":"REST"},{"floor":47,"key":"REST"},{"floor":49,"key":"REST"}],"circlet_count":0,"master_deck":["TheCursedMod:Strike_TheCursed","TheCursedMod:Strike_TheCursed","TheCursedMod:Strike_TheCursed","TheCursedMod:Strike_TheCursed","TheCursedMod:Defend_TheCursed+1","TheCursedMod:Defend_TheCursed","TheCursedMod:Defend_TheCursed+1","TheCursedMod:Defend_TheCursed","TheCursedMod:CursedWand+1","TheCursedMod:CleanUpWorkshop","TheCursedMod:Dregs","TheCursedMod:SurpriseAttack+1","TheCursedMod:SurpriseAttack","TheCursedMod:Wield","TheCursedMod:StingEye+1","TheCursedMod:VitalStrike","TheCursedMod:AshesToAshes","TheCursedMod:Stigma","Dramatic Entrance","TheCursedMod:StingEye","TheCursedMod:CursedRelics+1","TheCursedMod:Evocation+1","TheCursedMod:CursedBlade+1","TheCursedMod:Torture+1","TheCursedMod:BloodBarrier+1","TheCursedMod:SpreadPlague","TheCursedMod:ShockAndAwe","TheCursedMod:BlessingInDisguise+1","Jack Of All Trades","Trip","Blind","TheCursedMod:SurpriseAttack","TheCursedMod:TacticalStrike+1","TheCursedMod:VitalStrike+1","TheCursedMod:StingEye+1","TheCursedMod:SpitefulStrike+1","TheCursedMod:Obscuration+1","TheCursedMod:Grudge+1","TheCursedMod:Torture+1","TheCursedMod:Stretching"],"relics":["TheCursedMod:BlackMagic101","NeowsBlessing","Pen Nib","Vajra","War Paint","SacredBark","Pear","Red Mask","Question Card","TheCursedMod:DemonicMark","Lantern","Cauldron","TheCursedMod:OminousMark","Bag of Marbles","CaptainsWheel","TheCursedMod:CrystalBall","Dream Catcher"],"acts_visited":["Exordium","TheCity","TheBeyond"],"potions_floor_usage":[33,33,35,50,50,50],"damage_taken":[{"damage":0,"enemies":"2 Louse","floor":1,"turns":2},{"damage":0,"enemies":"Small Slimes","floor":4,"turns":1},{"damage":0,"enemies":"Jaw Worm","floor":5,"turns":1},{"damage":13,"enemies":"Gremlin Nob","floor":7,"turns":4},{"damage":0,"enemies":"3 Louse","floor":10,"turns":3},{"damage":0,"enemies":"Large Slime","floor":11,"turns":3},{"damage":5,"enemies":"Looter","floor":12,"turns":2},{"damage":0,"enemies":"Gremlin Gang","floor":14,"turns":1},{"damage":53,"enemies":"Slime Boss","floor":16,"turns":11},{"damage":10,"enemies":"Spheric Guardian","floor":18,"turns":3},{"damage":7,"enemies":"2 Thieves","floor":19,"turns":3},{"damage":0,"enemies":"Masked Bandits","floor":21,"turns":2},{"damage":4,"enemies":"Centurion and Healer","floor":24,"turns":4},{"damage":0,"enemies":"Sentry and Sphere","floor":27,"turns":3},{"damage":11,"enemies":"Snecko","floor":30,"turns":3},{"damage":3,"enemies":"Automaton","floor":33,"turns":4},{"damage":4,"enemies":"3 Darklings","floor":35,"turns":3},{"damage":24,"enemies":"3 Shapes","floor":37,"turns":2},{"damage":17,"enemies":"Mind Bloom Boss Battle","floor":41,"turns":5},{"damage":16,"enemies":"2 Orb Walkers","floor":42,"turns":3},{"damage":13,"enemies":"Transient","floor":44,"turns":5},{"damage":20,"enemies":"3 Darklings","floor":46,"turns":2},{"damage":0,"enemies":"Sphere and 2 Shapes","floor":48,"turns":1},{"damage":88,"enemies":"Donu and Deca","floor":50,"turns":8}],"seed_played":"1130140709803962541","potions_obtained":[{"floor":4,"key":"champ:CounterPotion"},{"floor":11,"key":"SteroidPotion"},{"floor":16,"key":"ColorlessPotion"},{"floor":19,"key":"DistilledChaos"},{"floor":21,"key":"Block Potion"},{"floor":31,"key":"Slimebound:ThreeZeroPotion"},{"floor":35,"key":"Strength Potion"},{"floor":37,"key":"Fruit Juice"},{"floor":42,"key":"PowerPotion"}],"is_trial":false,"path_per_floor":["M","?","?","M","M","R","?","R","T","M","M","M","$","M","R","B",null,"M","M","?","?","?","R","M","T","T","M","R","$","M","$","R","B",null,"M","?","M","?","T","R","?","?","T","M","R","M","R","M","R","B",null],"character_chosen":"THE_CURSED","items_purchased":["War Paint","Dramatic Entrance","Lantern","Cauldron"],"campfire_rested":6,"item_purchase_floors":[13,13,29,31],"current_hp_per_floor":[75,75,75,75,75,75,62,62,62,62,62,57,57,57,75,22,75,65,58,68,68,68,68,64,64,64,64,64,64,53,53,78,75,85,81,71,47,47,47,72,55,39,39,26,51,31,56,56,81,3],"gold":569,"neow_bonus":"THREE_ENEMY_KILL","is_daily":false,"chose_seed":false,"campfire_upgraded":4,"win_rate":0.0,"timestamp":1613587650,"path_taken":["M","?","?","M","?","R","?","R","T","M","M","M","$","M","R","BOSS","M","M","?","?","?","R","M","?","T","M","R","$","?","$","R","BOSS","M","?","M","?","?","R","?","?","T","M","R","M","R","?","R","BOSS"],"items_purchased_type":["Relic","Card","Relic","Relic"],"build_version":"2020-12-22","purchased_purges":0,"victory":true,"max_hp_per_floor":[75,75,75,75,75,75,75,75,75,75,75,75,75,75,75,75,75,75,75,85,85,85,85,85,85,85,85,85,85,85,85,85,85,85,85,85,85,85,85,85,85,85,85,85,85,85,85,85,85,95],"card_choices":[{"not_picked":["TheCursedMod:SoulCrush","TheCursedMod:EmpowerCircles"],"picked":"TheCursedMod:SurpriseAttack","floor":1},{"not_picked":["TheCursedMod:Evocation","TheCursedMod:SpitefulStrike"],"picked":"TheCursedMod:SurpriseAttack","floor":4},{"not_picked":["TheCursedMod:BloodBarrier","TheCursedMod:CursedArmor"],"picked":"TheCursedMod:Wield","floor":5},{"not_picked":["TheCursedMod:CursedBlade","TheCursedMod:SmokeScreen"],"picked":"TheCursedMod:StingEye","floor":7},{"not_picked":["TheCursedMod:CursedShiv","TheCursedMod:TacticalStrike"],"picked":"TheCursedMod:VitalStrike","floor":10},{"not_picked":["TheCursedMod:SmokeScreen","TheCursedMod:CircleOfAmplification"],"picked":"TheCursedMod:AshesToAshes","floor":11},{"not_picked":["TheCursedMod:CursedArmor","TheCursedMod:SpreadPlague"],"picked":"TheCursedMod:Stigma","floor":12},{"not_picked":["TheCursedMod:Torture","TheCursedMod:Mangle"],"picked":"TheCursedMod:StingEye","floor":14},{"not_picked":["TheCursedMod:CircleOfAbyss","TheCursedMod:DarkBarrier"],"picked":"TheCursedMod:CursedRelics","floor":16},{"not_picked":["TheCursedMod:SpitefulStrike+1","TheCursedMod:CursedShiv"],"picked":"TheCursedMod:Evocation+1","floor":18},{"not_picked":["TheCursedMod:RavingStaff","TheCursedMod:HellfireBreathing"],"picked":"TheCursedMod:CursedBlade+1","floor":19},{"not_picked":["TheCursedMod:CursedStaff+1","TheCursedMod:CircleOfWindfury"],"picked":"TheCursedMod:Torture","floor":21},{"not_picked":["TheCursedMod:AshesToAshes","TheCursedMod:CursedAmulet"],"picked":"TheCursedMod:BloodBarrier+1","floor":24},{"not_picked":["TheCursedMod:VitalStrike","TheCursedMod:CursedRelics","TheCursedMod:SpitefulStrike"],"picked":"TheCursedMod:SpreadPlague","floor":27},{"not_picked":["TheCursedMod:RavingStaff","TheCursedMod:CursedArmor","TheCursedMod:CursedBlade","TheCursedMod:EmpowerCircles"],"picked":"SKIP","floor":30},{"not_picked":["TheCursedMod:CircleOfAbyss","TheCursedMod:ManaCirculation","TheCursedMod:ForbiddenAlchemy"],"picked":"TheCursedMod:ShockAndAwe","floor":33},{"not_picked":["TheCursedMod:Obscuration+1","TheCursedMod:VitalStrike","TheCursedMod:CircleOfCorruption"],"picked":"TheCursedMod:BlessingInDisguise+1","floor":35},{"not_picked":["Transmutation","Good Instincts","Panacea"],"picked":"Jack Of All Trades","floor":36},{"not_picked":["PanicButton","Mayhem","Purity"],"picked":"Trip","floor":36},{"not_picked":["Jack Of All Trades","Secret Weapon","Impatience"],"picked":"Blind","floor":36},{"not_picked":["TheCursedMod:CircleOfCorruption","TheCursedMod:CursedBlade+1","TheCursedMod:FleshFromBone"],"picked":"TheCursedMod:SurpriseAttack","floor":37},{"not_picked":["TheCursedMod:Obscuration+1","TheCursedMod:WearCloak","TheCursedMod:CursedShiv"],"picked":"TheCursedMod:TacticalStrike+1","floor":41},{"not_picked":["TheCursedMod:FuryStrike+1","TheCursedMod:SoulReap","TheCursedMod:DemonSword"],"picked":"TheCursedMod:VitalStrike+1","floor":42},{"not_picked":["TheCursedMod:RapidMovement+1","TheCursedMod:WearCloak","TheCursedMod:CursedAmulet+1"],"picked":"TheCursedMod:StingEye+1","floor":44},{"not_picked":["TheCursedMod:CircleOfFlame","TheCursedMod:TacticalStrike","TheCursedMod:EmpowerCircles+1"],"picked":"TheCursedMod:SpitefulStrike+1","floor":45},{"not_picked":["TheCursedMod:SpitefulStrike","TheCursedMod:TacticalStrike","TheCursedMod:WearCloak+1"],"picked":"TheCursedMod:Obscuration+1","floor":46},{"not_picked":["TheCursedMod:BlessingInDisguise+1","TheCursedMod:CursedStaff+1","TheCursedMod:AbyssShockwave+1"],"picked":"TheCursedMod:Grudge+1","floor":47},{"not_picked":["TheCursedMod:HellsGateOpen","TheCursedMod:DarkBarrier","TheCursedMod:Obscuration"],"picked":"TheCursedMod:Torture+1","floor":48},{"not_picked":["TheCursedMod:CursedShiv+1","TheCursedMod:SmokeScreen","TheCursedMod:Wield+1"],"picked":"TheCursedMod:Stretching","floor":49}],"player_experience":14522,"relics_obtained":[{"floor":9,"key":"Vajra"},{"floor":21,"key":"Red Mask"},{"floor":25,"key":"Question Card"},{"floor":26,"key":"TheCursedMod:DemonicMark"},{"floor":39,"key":"Bag of Marbles"},{"floor":41,"key":"CaptainsWheel"},{"floor":42,"key":"TheCursedMod:CrystalBall"},{"floor":43,"key":"Dream Catcher"}],"event_choices":[{"damage_healed":0,"gold_gain":0,"player_choice":"Ignored","damage_taken":0,"max_hp_gain":0,"max_hp_loss":0,"event_name":"Liars Game","floor":2,"gold_loss":0},{"damage_healed":0,"gold_gain":0,"player_choice":"Grow","damage_taken":0,"max_hp_gain":0,"max_hp_loss":0,"event_name":"Living Wall","floor":3,"gold_loss":0,"cards_upgraded":["TheCursedMod:SurpriseAttack"]},{"damage_healed":0,"gold_gain":0,"player_choice":"Searched \u00272\u0027 times","damage_taken":0,"relics_obtained":["Pen Nib"],"max_hp_gain":0,"max_hp_loss":0,"event_name":"Dead Adventurer","floor":7,"gold_loss":0},{"damage_healed":0,"gold_gain":0,"player_choice":"Opened","damage_taken":0,"relics_obtained":["Pear"],"max_hp_gain":0,"max_hp_loss":0,"event_name":"The Mausoleum","floor":20,"gold_loss":0},{"damage_healed":0,"gold_gain":0,"player_choice":"Fought Bandits","damage_taken":0,"max_hp_gain":0,"max_hp_loss":0,"event_name":"Masked Bandits","floor":21,"gold_loss":0},{"damage_healed":0,"gold_gain":0,"player_choice":"Memory 3","damage_taken":10,"max_hp_gain":0,"max_hp_loss":0,"event_name":"SensoryStone","floor":36,"gold_loss":0},{"damage_healed":0,"gold_gain":222,"player_choice":"Wore Mask","damage_taken":0,"max_hp_gain":0,"max_hp_loss":0,"event_name":"Tomb of Lord Red Mask","floor":38,"gold_loss":0},{"damage_healed":0,"gold_gain":0,"player_choice":"Fight","damage_taken":0,"max_hp_gain":0,"max_hp_loss":0,"event_name":"MindBloom","floor":41,"gold_loss":0},{"damage_healed":0,"gold_gain":0,"player_choice":"Fight","damage_taken":0,"max_hp_gain":0,"max_hp_loss":0,"event_name":"Mysterious Sphere","floor":42,"gold_loss":0}],"is_beta":false,"boss_relics":[{"not_picked":["Empty Cage","Tiny House"],"picked":"SacredBark"},{"not_picked":["Coffee Dripper","Sozu"],"picked":"TheCursedMod:OminousMark"}],"items_purged_floors":[],"is_endless":false,"potions_floor_spawned":[4,11,16,19,21,30,35,37,42],"ascension_level":0}}