{"host":"1nniobf0g4s2td4e","time":1613575622,"event":{"mods":["2.2 Compatiblity","BaseMod","Minty Spire (QoL Compilation)","StSLib","SuperFastMode"],"gold_per_floor":[112,112,112,122,122,122,152,152,175,175,175,202,202,202,202,202,202],"floor_reached":16,"language":"ENG","playtime":324,"items_purged":[],"score":129,"play_id":"175ff4aa-4ee0-4a05-a228-2693f19f864a","local_time":"20210217092702","is_ascension_mode":false,"campfire_choices":[{"data":"Flame Barrier","floor":6,"key":"SMITH"},{"data":"Entrench","floor":10,"key":"SMITH"},{"data":"Disarm","floor":15,"key":"SMITH"}],"circlet_count":0,"master_deck":["Strike_R","Strike_R","Strike_R","Strike_R","Defend_R","Defend_R","Defend_R","Bash","Flame Barrier+1","Iron Wave","Entrench+1","Disarm+1","True Grit"],"relics":["Burning Blood","NeowsBlessing","Juzu Bracelet","White Beast Statue","Strawberry","Kunai","Pen Nib"],"acts_visited":["Exordium"],"potions_floor_usage":[],"damage_taken":[{"damage":0,"enemies":"2 Louse","floor":1,"turns":1},{"damage":0,"enemies":"Cultist","floor":4,"turns":1},{"damage":0,"enemies":"Gremlin Nob","floor":7,"turns":1},{"damage":11,"enemies":"3 Sentries","floor":12,"turns":12},{"damage":33,"enemies":"Hexaghost","floor":16,"turns":13}],"seed_played":"-7575117724940868849","potions_obtained":[{"floor":12,"key":"Ancient Potion"}],"is_trial":false,"path_per_floor":["M","$","?","M","?","R","E","?","T","R","?","E","?","?","R","B"],"character_chosen":"IRONCLAD","items_purchased":[],"campfire_rested":0,"item_purchase_floors":[],"current_hp_per_floor":[80,80,80,80,85,85,85,85,92,92,67,62,62,62,62,29,29],"gold":202,"neow_bonus":"THREE_ENEMY_KILL","is_daily":false,"chose_seed":false,"campfire_upgraded":3,"win_rate":0.0,"timestamp":1613575622,"path_taken":["M","$","?","M","?","R","E","?","T","R","?","E","?","?","R","BOSS"],"items_purchased_type":[],"build_version":"2020-12-22","purchased_purges":0,"victory":false,"max_hp_per_floor":[80,80,80,80,85,85,85,85,92,92,92,92,92,92,92,92,92],"card_choices":[{"not_picked":["Perfected Strike","Sentinel"],"picked":"Flame Barrier","floor":1},{"not_picked":["Perfected Strike","Wild Strike"],"picked":"Iron Wave","floor":4},{"not_picked":["Power Through","Perfected Strike"],"picked":"Entrench","floor":7},{"not_picked":["Reaper","True Grit"],"picked":"Disarm","floor":12}],"player_experience":774471,"relics_obtained":[{"floor":7,"key":"White Beast Statue"},{"floor":9,"key":"Strawberry"},{"floor":12,"key":"Pen Nib"}],"event_choices":[{"damage_healed":0,"gold_gain":0,"player_choice":"Bought 0 Potions","damage_taken":0,"max_hp_gain":0,"max_hp_loss":0,"event_name":"The Woman in Blue","floor":3,"gold_loss":0},{"damage_healed":0,"gold_gain":0,"player_choice":"Donut","damage_taken":0,"max_hp_gain":5,"max_hp_loss":0,"event_name":"Big Fish","floor":5,"gold_loss":0},{"cards_removed":["Defend_R"],"damage_healed":0,"gold_gain":0,"player_choice":"Purged","damage_taken":0,"max_hp_gain":0,"max_hp_loss":0,"event_name":"Purifier","floor":8,"gold_loss":0},{"damage_healed":0,"gold_gain":0,"player_choice":"Success","damage_taken":25,"relics_obtained":["Kunai"],"max_hp_gain":0,"max_hp_loss":0,"event_name":"Scrap Ooze","floor":11,"gold_loss":0},{"damage_healed":0,"gold_gain":0,"cards_transformed":["Strike_R"],"player_choice":"Transformed","damage_taken":0,"max_hp_gain":0,"max_hp_loss":0,"event_name":"Transmorgrifier","floor":13,"gold_loss":0,"cards_obtained":["True Grit"]},{"damage_healed":0,"gold_gain":0,"player_choice":"Ignored","damage_taken":0,"max_hp_gain":0,"max_hp_loss":0,"event_name":"NoteForYourself","floor":14,"gold_loss":0}],"is_beta":false,"boss_relics":[],"items_purged_floors":[],"is_endless":false,"potions_floor_spawned":[12],"killed_by":"Hexaghost","ascension_level":0}}