{"host":"c83fcgyuu74iknko","time":1613530365,"event":{"mods":["BaseMod","BetterRewards","Colored Map","Colored Powertips","Minty Spire (QoL Compilation)","Quick Restart","StSLib","The Animator","The Senshi"],"gold_per_floor":[123,133,146,168,179,179,192,192,217,246,15,50,50,80,80,80,80],"floor_reached":16,"language":"ENG","playtime":1532,"items_purged":["animator:Defend"],"score":197,"play_id":"e6287d4b-c653-4526-860b-0ca513c66382","local_time":"20210216185245","is_ascension_mode":false,"campfire_choices":[{"data":"animator:Shichika","floor":6,"key":"SMITH"},{"data":"animator:Emonzaemon","floor":15,"key":"SMITH"}],"circlet_count":0,"master_deck":["animator:Strike_Katanagatari","animator:Defend_Katanagatari","animator:Strike","animator:Strike","animator:Strike","animator:Defend","animator:Defend","animator:Azekura+1","animator:Emonzaemon+1","animator:TsurugaMeisai","animator:Guy+1","animator:Shichika+1","animator:Albedo","animator:Konayuki"],"relics":["animator:LivingPicture","animator:TheMissingPiece","Orichalcum","Ancient Tea Set","animator:WornHelmet","Sling","Tiny Chest","Oddly Smooth Stone"],"acts_visited":["Exordium"],"potions_floor_usage":[4,10,12],"damage_taken":[{"damage":0,"enemies":"2 Louse","floor":1,"turns":3},{"damage":2,"enemies":"Small Slimes","floor":2,"turns":3},{"damage":0,"enemies":"Jaw Worm","floor":3,"turns":7},{"damage":0,"enemies":"Gremlin Gang","floor":4,"turns":9},{"damage":18,"enemies":"Exordium Thugs","floor":5,"turns":4},{"damage":0,"enemies":"2 Fungi Beasts","floor":7,"turns":3},{"damage":18,"enemies":"Gremlin Nob","floor":10,"turns":5},{"damage":0,"enemies":"3 Sentries","floor":12,"turns":8},{"damage":5,"enemies":"Lagavulin","floor":14,"turns":11},{"damage":33,"enemies":"Hexaghost","floor":16,"turns":19}],"seed_played":"-4192549779861522961","potions_obtained":[{"floor":2,"key":"LiquidMemories"},{"floor":5,"key":"SteroidPotion"},{"floor":7,"key":"Energy Potion"},{"floor":10,"key":"Block Potion"},{"floor":14,"key":"SkillPotion"}],"is_trial":false,"path_per_floor":["M","M","M","M","M","R","M","?","T","E","$","E","?","E","R","B"],"character_chosen":"THE_ANIMATOR","items_purchased":["Orichalcum","animator:TsurugaMeisai","Sling"],"campfire_rested":0,"item_purchase_floors":[0,0,11],"current_hp_per_floor":[66,64,64,64,46,46,46,33,33,15,15,16,38,33,33,0,0],"gold":80,"neow_bonus":"","is_daily":false,"chose_seed":false,"campfire_upgraded":2,"win_rate":0.0,"timestamp":1613530365,"path_taken":["M","M","M","M","M","R","M","?","T","E","$","E","?","E","R","BOSS"],"items_purchased_type":["Relic","Card","Relic"],"build_version":"2020-12-22","purchased_purges":1,"victory":false,"max_hp_per_floor":[66,66,66,66,66,66,66,66,66,66,66,67,67,67,67,67,67],"card_choices":[{"not_picked":["animator:DolaRiku","animator:Shalltear"],"picked":"animator:Guy","floor":1},{"not_picked":["animator:Viivi","animator:Illya","animator:Tatsumaki"],"picked":"SKIP","floor":2},{"not_picked":["animator:Sora","animator:HighElfArcher","animator:MumenRider"],"picked":"SKIP","floor":3},{"not_picked":["animator:ZankiKiguchi","animator:TsurugaMeisai"],"picked":"animator:Shichika","floor":4},{"not_picked":["animator:AcuraAkari","animator:Guy","animator:Fredrika"],"picked":"SKIP","floor":5},{"not_picked":["animator:Spearman","animator:Sebas","animator:AcuraTooru"],"picked":"SKIP","floor":7},{"not_picked":["animator:Rider","animator:SilverFang"],"picked":"animator:Albedo","floor":10},{"not_picked":["animator:ZankiKiguchi","animator:Hitei"],"picked":"animator:Konayuki","floor":12},{"not_picked":["animator:DolaSchwi","animator:Evileye","animator:Jibril"],"picked":"SKIP","floor":14}],"player_experience":241517,"relics_obtained":[{"floor":9,"key":"Ancient Tea Set"},{"floor":10,"key":"animator:WornHelmet"},{"floor":12,"key":"Tiny Chest"},{"floor":14,"key":"Oddly Smooth Stone"}],"event_choices":[{"damage_healed":0,"gold_gain":0,"player_choice":"Entered Light","damage_taken":13,"max_hp_gain":0,"max_hp_loss":0,"event_name":"Shining Light","floor":8,"gold_loss":0,"cards_upgraded":["animator:Guy","animator:Azekura"]},{"damage_healed":22,"gold_gain":0,"player_choice":"Banana","damage_taken":0,"max_hp_gain":0,"max_hp_loss":0,"event_name":"Big Fish","floor":13,"gold_loss":0}],"is_beta":false,"boss_relics":[],"items_purged_floors":[11],"is_endless":false,"potions_floor_spawned":[2,5,7,10,14],"killed_by":"Hexaghost","ascension_level":0}}