{"host":"fdtmcpjlr9eclyu9","time":1613530008,"event":{"mods":["Act Like it!","BaseMod","CapriCore","Downfall","Gensokyo","Minty Spire (QoL Compilation)","Quick Restart","Spicy Shops","StSLib","The Alterego","The Servant 0.9.4","Waifu the Spire","[GremlinLeader]The Maniac"],"gold_per_floor":[115,115,115,115,131,131,159,170,170,186,186,216,216,227,227,323,323,323,323,323,323,323,323,323,323,323,323,323,323,323,323,323,323,323,323,323,323,97,97,97,97,97,97,97,97,97,97,97,97,97,97],"floor_reached":50,"language":"ZHS","playtime":2357,"items_purged":["alterego_mod:Strike"],"score":522,"play_id":"8a8f3e12-571b-425b-ac9a-8e577588f5cc","local_time":"20210217104648","is_ascension_mode":false,"campfire_choices":[{"data":"alterego_mod:Impale","floor":6.0,"key":"SMITH"},{"data":"alterego_mod:Punishment","floor":11.0,"key":"SMITH"},{"data":"alterego_mod:Stockings","floor":13.0,"key":"SMITH"},{"data":"alterego_mod:BigMeatyClaws","floor":15.0,"key":"SMITH"},{"data":"alterego_mod:Pet","floor":23.0,"key":"SMITH"},{"data":"alterego_mod:Collar","floor":25.0,"key":"SMITH"},{"data":"alterego_mod:Maid","floor":27.0,"key":"SMITH"},{"data":"alterego_mod:ClassAdvantage","floor":29.0,"key":"SMITH"},{"data":"alterego_mod:Jiggle","floor":32.0,"key":"SMITH"},{"data":"alterego_mod:Clap","floor":42.0,"key":"SMITH"},{"data":"alterego_mod:SakuraFive","floor":44.0,"key":"SMITH"},{"data":"alterego_mod:Bunnysuit","floor":49,"key":"SMITH"}],"circlet_count":0,"master_deck":["alterego_mod:Strike","alterego_mod:Defend","alterego_mod:Defend+1","alterego_mod:Defend","alterego_mod:Defend+1","alterego_mod:Impale+1","alterego_mod:BigMeatyClaws+1","alterego_mod:BrynhildrsRune","alterego_mod:Punishment+1","alterego_mod:Clap+1","alterego_mod:Maid+1","alterego_mod:Stockings+1","alterego_mod:Jiggle+1","alterego_mod:Collar+1","alterego_mod:Pet+1","alterego_mod:ClassAdvantage+1","alterego_mod:Exercise","alterego_mod:SakuraFive+1","alterego_mod:Bunnysuit+1","alterego_mod:Belts+1"],"relics":["alterego_mod:MasochisticConstitution","NeowsBlessing","Blue Candle","White Beast Statue","FossilizedHelix","Ectoplasm","Matryoshka","MutagenicStrength","Singing Bowl","Orichalcum","Coffee Dripper","Bag of Preparation","Toy Ornithopter","War Paint","Unceasing Top","Mercury Hourglass"],"acts_visited":["Exordium","TheCity","TheBeyond"],"potions_floor_usage":[50,50,50,50],"damage_taken":[{"damage":0.0,"enemies":"Jaw Worm","floor":1.0,"turns":1.0},{"damage":0.0,"enemies":"Small Slimes","floor":5.0,"turns":2.0},{"damage":0.0,"enemies":"Gremlin Nob","floor":7.0,"turns":1.0},{"damage":1.0,"enemies":"2 Louse","floor":8.0,"turns":3.0},{"damage":18.0,"enemies":"2 Fungi Beasts","floor":10.0,"turns":4.0},{"damage":25.0,"enemies":"Exordium Thugs","floor":14.0,"turns":3.0},{"damage":7.0,"enemies":"Slime Boss","floor":16.0,"turns":7.0},{"damage":20.0,"enemies":"Shell Parasite","floor":18.0,"turns":4.0},{"damage":0.0,"enemies":"Spheric Guardian","floor":19.0,"turns":3.0},{"damage":10.0,"enemies":"Snake Plant","floor":22.0,"turns":3.0},{"damage":0.0,"enemies":"Shelled Parasite and Fungi","floor":28.0,"turns":3.0},{"damage":0.0,"enemies":"Centurion and Healer","floor":31.0,"turns":3.0},{"damage":35.0,"enemies":"Champ","floor":33.0,"turns":8.0},{"damage":33.0,"enemies":"3 Shapes","floor":35.0,"turns":5.0},{"damage":0.0,"enemies":"Orb Walker","floor":36.0,"turns":2.0},{"damage":29.0,"enemies":"Reptomancer","floor":40.0,"turns":4.0},{"damage":12.0,"enemies":"Sphere and 2 Shapes","floor":41.0,"turns":3.0},{"damage":8.0,"enemies":"4 Shapes","floor":46.0,"turns":5.0},{"damage":0.0,"enemies":"Maw","floor":47.0,"turns":2.0},{"damage":7,"enemies":"Spire Growth","floor":48,"turns":3},{"damage":56,"enemies":"Time Eater","floor":50,"turns":6}],"seed_played":"1298975591515185166","potions_obtained":[{"floor":10.0,"key":"Weak Potion"},{"floor":14.0,"key":"SteroidPotion"},{"floor":16.0,"key":"Block Potion"},{"floor":19.0,"key":"ColorlessPotion"},{"floor":28.0,"key":"GamblersBrew"},{"floor":31.0,"key":"LiquidBronze"},{"floor":33.0,"key":"DistilledChaos"},{"floor":35.0,"key":"Explosive Potion"},{"floor":36.0,"key":"Swift Potion"},{"floor":40.0,"key":"Strength Potion"},{"floor":46.0,"key":"EntropicBrew"},{"floor":47.0,"key":"Explosive Potion"}],"is_trial":false,"path_per_floor":["M","?","?","?","M","R","E","M","T","M","R","?","R","M","R","B",null,"M","M","?","?","M","R","?","R","T","R","M","R","?","M","R","B",null,"M","M","?","$","T","E","M","R","T","R","?","M","M","M","R","B"],"character_chosen":"The_Alterego","items_purchased":["Bag of Preparation"],"campfire_rested":0,"item_purchase_floors":[38],"current_hp_per_floor":[70,63,63,63,70,70,70,70,70,67,67,67,67,43,43,37,74,55,55,55,55,46,46,46,46,46,46,55,55,55,64,64,39,83,60,60,60,60,60,32,30,30,30,30,30,32,37,31,31,0,0],"gold":97,"neow_bonus":"THREE_ENEMY_KILL","is_daily":false,"chose_seed":false,"campfire_upgraded":12,"win_rate":0.0,"timestamp":1613530008,"path_taken":["M","?","?","?","M","R","E","M","T","M","R","?","R","M","R","BOSS","M","M","?","?","?","R","?","R","T","R","M","R","?","M","R","BOSS","M","M","?","$","?","E","M","R","T","R","?","?","M","M","R","BOSS"],"items_purchased_type":["Relic"],"build_version":"2020-12-22","purchased_purges":1,"victory":false,"max_hp_per_floor":[70,70,70,70,70,70,70,71,71,72,72,72,72,73,73,74,74,75,75,75,75,76,76,76,76,76,76,78,78,78,80,80,83,83,86,86,86,86,86,87,90,90,90,90,90,93,93,94,94,94,94],"card_choices":[{"not_picked":["alterego_mod:Jiggle","alterego_mod:Cooking"],"picked":"alterego_mod:Punishment","floor":1.0},{"not_picked":["alterego_mod:Exercise","alterego_mod:Nekomimi"],"picked":"alterego_mod:Pet","floor":5.0},{"not_picked":["alterego_mod:AlterEgo","alterego_mod:TrashNCrash","alterego_mod:Mirror"],"picked":"SKIP","floor":7.0},{"not_picked":["alterego_mod:PerceptionDisorder","alterego_mod:Pet","alterego_mod:DiscoLights"],"picked":"SKIP","floor":8.0},{"not_picked":["alterego_mod:Collar","alterego_mod:Cycle","alterego_mod:Mirror"],"picked":"SKIP","floor":10.0},{"not_picked":["alterego_mod:Support","alterego_mod:Stockings","alterego_mod:Santa"],"picked":"SKIP","floor":14.0},{"not_picked":["alterego_mod:SideboobHour","alterego_mod:Rake"],"picked":"alterego_mod:ClassAdvantage","floor":16.0},{"not_picked":["alterego_mod:DiscoLights+1","alterego_mod:SakuraLabyrinth+1","alterego_mod:PerceptionDisorder"],"picked":"SKIP","floor":18.0},{"not_picked":["alterego_mod:Maid","alterego_mod:BiFurious","alterego_mod:Pet"],"picked":"SKIP","floor":19.0},{"not_picked":["alterego_mod:Complex","alterego_mod:RidiculouslyBig+1","alterego_mod:SakuraLabyrinth+1"],"picked":"SKIP","floor":22.0},{"not_picked":["alterego_mod:MaintainEyeContact","alterego_mod:PresenceConcealment","alterego_mod:Mirror"],"picked":"Singing Bowl","floor":28.0},{"not_picked":["alterego_mod:Cooking+1","alterego_mod:GoddessCore","alterego_mod:TrashNCrash"],"picked":"Singing Bowl","floor":31.0},{"not_picked":["alterego_mod:Valkyrie","alterego_mod:SideboobHour","alterego_mod:IdEs"],"picked":"Singing Bowl","floor":33.0},{"not_picked":["alterego_mod:Mirror+1","alterego_mod:1TonWallop+1","alterego_mod:SakuraPetals+1"],"picked":"Singing Bowl","floor":35.0},{"not_picked":["alterego_mod:Skirt+1","alterego_mod:GachaTicket+1"],"picked":"alterego_mod:Exercise","floor":36.0},{"not_picked":["alterego_mod:Cycle","alterego_mod:PerceptionDisorder"],"picked":"alterego_mod:SakuraFive","floor":40.0},{"not_picked":["alterego_mod:DeftHands+1","alterego_mod:Table","alterego_mod:Belts"],"picked":"Singing Bowl","floor":41.0},{"not_picked":["alterego_mod:Valkyrie","alterego_mod:PerceptionDisorder","alterego_mod:PurpleHair+1"],"picked":"Singing Bowl","floor":46.0},{"not_picked":["alterego_mod:Exercise+1","alterego_mod:BustOut+1"],"picked":"alterego_mod:Bunnysuit","floor":47.0},{"not_picked":["alterego_mod:DestructionOfProperty","alterego_mod:Pet"],"picked":"alterego_mod:Belts+1","floor":48}],"player_experience":386490,"relics_obtained":[{"floor":7.0,"key":"Blue Candle"},{"floor":9.0,"key":"White Beast Statue"},{"floor":26.0,"key":"Singing Bowl"},{"floor":26.0,"key":"Orichalcum"},{"floor":39.0,"key":"Toy Ornithopter"},{"floor":39.0,"key":"War Paint"},{"floor":40.0,"key":"Unceasing Top"},{"floor":43.0,"key":"Mercury Hourglass"}],"event_choices":[{"cards_removed":["alterego_mod:Strike"],"damage_healed":0.0,"max_hp_gain":0.0,"max_hp_loss":0.0,"gold_gain":0.0,"event_name":"Golden Wing","player_choice":"Card Removal","floor":2.0,"gold_loss":0.0,"damage_taken":7.0},{"cards_removed":["alterego_mod:Strike"],"damage_healed":0.0,"max_hp_gain":0.0,"max_hp_loss":0.0,"gold_gain":0.0,"event_name":"Living Wall","player_choice":"Forget","floor":4.0,"gold_loss":0.0,"damage_taken":0.0},{"damage_healed":0.0,"max_hp_gain":0.0,"max_hp_loss":0.0,"gold_gain":30.0,"event_name":"Dead Adventurer","player_choice":"Searched \u00272\u0027 times","floor":12.0,"gold_loss":0.0,"damage_taken":0.0,"relics_obtained":["FossilizedHelix"]},{"damage_healed":0.0,"max_hp_gain":0.0,"max_hp_loss":0.0,"gold_gain":0.0,"event_name":"The Mausoleum","player_choice":"Opened","floor":20.0,"gold_loss":0.0,"damage_taken":0.0,"relics_obtained":["Matryoshka"]},{"damage_healed":0.0,"max_hp_gain":0.0,"max_hp_loss":0.0,"gold_gain":0.0,"event_name":"Vampires","player_choice":"Ignored","floor":21.0,"gold_loss":0.0,"damage_taken":0.0},{"damage_healed":0.0,"max_hp_gain":0.0,"max_hp_loss":0.0,"gold_gain":0.0,"event_name":"Drug Dealer","player_choice":"Inject Mutagens","floor":24.0,"gold_loss":0.0,"damage_taken":0.0,"relics_obtained":["MutagenicStrength"]},{"damage_healed":0.0,"max_hp_gain":0.0,"max_hp_loss":0.0,"gold_gain":0.0,"event_name":"Ghosts","player_choice":"Ignored","floor":30.0,"gold_loss":0.0,"damage_taken":0.0},{"damage_healed":0.0,"max_hp_gain":0.0,"max_hp_loss":0.0,"gold_gain":0.0,"event_name":"SecretPortal","player_choice":"Ignored","floor":37.0,"gold_loss":0.0,"damage_taken":0.0},{"damage_healed":0.0,"max_hp_gain":0.0,"max_hp_loss":0.0,"gold_gain":0.0,"event_name":"The Woman in Blue","player_choice":"Bought 0 Potions","floor":45.0,"gold_loss":0.0,"damage_taken":0.0}],"is_beta":false,"boss_relics":[{"not_picked":["SlaversCollar","Snecko Eye"],"picked":"Ectoplasm"},{"not_picked":["Astrolabe","Black Star"],"picked":"Coffee Dripper"}],"items_purged_floors":[38],"is_endless":false,"potions_floor_spawned":[10,14,16,18,19,22,28,31,33,35,36,40,41,46,47,48],"killed_by":"Time Eater","ascension_level":0}}