{"host":"y9jgkjnf95sujozk","time":1613582810,"event":{"mods":["2.2 Compatiblity","AchievementEnabler","Act Like it!","BaseMod","BetterRewards","Block Reminder","Colored Map","Colored Powertips","Friendly Minions","Gensokyo","GifTheSpireLib","Hallownest","Hermit","Highlight Path","HololiveMod","Hubris","Infinite Spire","Jorbs\u0027s Wanderer Trilogy","Koishi","Marisa（霧雨　魔理沙）","Minty Spire (QoL Compilation)","Quick Restart","Random Character Button","Rare Cards Sparkle","Reimu（博??梦）","Remilia（蕾米莉?）","Replay The Spire","Shop Mod","StSLib","SuperFastMode","The Bug Knight","The Cursed","The Disciple","The Hierophant","The Jungle","The Runesmith","The Senshi","The Servant 0.9.4"],"gold_per_floor":[113,113,132,145,145,145,160,160,460,477,477,128,141,141,141,246,246,264,264,264,376,390,390,405,419,491,509,509,509,539,556,556,556,556],"floor_reached":33,"language":"ENG","playtime":1010,"items_purged":[],"score":286,"play_id":"4b545dfe-8a13-4536-a194-52b8e4ae9d23","local_time":"20210217182650","is_ascension_mode":false,"campfire_choices":[{"floor":6,"key":"REST"},{"floor":11,"key":"REST"},{"floor":15,"key":"REST"},{"floor":23,"key":"REST"},{"floor":28,"key":"REST"},{"floor":32,"key":"REST"}],"circlet_count":0,"master_deck":["Strike_P","Strike_P","Strike_P","Strike_P","Defend_P","Defend_P","Defend_P","Defend_P","Eruption","Vigilance","FlurryOfBlows","ClearTheMind","FlurryOfBlows","Halt","FlurryOfBlows","Flying Knee","EmptyBody","FlyingSleeves+1","ClearTheMind+1","FlurryOfBlows","CarveReality","Replay:Anticipation","Protect","ClearTheMind","Vengeance"],"relics":["Replay:M_StaffOfTheSnake","hubris:MedicalManual","infinitespire:Cubic Diamond","hubris:Icosahedron","Old Coin","Melange","ReplayTheSpireMod:Lightbulb","Frozen Egg 2","Fusion Hammer","Mirror","InkBottle"],"acts_visited":["Exordium","TheCity"],"potions_floor_usage":[16,16,16,25,27,30,30,30,30,30,33],"damage_taken":[{"damage":1,"enemies":"Jaw Worm","floor":1,"turns":3},{"damage":8,"enemies":"Small Slimes","floor":3,"turns":2},{"damage":12,"enemies":"infinitespire:Voidling","floor":4,"turns":3},{"damage":2,"enemies":"Large Slime","floor":7,"turns":5},{"damage":2,"enemies":"Looter","floor":10,"turns":4},{"damage":4,"enemies":"Blue Slaver","floor":13,"turns":3},{"damage":2,"enemies":"Fading Forest","floor":16,"turns":11},{"damage":10,"enemies":"3 Byrds","floor":18,"turns":5},{"damage":0,"enemies":"Chosen","floor":21,"turns":3},{"damage":32,"enemies":"Shelled Parasite and Fungi","floor":22,"turns":4},{"damage":3,"enemies":"Chosen and Byrds","floor":24,"turns":4},{"damage":0,"enemies":"Centurion and Healer","floor":25,"turns":2},{"damage":12,"enemies":"Snecko","floor":27,"turns":6},{"damage":32,"enemies":"Nightmare","floor":30,"turns":5},{"damage":0,"enemies":"3 Cultists","floor":31,"turns":5},{"damage":91,"enemies":"Collector","floor":33,"turns":9}],"seed_played":"-6915293578626878414","potions_obtained":[{"floor":4,"key":"Milkshake"},{"floor":13,"key":"FearPotion"},{"floor":16,"key":"ZuzhouPotion:ReiMu"},{"floor":21,"key":"EntropicBrew"},{"floor":24,"key":"Explosive Potion"},{"floor":25,"key":"Reflective Coating"},{"floor":30,"key":"BottledMiracle"}],"is_trial":false,"path_per_floor":["M","$","M","M","?","R","M","?","T","M","R","$","M","?","R","B",null,"M","?","?","M","M","R","M","M","T","M","R","?","NM","M","R","B"],"character_chosen":"WATCHER","items_purchased":["FlurryOfBlows","Melange","ReplayTheSpireMod:Lightbulb"],"campfire_rested":6,"item_purchase_floors":[0,12,12],"current_hp_per_floor":[71,71,63,55,55,72,70,70,70,68,72,72,68,68,72,70,72,62,62,62,62,30,51,48,48,48,36,57,82,50,50,74,0,0],"gold":556,"neow_bonus":"","is_daily":false,"chose_seed":false,"campfire_upgraded":0,"win_rate":0.0,"timestamp":1613582810,"path_taken":["M","$","M","M","?","R","M","?","T","M","R","$","M","?","R","BOSS","M","?","?","M","M","R","M","M","T","?","R","?","NM","?","R","BOSS"],"items_purchased_type":["Card","Relic","Relic"],"build_version":"2020-12-22","purchased_purges":0,"victory":false,"max_hp_per_floor":[72,72,72,72,72,72,72,72,72,72,72,72,72,72,72,72,72,72,72,72,72,72,72,72,72,72,72,72,82,82,82,82,82,82],"card_choices":[{"not_picked":["FollowUp","Consecrate"],"picked":"ClearTheMind","floor":1},{"not_picked":["PathToVictory","FlyingSleeves"],"picked":"FlurryOfBlows","floor":3},{"not_picked":["Alpha","Sanctity"],"picked":"Halt","floor":4},{"not_picked":["SandsOfTime","DeceiveReality"],"picked":"FlurryOfBlows","floor":7},{"not_picked":["SashWhip","Outmaneuver"],"picked":"Flying Knee","floor":10},{"not_picked":["Evaluate","EmptyFist"],"picked":"EmptyBody","floor":13},{"not_picked":["Night Terror","Grand Finale"],"picked":"DeusExMachina","floor":16},{"not_picked":["Evaluate","FollowUp+1"],"picked":"FlyingSleeves","floor":18},{"not_picked":["Swivel","Replay:BluntJabs"],"picked":"ClearTheMind+1","floor":21},{"not_picked":["BattleHymn+1","FlyingSleeves"],"picked":"FlurryOfBlows","floor":22},{"not_picked":["CutThroughFate","SandsOfTime"],"picked":"CarveReality","floor":24},{"not_picked":["Consecrate","SashWhip"],"picked":"Replay:Anticipation","floor":25},{"not_picked":["Consecrate","Replay:ManipulateFuture"],"picked":"Protect","floor":27},{"not_picked":["Evaluate","Adaptation+1"],"picked":"ClearTheMind","floor":30},{"not_picked":["Sanctity+1","SignatureMove"],"picked":"Vengeance","floor":31}],"player_experience":139984,"relics_obtained":[{"floor":9,"key":"Old Coin"},{"floor":14,"key":"Frozen Egg 2"},{"floor":26,"key":"Mirror"},{"floor":30,"key":"InkBottle"}],"event_choices":[{"damage_healed":0,"gold_gain":0,"player_choice":"Ignored","damage_taken":0,"max_hp_gain":0,"max_hp_loss":0,"event_name":"Beggar","floor":19,"gold_loss":0},{"damage_healed":0,"gold_gain":0,"player_choice":"Upgraded","damage_taken":0,"max_hp_gain":0,"max_hp_loss":0,"event_name":"Upgrade Shrine","floor":20,"gold_loss":0,"cards_upgraded":["FlyingSleeves"]},{"cards_removed":["DeusExMachina"],"damage_healed":15,"gold_gain":0,"player_choice":"Offered Rare","damage_taken":0,"max_hp_gain":10,"max_hp_loss":0,"event_name":"Bonfire Elementals","floor":29,"gold_loss":0}],"is_beta":false,"boss_relics":[{"not_picked":["Hololive_TopUpMoneyS","ReplayTheSpireMod:DimensionalGlitch"],"picked":"Fusion Hammer"}],"items_purged_floors":[],"is_endless":false,"potions_floor_spawned":[4,13,16,21,24,25,30],"killed_by":"Collector","ascension_level":0}}