{"host":"91blwi3hgehj6ch9","time":1613564545,"event":{"mods":["2.2 Compatiblity","AchievementEnabler","BaseMod","Colored Map","DeckTracker","Keyboard Shortcuts","Minty Spire (QoL Compilation)","Permanent Neow","StSLib","SuperFastMode","everything is the same but u backflip on backflip"],"gold_per_floor":[113,126,136,136,152,152,184,202,202,202,212,35,45,70,70,70,70],"floor_reached":16,"language":"KOR","playtime":692,"items_purged":["Strike_R"],"score":177,"play_id":"b5eae87d-b7b7-4c5f-a587-ea7d5adb5873","local_time":"20210217212225","is_ascension_mode":true,"campfire_choices":[{"data":"Searing Blow","floor":6.0,"key":"SMITH"},{"data":"Pommel Strike","floor":10.0,"key":"SMITH"},{"floor":15.0,"key":"REST"}],"circlet_count":0,"master_deck":["AscendersBane","Strike_R","Strike_R","Strike_R","Defend_R","Defend_R","Defend_R","Defend_R","Bash","Carnage","Pommel Strike+1","Searing Blow+1","Dual Wield","Havoc","Shrug It Off+1","Rage+1"],"relics":["Burning Blood","Sundial","Toxic Egg 2","Girya"],"acts_visited":["Exordium"],"potions_floor_usage":[16],"damage_taken":[{"damage":1.0,"enemies":"Cultist","floor":1.0,"turns":3.0},{"damage":7.0,"enemies":"Jaw Worm","floor":2.0,"turns":3.0},{"damage":0.0,"enemies":"2 Louse","floor":3.0,"turns":2.0},{"damage":13.0,"enemies":"Large Slime","floor":5.0,"turns":8.0},{"damage":40.0,"enemies":"Lagavulin","floor":7.0,"turns":5.0},{"damage":11.0,"enemies":"Blue Slaver","floor":8.0,"turns":3.0},{"damage":25.0,"enemies":"Gremlin Gang","floor":11.0,"turns":5.0},{"damage":17.0,"enemies":"Large Slime","floor":13.0,"turns":8.0},{"damage":34.0,"enemies":"3 Sentries","floor":14.0,"turns":11.0},{"damage":64,"enemies":"The Guardian","floor":16,"turns":13}],"seed_played":"-1090189857751842068","potions_obtained":[{"floor":2.0,"key":"FairyPotion"},{"floor":7.0,"key":"Swift Potion"},{"floor":13.0,"key":"Fruit Juice"},{"floor":14.0,"key":"Fire Potion"}],"is_trial":false,"path_per_floor":["M","M","M","?","M","R","E","M","T","R","M","$","M","E","R","B"],"character_chosen":"IRONCLAD","items_purchased":["Shrug It Off+1","BloodPotion"],"campfire_rested":1,"item_purchase_floors":[12,12],"current_hp_per_floor":[77,76,80,80,73,73,39,34,34,34,15,15,29,17,47,0,0],"gold":70,"neow_bonus":"THREE_CARDS","is_daily":false,"chose_seed":false,"campfire_upgraded":2,"win_rate":0.0,"timestamp":1613564545,"path_taken":["M","M","M","?","M","R","E","M","T","R","M","$","M","E","R","BOSS"],"items_purchased_type":["Card","Potion"],"build_version":"2020-12-22","purchased_purges":1,"victory":false,"max_hp_per_floor":[80,80,80,80,80,80,80,80,80,80,80,80,80,80,85,85,85],"card_choices":[{"not_picked":["Havoc","Rupture"],"picked":"Carnage","floor":0.0},{"not_picked":["Headbutt","Sentinel"],"picked":"Pommel Strike","floor":1.0},{"not_picked":["Clash","Perfected Strike","Body Slam"],"picked":"SKIP","floor":2.0},{"not_picked":["Sword Boomerang","Twin Strike"],"picked":"Searing Blow","floor":3.0},{"not_picked":["Fire Breathing","Thunderclap"],"picked":"Dual Wield","floor":5.0},{"not_picked":["Immolate","Clothesline","True Grit"],"picked":"SKIP","floor":7.0},{"not_picked":["Flex","Pommel Strike"],"picked":"Havoc","floor":8.0},{"not_picked":["Bludgeon","Perfected Strike","Clothesline"],"picked":"SKIP","floor":11.0},{"not_picked":["Dark Embrace","Perfected Strike","Headbutt"],"picked":"SKIP","floor":13.0},{"not_picked":["Cleave","Dark Embrace"],"picked":"Rage+1","floor":14.0}],"player_experience":277634,"relics_obtained":[{"floor":7.0,"key":"Sundial"},{"floor":9.0,"key":"Toxic Egg 2"},{"floor":14.0,"key":"Girya"}],"event_choices":[{"cards_removed":["Strike_R"],"damage_healed":0.0,"max_hp_gain":0.0,"max_hp_loss":0.0,"gold_gain":0.0,"event_name":"Living Wall","player_choice":"Forget","floor":4.0,"gold_loss":0.0,"damage_taken":0.0}],"is_beta":false,"boss_relics":[],"items_purged_floors":[12],"is_endless":false,"potions_floor_spawned":[2,7,13,14],"killed_by":"The Guardian","ascension_level":11}}