{"host":"fbdlh90rovbiajun","time":1613539422,"event":{"mods":["AchievementEnabler","BaseMod","Colored Map","Keyboard Shortcuts","Minty Spire (QoL Compilation)","SuperFastMode"],"gold_per_floor":[118,128,203,203,216,216,233,233,287,313,328,328,354,372,372,467,467,477,494,306,326,343,343,214,214,214,248,46,46,46,56,56,156,156,169,187,206,224,238,238,238,238],"floor_reached":41,"language":"KOR","playtime":2379,"items_purged":["Strike_B","Strike_B","Defend_B"],"score":407,"play_id":"89a269c1-343b-44d4-81e9-e41bce86f16b","local_time":"20210217142342","is_ascension_mode":false,"campfire_choices":[{"data":"Defragment","floor":6.0,"key":"SMITH"},{"data":"Zap","floor":8.0,"key":"SMITH"},{"floor":15.0,"key":"REST"},{"data":"Defragment","floor":23.0,"key":"SMITH"},{"data":"Recycle","floor":25.0,"key":"SMITH"},{"data":"Seek","floor":29.0,"key":"SMITH"},{"data":"Machine Learning","floor":32.0,"key":"SMITH"},{"data":"Skim","floor":40.0,"key":"SMITH"}],"circlet_count":0,"master_deck":["Strike_B","Defend_B+1","Defend_B+1","Zap+1","Dualcast","Defragment+1","Cold Snap","Conserve Battery","Skim+1","Turbo","Aggregate","Thunder Strike","Defragment+1","Electrodynamics","CurseOfTheBell","Coolheaded+1","Recycle+1","Seek+1","Steam Power","Compile Driver","Capacitor","Machine Learning+1","Hologram+1","Multi-Cast","Self Repair","Conserve Battery+1","Parasite"],"relics":["Cracked Core","NeowsBlessing","Strawberry","War Paint","Potion Belt","Smiling Mask","Calling Bell","PreservedInsect","Sundial","Pocketwatch","Lantern","Red Mask","Runic Capacitor","Nuclear Battery"],"acts_visited":["Exordium","TheCity","TheBeyond"],"potions_floor_usage":[41],"damage_taken":[{"damage":0.0,"enemies":"Small Slimes","floor":1.0,"turns":1.0},{"damage":0.0,"enemies":"2 Louse","floor":2.0,"turns":1.0},{"damage":0.0,"enemies":"Cultist","floor":5.0,"turns":1.0},{"damage":16.0,"enemies":"Exordium Wildlife","floor":7.0,"turns":5.0},{"damage":4.0,"enemies":"Lagavulin","floor":10.0,"turns":7.0},{"damage":0.0,"enemies":"2 Fungi Beasts","floor":11.0,"turns":3.0},{"damage":15.0,"enemies":"3 Sentries","floor":13.0,"turns":9.0},{"damage":16.0,"enemies":"3 Louse","floor":14.0,"turns":3.0},{"damage":14.0,"enemies":"Slime Boss","floor":16.0,"turns":10.0},{"damage":5.0,"enemies":"Chosen","floor":18.0,"turns":4.0},{"damage":7.0,"enemies":"3 Byrds","floor":19.0,"turns":3.0},{"damage":0.0,"enemies":"Snake Plant","floor":21.0,"turns":4.0},{"damage":12.0,"enemies":"Chosen and Byrds","floor":22.0,"turns":4.0},{"damage":0.0,"enemies":"Masked Bandits","floor":27.0,"turns":3.0},{"damage":11.0,"enemies":"Snecko","floor":31.0,"turns":5.0},{"damage":20.0,"enemies":"Automaton","floor":33.0,"turns":7.0},{"damage":10.0,"enemies":"3 Shapes","floor":35.0,"turns":2.0},{"damage":10.0,"enemies":"3 Darklings","floor":36.0,"turns":3.0},{"damage":17.0,"enemies":"Maw","floor":37.0,"turns":6.0},{"damage":27.0,"enemies":"Writhing Mass","floor":38.0,"turns":7.0},{"damage":5.0,"enemies":"Jaw Worm Horde","floor":39.0,"turns":3.0},{"damage":53,"enemies":"Reptomancer","floor":41,"turns":4}],"seed_played":"-1197898059044574655","potions_obtained":[{"floor":2.0,"key":"Fire Potion"},{"floor":7.0,"key":"Energy Potion"},{"floor":10.0,"key":"EntropicBrew"},{"floor":11.0,"key":"Swift Potion"},{"floor":16.0,"key":"Regen Potion"},{"floor":21.0,"key":"AttackPotion"},{"floor":33.0,"key":"FocusPotion"},{"floor":35.0,"key":"Fruit Juice"},{"floor":38.0,"key":"BlessingOfTheForge"}],"is_trial":false,"path_per_floor":["M","M","?","?","M","R","M","R","T","E","M","?","E","M","R","B",null,"M","M","$","M","M","R","$","R","T","?","$","R","?","M","R","B",null,"M","M","M","M","M","R","E"],"character_chosen":"DEFECT","items_purchased":["Seek","Capacitor","Runic Capacitor"],"campfire_rested":1,"item_purchase_floors":[20,24,28],"current_hp_per_floor":[75,75,64,59,59,59,43,43,43,39,39,39,24,8,32,18,82,77,79,79,79,67,67,67,67,67,67,67,67,67,56,56,36,82,72,62,52,37,48,48,0,0],"gold":238,"neow_bonus":"THREE_ENEMY_KILL","is_daily":false,"chose_seed":false,"campfire_upgraded":7,"win_rate":0.0,"timestamp":1613539422,"path_taken":["M","M","?","?","M","R","M","R","T","E","M","?","E","M","R","BOSS","M","M","$","M","M","R","?","R","T","?","$","R","?","M","R","BOSS","M","M","M","M","M","R","E"],"items_purchased_type":["Card","Card","Relic"],"build_version":"2020-12-22","purchased_purges":3,"victory":false,"max_hp_per_floor":[75,75,75,82,82,82,82,82,82,82,82,82,82,82,82,82,82,82,82,82,82,82,82,82,82,82,82,82,82,82,82,82,82,82,82,82,82,87,87,87,87,87],"card_choices":[{"not_picked":["Gash","Ball Lightning"],"picked":"Defragment","floor":1.0},{"not_picked":["Leap","Ball Lightning"],"picked":"Cold Snap","floor":2.0},{"not_picked":["Turbo","Rebound"],"picked":"Conserve Battery","floor":5.0},{"not_picked":["Redo","Streamline"],"picked":"Skim","floor":7.0},{"not_picked":["Doom and Gloom","Cold Snap"],"picked":"Turbo","floor":10.0},{"not_picked":["Hello World","Doom and Gloom"],"picked":"Aggregate","floor":11.0},{"not_picked":["Aggregate","Turbo"],"picked":"Thunder Strike","floor":13.0},{"not_picked":["Compile Driver","Redo"],"picked":"Defragment","floor":14.0},{"not_picked":["Core Surge","Creative AI"],"picked":"Electrodynamics","floor":16.0},{"not_picked":["Cold Snap","Compile Driver"],"picked":"Coolheaded+1","floor":18.0},{"not_picked":["Barrage","Steam"],"picked":"Recycle","floor":19.0},{"not_picked":["Streamline+1","Leap"],"picked":"Steam Power","floor":21.0},{"not_picked":["Beam Cell","Go for the Eyes"],"picked":"Compile Driver","floor":22.0},{"not_picked":["Ball Lightning","Auto Shields"],"picked":"Machine Learning","floor":27.0},{"not_picked":["Redo","Rip and Tear"],"picked":"Hologram+1","floor":31.0},{"not_picked":["Rainbow","Electrodynamics"],"picked":"Multi-Cast","floor":33.0},{"not_picked":["Force Field+1","Rip and Tear","Coolheaded"],"picked":"SKIP","floor":35.0},{"not_picked":["Gash","Conserve Battery"],"picked":"Self Repair","floor":36.0},{"not_picked":["Rip and Tear+1","Hologram+1"],"picked":"Conserve Battery+1","floor":37.0},{"not_picked":["Recycle","Reinforced Body","Go for the Eyes"],"picked":"SKIP","floor":38.0},{"not_picked":["Compile Driver+1","Undo","Stack+1"],"picked":"SKIP","floor":39.0}],"player_experience":71337,"relics_obtained":[{"floor":9.0,"key":"War Paint"},{"floor":10.0,"key":"Potion Belt"},{"floor":13.0,"key":"Smiling Mask"},{"floor":17.0,"key":"PreservedInsect"},{"floor":17.0,"key":"Sundial"},{"floor":17.0,"key":"Pocketwatch"},{"floor":26.0,"key":"Lantern"},{"floor":27.0,"key":"Red Mask"}],"event_choices":[{"damage_healed":0.0,"max_hp_gain":0.0,"max_hp_loss":0.0,"gold_gain":75.0,"event_name":"World of Goop","player_choice":"Gather Gold","floor":3.0,"gold_loss":0.0,"damage_taken":11.0},{"damage_healed":0.0,"max_hp_gain":0.0,"max_hp_loss":0.0,"gold_gain":0.0,"event_name":"Scrap Ooze","player_choice":"Success","floor":4.0,"gold_loss":0.0,"damage_taken":12.0,"relics_obtained":["Strawberry"]},{"cards_removed":["Strike_B"],"damage_healed":0.0,"max_hp_gain":0.0,"max_hp_loss":0.0,"gold_gain":0.0,"event_name":"Bonfire Elementals","player_choice":"Offered Basic","floor":12.0,"gold_loss":0.0,"damage_taken":0.0},{"damage_healed":0.0,"max_hp_gain":0.0,"max_hp_loss":0.0,"gold_gain":0.0,"event_name":"Masked Bandits","player_choice":"Fought Bandits","floor":27.0,"gold_loss":0.0,"damage_taken":0.0},{"cards_removed":["Defend_B"],"damage_healed":0.0,"max_hp_gain":0.0,"max_hp_loss":0.0,"gold_gain":0.0,"event_name":"Back to Basics","player_choice":"Elegance","floor":30.0,"gold_loss":0.0,"damage_taken":0.0}],"is_beta":false,"boss_relics":[{"not_picked":["Empty Cage","Coffee Dripper"],"picked":"Calling Bell"},{"not_picked":["Pandora\u0027s Box","Runic Pyramid"],"picked":"Nuclear Battery"}],"items_purged_floors":[20,24,28],"is_endless":false,"potions_floor_spawned":[2,7,10,11,16,21,33,35,36,38],"killed_by":"Reptomancer","ascension_level":0}}