{"host":"qy1e0kd24tpj3i2m","time":1613586800,"event":{"mods":["Act Like it!","BaseMod","Better Skull","Better Vampires","Colored Map","Colored Powertips","Curses Come First","Custom Start","Displayed Cursed Tome","Extra Virgin Snecko Oil","Faster Ascension Climbing","Friendly Minions","GifTheSpireLib","Gremlin Skip","Highlight Path","Minty Spire (QoL Compilation)","Permanent Neow","Poor People Problems","Quick Restart","Red Circlet Mod","Relic Filter Mod","Relic Sorter","Reorder Act Four","SacredBarkPlus","Shop Mod","StSLib","SuperFastMode","Transform Curses","没有小屋子和绿帽子啦"],"gold_per_floor":[115,39,53,53,53,53,70,84,84,95,20,20,30,46,46,125,125,143,159,74,74,93,109,109,138,138,138,138,38,38,67,67,67,67],"floor_reached":33,"language":"ZHS","playtime":1127,"items_purged":["Pain","Strike_R"],"score":554,"play_id":"45ec5481-f7ac-407f-b2eb-92393f1f1039","local_time":"20210218033320","is_ascension_mode":true,"campfire_choices":[{"data":"Rupture","floor":6.0,"key":"SMITH"},{"data":"Body Slam","floor":15.0,"key":"SMITH"},{"data":"Bloodletting","floor":24.0,"key":"SMITH"},{"data":"Flame Barrier","floor":27.0,"key":"SMITH"},{"data":"Reaper","floor":32.0,"key":"SMITH"}],"circlet_count":0,"master_deck":["AscendersBane","Strike_R","Strike_R","Strike_R","Strike_R","Defend_R","Defend_R","Defend_R","Brutality","Rupture+1","Bloodletting+1","Flame Barrier+1","Body Slam+1","Power Through","Blood for Blood","Reaper+1","Pommel Strike","Fire Breathing"],"relics":["Burning Blood","Pear","WarpedTongs","Charon\u0027s Ashes","Meat on the Bone","Busted Crown","Bag of Preparation","Juzu Bracelet","Sundial","Potion Belt"],"acts_visited":["Exordium","TheCity"],"potions_floor_usage":[],"damage_taken":[{"damage":13.0,"enemies":"Jaw Worm","floor":1.0,"turns":5.0},{"damage":7.0,"enemies":"Cultist","floor":3.0,"turns":4.0},{"damage":10.0,"enemies":"2 Louse","floor":7.0,"turns":3.0},{"damage":8.0,"enemies":"Gremlin Gang","floor":8.0,"turns":3.0},{"damage":36.0,"enemies":"Exordium Thugs","floor":10.0,"turns":5.0},{"damage":9.0,"enemies":"Looter","floor":13.0,"turns":4.0},{"damage":3.0,"enemies":"2 Fungi Beasts","floor":14.0,"turns":4.0},{"damage":24.0,"enemies":"Hexaghost","floor":16.0,"turns":9.0},{"damage":16.0,"enemies":"Chosen","floor":18.0,"turns":6.0},{"damage":25.0,"enemies":"Spheric Guardian","floor":19.0,"turns":6.0},{"damage":37.0,"enemies":"Shelled Parasite and Fungi","floor":22.0,"turns":5.0},{"damage":22.0,"enemies":"Centurion and Healer","floor":23.0,"turns":7.0},{"damage":18.0,"enemies":"Slavers","floor":25.0,"turns":5.0},{"damage":9.0,"enemies":"Book of Stabbing","floor":31.0,"turns":4.0},{"damage":48,"enemies":"Champ","floor":33,"turns":9}],"seed_played":"3436914990302064952","potions_obtained":[{"floor":1.0,"key":"LiquidMemories"},{"floor":8.0,"key":"Strength Potion"},{"floor":16.0,"key":"Ancient Potion"},{"floor":18.0,"key":"Fire Potion"},{"floor":23.0,"key":"Weak Potion"},{"floor":25.0,"key":"Explosive Potion"}],"is_trial":false,"path_per_floor":["M","?","M","$","?","R","M","M","T","M","$","?","M","M","R","B",null,"M","M","?","?","M","M","R","E","T","R","?","$","?","E","R","B"],"character_chosen":"IRONCLAD","items_purchased":[],"campfire_rested":0,"item_purchase_floors":[],"current_hp_per_floor":[61,71,70,70,70,70,66,64,64,34,34,16,25,40,40,34,67,57,50,50,46,39,51,51,51,51,51,51,51,29,38,38,0,0],"gold":67,"neow_bonus":"TRANSFORM_TWO_CARDS","is_daily":false,"chose_seed":false,"campfire_upgraded":5,"win_rate":0.0,"timestamp":1613586800,"path_taken":["M","?","?","$","?","R","M","?","T","M","?","?","M","M","R","BOSS","M","M","?","?","?","?","R","E","T","R","?","$","?","E","R","BOSS"],"items_purchased_type":[],"build_version":"2020-12-22","purchased_purges":2,"victory":false,"max_hp_per_floor":[68,78,78,78,78,78,78,78,78,78,78,78,78,78,78,78,78,78,78,78,78,78,78,78,78,78,78,78,78,83,83,83,83,83],"card_choices":[{"not_picked":["Evolve","Sword Boomerang"],"picked":"Bloodletting","floor":1.0},{"not_picked":["Fire Breathing","Twin Strike","Havoc"],"picked":"SKIP","floor":3.0},{"not_picked":["Wild Strike","Flex"],"picked":"Flame Barrier","floor":7.0},{"not_picked":["Anger","Cleave"],"picked":"Body Slam","floor":8.0},{"not_picked":["Warcry","Exhume"],"picked":"Power Through","floor":10.0},{"not_picked":["Wild Strike","Rampage","Twin Strike"],"picked":"SKIP","floor":13.0},{"not_picked":["Armaments","Heavy Blade"],"picked":"Blood for Blood","floor":14.0},{"not_picked":["Double Tap","Demon Form"],"picked":"Reaper","floor":16.0},{"not_picked":["Iron Wave"],"picked":"SKIP","floor":18.0},{"not_picked":["Warcry"],"picked":"SKIP","floor":19.0},{"not_picked":["Inflame"],"picked":"SKIP","floor":22.0},{"not_picked":["Warcry"],"picked":"SKIP","floor":23.0},{"not_picked":[],"picked":"Pommel Strike","floor":25.0},{"not_picked":[],"picked":"Fire Breathing","floor":31.0}],"player_experience":894509,"relics_obtained":[{"floor":9.0,"key":"Charon\u0027s Ashes"},{"floor":25.0,"key":"Juzu Bracelet"},{"floor":26.0,"key":"Sundial"},{"floor":31.0,"key":"Potion Belt"}],"event_choices":[{"damage_healed":0.0,"max_hp_gain":0.0,"max_hp_loss":0.0,"gold_gain":0.0,"event_name":"WeMeetAgain","player_choice":"Paid Gold","floor":2.0,"gold_loss":76.0,"damage_taken":0.0,"relics_obtained":["Pear"]},{"damage_healed":0.0,"max_hp_gain":0.0,"max_hp_loss":0.0,"gold_gain":0.0,"event_name":"Accursed Blacksmith","player_choice":"Rummage","floor":5.0,"gold_loss":0.0,"damage_taken":0.0,"relics_obtained":["WarpedTongs"],"cards_obtained":["Pain"]},{"damage_healed":0.0,"max_hp_gain":0.0,"max_hp_loss":0.0,"gold_gain":0.0,"event_name":"Scrap Ooze","player_choice":"Success","floor":12.0,"gold_loss":0.0,"damage_taken":18.0,"relics_obtained":["Meat on the Bone"]},{"damage_healed":0.0,"max_hp_gain":0.0,"max_hp_loss":0.0,"gold_gain":0.0,"event_name":"Addict","player_choice":"Obtained Relic","floor":20.0,"gold_loss":85.0,"damage_taken":0.0,"relics_obtained":["Bag of Preparation"]},{"damage_healed":0.0,"max_hp_gain":0.0,"max_hp_loss":0.0,"gold_gain":0.0,"event_name":"The Woman in Blue","player_choice":"Bought 0 Potions","floor":21.0,"gold_loss":0.0,"damage_taken":0.0},{"damage_healed":0.0,"max_hp_gain":0.0,"max_hp_loss":0.0,"gold_gain":0.0,"event_name":"Vampires","player_choice":"Ignored","floor":28.0,"gold_loss":0.0,"damage_taken":0.0},{"damage_healed":0.0,"max_hp_gain":5.0,"max_hp_loss":0.0,"gold_gain":0.0,"event_name":"Forgotten Altar","player_choice":"Shed Blood","floor":30.0,"gold_loss":0.0,"damage_taken":27.0}],"is_beta":false,"boss_relics":[{"not_picked":["Fusion Hammer","Black Star"],"picked":"Busted Crown"}],"items_purged_floors":[11,29],"is_endless":false,"potions_floor_spawned":[1,8,16,18,19,23,25],"killed_by":"Champ","ascension_level":20}}