{"host":"uv5ws9rdk87e8i5k","time":1613603984,"event":{"mods":["AchievementEnabler","BaseMod","Colored Map","Minty Spire (QoL Compilation)","Permanent Neow","Quick Restart","StSLib","SuperFastMode","The Necromancer"],"gold_per_floor":[115,2,14,25,25,54,54,81,81,81,81],"floor_reached":10,"language":"ENG","playtime":272,"items_purged":["Writhe"],"score":103,"play_id":"86774a15-de86-43f5-a195-5e245fabaf0a","local_time":"20210217171944","is_ascension_mode":true,"campfire_choices":[{"floor":7,"key":"REST"}],"circlet_count":0,"master_deck":["Strike_B","Strike_B","Strike_B","Strike_B","Defend_B","Defend_B","Defend_B","Defend_B","Zap","Dualcast","Glacier","FTL","Cold Snap","Coolheaded","Seek+1","Turbo+1"],"relics":["Cracked Core","Thread and Needle","Toxic Egg 2","Boot","Ancient Tea Set","InkBottle"],"acts_visited":["Exordium"],"potions_floor_usage":[6,8],"damage_taken":[{"damage":0,"enemies":"2 Louse","floor":1,"turns":4},{"damage":0,"enemies":"Small Slimes","floor":3,"turns":4},{"damage":1,"enemies":"Jaw Worm","floor":4,"turns":3},{"damage":56,"enemies":"Gremlin Nob","floor":6,"turns":6},{"damage":8,"enemies":"3 Sentries","floor":8,"turns":8},{"damage":0,"enemies":"Gremlin Nob","floor":10,"turns":1}],"seed_played":"-5703707650402056770","potions_obtained":[{"floor":1,"key":"PotionOfCapacity"},{"floor":4,"key":"Regen Potion"}],"is_trial":false,"path_per_floor":["M","$","M","M","?","E","R","E","T","E"],"character_chosen":"DEFECT","items_purchased":["FTL"],"campfire_rested":1,"item_purchase_floors":[2],"current_hp_per_floor":[68,68,68,67,60,19,41,33,33,33,33],"gold":81,"neow_bonus":"ONE_RARE_RELIC","is_daily":false,"chose_seed":false,"campfire_upgraded":0,"win_rate":0.0,"timestamp":1613603984,"path_taken":["M","$","M","M","?","E","R","E","T","E"],"items_purchased_type":["Card"],"build_version":"2020-12-22","purchased_purges":1,"victory":false,"max_hp_per_floor":[75,75,75,75,75,75,75,75,75,75,75],"card_choices":[{"not_picked":["Turbo","Barrage"],"picked":"Glacier","floor":1},{"not_picked":["Steam Power","Streamline"],"picked":"Cold Snap","floor":3},{"not_picked":["Static Discharge","Recycle"],"picked":"Coolheaded","floor":4},{"not_picked":["Hologram+1","Streamline"],"picked":"Seek+1","floor":6},{"not_picked":["Cold Snap","BootSequence+1"],"picked":"Turbo+1","floor":8}],"player_experience":220646,"relics_obtained":[{"floor":6,"key":"Boot"},{"floor":8,"key":"Ancient Tea Set"},{"floor":9,"key":"InkBottle"}],"event_choices":[{"damage_healed":0,"gold_gain":0,"player_choice":"Success","damage_taken":7,"relics_obtained":["Toxic Egg 2"],"max_hp_gain":0,"max_hp_loss":0,"event_name":"Scrap Ooze","floor":5,"gold_loss":0}],"is_beta":false,"boss_relics":[],"items_purged_floors":[2],"is_endless":false,"potions_floor_spawned":[1,4],"killed_by":"Gremlin Nob","ascension_level":7}}