{"host":"Sylvester","time":1613585798,"event":{"mods":["AchievementEnabler","BaseMod","Filter the Spire","Lobotomy","Minty Spire (QoL Compilation)","Replay The Spire","StSLib"],"gold_per_floor":[119,137,137,194,209,244,306,306,332,404,49,79,79,95,95,95,95],"floor_reached":16,"language":"ENG","playtime":497,"items_purged":["Voices"],"score":274,"play_id":"43a5f0c0-2dca-4926-9c07-032c3d00eb50","local_time":"20210217101638","is_ascension_mode":true,"campfire_choices":[{"data":"Replay:Hum","floor":8.0,"key":"SMITH"},{"data":"Ragnarok","floor":15,"key":"SMITH"}],"circlet_count":0,"master_deck":["AscendersBane","Strike_P","Strike_P","Strike_P","Strike_P","Defend_P","Defend_P","Defend_P","Defend_P","Eruption","Vigilance","FearNoEvil","Crescendo","ReachHeaven","Protect","Replay:Hum+1","EmptyFist","Ragnarok+1","Protect","CutThroughFate+1","FearNoEvil"],"relics":["Snecko Heart","ReplayTheSpireMod:Ring of Challenge","ReplayTheSpireMod:Ring of Addiction","SacredBark","Potion Belt","Bag of Preparation","Boot","Odd Mushroom","Gremlin Food"],"acts_visited":["Exordium"],"potions_floor_usage":[12],"damage_taken":[{"damage":0.0,"enemies":"Small Slimes","floor":1.0,"turns":3.0},{"damage":1.0,"enemies":"2 Louse","floor":2.0,"turns":2.0},{"damage":14.0,"enemies":"Jaw Worm","floor":4.0,"turns":4.0},{"damage":5.0,"enemies":"Looter","floor":5.0,"turns":4.0},{"damage":2.0,"enemies":"3 Sentries","floor":6.0,"turns":3.0},{"damage":1.0,"enemies":"Large Slime","floor":7.0,"turns":3.0},{"damage":12.0,"enemies":"The Mushroom Lair","floor":10.0,"turns":4.0},{"damage":0,"enemies":"Lagavulin","floor":12,"turns":4},{"damage":1,"enemies":"Blue Slaver","floor":14,"turns":2},{"damage":72,"enemies":"The Guardian","floor":16,"turns":2}],"seed_played":"3640045366054283694","potions_obtained":[{"floor":1.0,"key":"Explosive Potion"},{"floor":3.0,"key":"SpeedPotion"},{"floor":3.0,"key":"DuplicationPotion"},{"floor":3.0,"key":"Weak Potion"},{"floor":5.0,"key":"CultistPotion"},{"floor":6.0,"key":"Strength Potion"},{"floor":7.0,"key":"CultistPotion"},{"floor":14,"key":"SpeedPotion"}],"is_trial":false,"path_per_floor":["M","M","?","M","M","E","M","R","T","?","$","E","?","M","R","B"],"character_chosen":"WATCHER","items_purchased":["Ragnarok","Protect","AttackPotion"],"campfire_rested":0,"item_purchase_floors":[11,11,11],"current_hp_per_floor":[61,60,60,46,41,39,38,38,38,26,26,26,26,25,25,0,0],"gold":95,"neow_bonus":"BOSS_RELIC","is_daily":false,"chose_seed":false,"campfire_upgraded":2,"win_rate":0.0,"timestamp":1613585798,"path_taken":["M","M","?","M","M","E","M","R","T","?","?","E","?","M","R","BOSS"],"items_purchased_type":["Card","Card","Potion"],"build_version":"2020-11-17","purchased_purges":1,"victory":false,"max_hp_per_floor":[68,68,68,68,68,68,68,68,68,68,68,68,68,68,68,66,66],"card_choices":[{"not_picked":["EmptyBody","DeceiveReality"],"picked":"FearNoEvil","floor":1.0},{"not_picked":["FollowUp","Evaluate","Wireheading"],"picked":"SKIP","floor":2.0},{"not_picked":["ClearTheMind","Study"],"picked":"Crescendo","floor":4.0},{"not_picked":["ThirdEye","CutThroughFate"],"picked":"ReachHeaven","floor":5.0},{"not_picked":["WreathOfFlame","Replay:AtTheReady"],"picked":"Protect","floor":6.0},{"not_picked":["Replay:AllIn","Consecrate"],"picked":"Replay:Hum","floor":7.0},{"not_picked":["ThirdEye","BowlingBash"],"picked":"EmptyFist","floor":10.0},{"not_picked":["Protect","ClearTheMind"],"picked":"EmptyFist","floor":12},{"not_picked":["Consecrate","ThirdEye"],"picked":"FearNoEvil","floor":14}],"player_experience":277407,"relics_obtained":[{"floor":3.0,"key":"ReplayTheSpireMod:Ring of Challenge"},{"floor":3.0,"key":"ReplayTheSpireMod:Ring of Addiction"},{"floor":3.0,"key":"SacredBark"},{"floor":3.0,"key":"Potion Belt"},{"floor":6.0,"key":"Bag of Preparation"},{"floor":9.0,"key":"Boot"},{"floor":10.0,"key":"Odd Mushroom"},{"floor":12,"key":"Gremlin Food"}],"event_choices":[{"damage_healed":0.0,"max_hp_gain":0.0,"max_hp_loss":0.0,"gold_gain":0.0,"event_name":"Mushrooms","player_choice":"Fought Mushrooms","floor":10.0,"gold_loss":0.0,"damage_taken":0.0}],"is_beta":true,"boss_relics":[],"items_purged_floors":[11],"is_endless":false,"potions_floor_spawned":[1,5,6,7,14],"killed_by":"The Guardian","ascension_level":20}}