{"host":"6vtgmkkqqeew181q","time":1613540545,"event":{"mods":["BaseMod","Better Skull","Better Third Choice","BetterRewards","Colored Powertips","Downfall","Faster Ascension Climbing","Highlight Path","Minty Spire (QoL Compilation)","Reliquary","Spire Birthday Party","StSLib","The Bug Knight","The Jungle"],"gold_per_floor":[113,131,131,156,168,168,187,212,238,263,301,336,348,372,384,396,396],"floor_reached":16,"language":"ENG","playtime":1257,"items_purged":[],"score":162,"play_id":"3bcb7775-c904-4cc7-b61a-f63ba0c3373a","local_time":"20210216214225","is_ascension_mode":false,"campfire_choices":[{"data":"Metamorphosis","floor":6,"key":"SMITH"},{"data":"HollowMod:HuntersJournal","floor":13,"key":"SMITH"},{"floor":15,"key":"REST"}],"circlet_count":0,"master_deck":["HollowMod:NailStrikeStart","HollowMod:NailStrikeStart","HollowMod:NailStrikeStart","HollowMod:NailStrikeStart","HollowMod:QuickDashStart","HollowMod:QuickDashStart","HollowMod:QuickDashStart","HollowMod:QuickDashStart","HollowMod:FocusHealStart","HollowMod:PogoStrike","Metamorphosis+1","HollowMod:WraithStrike","HollowMod:CloakDash","HollowMod:InfectedCysts","HollowMod:SoulEater","HollowMod:BlackTendrils","HollowMod:HuntersJournal+1","HollowMod:SoulMaster","HollowMod:DescendingDark"],"relics":["HollowMod:VesselMask","Potion Belt","Ginger","MawBank","Akabeko","Odd Mushroom"],"acts_visited":["Exordium"],"potions_floor_usage":[8,8,12,12],"damage_taken":[{"damage":0,"enemies":"Small Slimes","floor":1,"turns":3},{"damage":1,"enemies":"Jaw Worm","floor":2,"turns":3},{"damage":2,"enemies":"Cultist","floor":5,"turns":3},{"damage":6,"enemies":"Blue Slaver","floor":7,"turns":3},{"damage":28,"enemies":"Lagavulin","floor":8,"turns":5},{"damage":13,"enemies":"Exordium Wildlife","floor":10,"turns":4},{"damage":2,"enemies":"HollowMod:MossKnight","floor":11,"turns":3},{"damage":24,"enemies":"The Mushroom Lair","floor":12,"turns":4},{"damage":9,"enemies":"Large Slime","floor":14,"turns":4},{"damage":44,"enemies":"The Guardian","floor":16,"turns":11}],"seed_played":"6445659484173813354","potions_obtained":[{"floor":1,"key":"SkillPotion"},{"floor":7,"key":"champ:CounterPotion"},{"floor":8,"key":"ColorlessPotion"},{"floor":11,"key":"Guardian:BlockOnCardUsePotion"}],"is_trial":false,"path_per_floor":["M","M","?","T","M","R","M","E","T","M","E","?","R","M","R","B"],"character_chosen":"THE_BUGKNIGHT","items_purchased":[],"campfire_rested":1,"item_purchase_floors":[],"current_hp_per_floor":[75,74,79,79,77,77,71,49,49,38,36,16,16,10,34,0,0],"gold":396,"neow_bonus":"","is_daily":false,"chose_seed":false,"campfire_upgraded":2,"win_rate":0.0,"timestamp":1613540545,"path_taken":["M","M","?","?","?","R","M","E","T","?","E","?","R","M","R","BOSS"],"items_purchased_type":[],"build_version":"2020-12-22","purchased_purges":0,"victory":false,"max_hp_per_floor":[75,75,80,80,80,80,80,80,80,80,80,80,80,80,80,80,80],"card_choices":[{"not_picked":["HollowMod:NewLittleFool","HollowMod:SoulSplash"],"picked":"HollowMod:CloakDash","floor":1},{"not_picked":["HollowMod:TaintedHusks","HollowMod:SoulSplash"],"picked":"HollowMod:InfectedCysts","floor":2},{"not_picked":["HollowMod:HowlingWraiths","HollowMod:FastStrike"],"picked":"HollowMod:SoulEater","floor":5},{"not_picked":["HollowMod:LifebloodCocoon","HollowMod:CornifersMapStart","HollowMod:MawleksShell"],"picked":"SKIP","floor":7},{"not_picked":["HollowMod:ShadowDash","HollowMod:DescendingDark"],"picked":"HollowMod:BlackTendrils","floor":8},{"not_picked":["HollowMod:MothsMistake","HollowMod:FallenFury"],"picked":"HollowMod:HuntersJournal","floor":10},{"not_picked":["HollowMod:FallenFury","HollowMod:GrimmsGift"],"picked":"HollowMod:SoulMaster","floor":11},{"not_picked":["HollowMod:QuirrelsAssistance","HollowMod:CrystalDash"],"picked":"HollowMod:DescendingDark","floor":12},{"not_picked":["HollowMod:AbyssShriek","HollowMod:NewGlowingWomb","HollowMod:DoubleDash"],"picked":"SKIP","floor":14}],"player_experience":644265,"relics_obtained":[{"floor":4,"key":"Potion Belt"},{"floor":8,"key":"Ginger"},{"floor":9,"key":"MawBank"},{"floor":11,"key":"Akabeko"},{"floor":12,"key":"Odd Mushroom"}],"event_choices":[{"damage_healed":0,"gold_gain":0,"player_choice":"Donut","damage_taken":0,"max_hp_gain":5,"max_hp_loss":0,"event_name":"Big Fish","floor":3,"gold_loss":0},{"damage_healed":0,"gold_gain":0,"player_choice":"Fought Mushrooms","damage_taken":0,"max_hp_gain":0,"max_hp_loss":0,"event_name":"Mushrooms","floor":12,"gold_loss":0}],"is_beta":false,"boss_relics":[],"items_purged_floors":[],"is_endless":false,"potions_floor_spawned":[1,7,8,11],"killed_by":"The Guardian","ascension_level":0}}