{"host":"a1eatafr7pisesky","time":1613568890,"event":{"mods":["AchievementEnabler","BaseMod","Colored Map","Keyboard Shortcuts","Minty Spire (QoL Compilation)","Say the Spire","StSLib","SuperFastMode","everything is the same but u backflip on backflip"],"gold_per_floor":[363,438,452,38,313,313,134,153,153,188,207,207,227,253,253,253,253],"floor_reached":16,"language":"KOR","playtime":253,"items_purged":["Strike_R","Regret"],"score":215,"play_id":"6e3b000a-2df1-44a2-9de7-51306d040686","local_time":"20210217223450","is_ascension_mode":true,"campfire_choices":[{"data":"Whirlwind","floor":6.0,"key":"SMITH"},{"floor":12.0,"key":"REST"},{"floor":15.0,"key":"REST"}],"circlet_count":0,"master_deck":["AscendersBane","Strike_R","Strike_R","Strike_R","Strike_R","Defend_R","Defend_R","Defend_R","Defend_R","Bash","Whirlwind+1","Spot Weakness","Inflame","Evolve","Flex","Flex","Seeing Red","Armaments"],"relics":["Burning Blood","OrangePellets","Strawberry","Thread and Needle","Dream Catcher"],"acts_visited":["Exordium"],"potions_floor_usage":[16],"damage_taken":[{"damage":20.0,"enemies":"Jaw Worm","floor":1.0,"turns":7.0},{"damage":7.0,"enemies":"2 Louse","floor":3.0,"turns":2.0},{"damage":6.0,"enemies":"Cultist","floor":8.0,"turns":3.0},{"damage":32.0,"enemies":"Gremlin Nob","floor":10.0,"turns":4.0},{"damage":7.0,"enemies":"Looter","floor":11.0,"turns":3.0},{"damage":23.0,"enemies":"3 Louse","floor":13.0,"turns":3.0},{"damage":20.0,"enemies":"3 Sentries","floor":14.0,"turns":5.0},{"damage":36,"enemies":"Hexaghost","floor":16,"turns":8}],"seed_played":"-4230458253476348500","potions_obtained":[{"floor":10.0,"key":"Fire Potion"},{"floor":14.0,"key":"SpeedPotion"}],"is_trial":false,"path_per_floor":["M","?","M","$","?","R","$","M","T","E","M","R","M","E","R","B"],"character_chosen":"IRONCLAD","items_purchased":["OrangePellets","Spot Weakness","Inflame","Evolve"],"campfire_rested":2,"item_purchase_floors":[4,4,4,7],"current_hp_per_floor":[54,43,42,42,42,42,42,42,49,23,22,44,27,13,35,0,0],"gold":253,"neow_bonus":"TWO_FIFTY_GOLD","is_daily":false,"chose_seed":false,"campfire_upgraded":1,"win_rate":0.0,"timestamp":1613568890,"path_taken":["M","?","M","$","?","R","$","?","T","E","M","R","M","E","R","BOSS"],"items_purchased_type":["Relic","Card","Card","Card"],"build_version":"2020-12-22","purchased_purges":2,"victory":false,"max_hp_per_floor":[68,68,68,68,68,68,68,68,75,75,75,75,75,75,75,75,75],"card_choices":[{"not_picked":["Clothesline","True Grit"],"picked":"Whirlwind","floor":1.0},{"not_picked":["Perfected Strike","Wild Strike","Hemokinesis"],"picked":"SKIP","floor":3.0},{"not_picked":["Pummel","Anger","Havoc"],"picked":"SKIP","floor":8.0},{"not_picked":["Fire Breathing","Havoc","Dual Wield"],"picked":"SKIP","floor":10.0},{"not_picked":["Combust","Anger"],"picked":"Flex","floor":11.0},{"not_picked":["Thunderclap","Pummel"],"picked":"Flex","floor":13.0},{"not_picked":["Iron Wave","Rage"],"picked":"Seeing Red","floor":14.0},{"not_picked":["Flex","Havoc"],"picked":"Armaments","floor":15.0}],"player_experience":464911,"relics_obtained":[{"floor":9.0,"key":"Strawberry"},{"floor":10.0,"key":"Thread and Needle"},{"floor":14.0,"key":"Dream Catcher"}],"event_choices":[{"damage_healed":0.0,"max_hp_gain":0.0,"max_hp_loss":0.0,"gold_gain":75.0,"event_name":"World of Goop","player_choice":"Gather Gold","floor":2.0,"gold_loss":0.0,"damage_taken":11.0},{"damage_healed":0.0,"max_hp_gain":0.0,"max_hp_loss":0.0,"gold_gain":275.0,"event_name":"Golden Shrine","player_choice":"Desecrate","floor":5.0,"gold_loss":0.0,"damage_taken":0.0,"cards_obtained":["Regret"]}],"is_beta":false,"boss_relics":[],"items_purged_floors":[4,7],"is_endless":false,"potions_floor_spawned":[10,14],"killed_by":"Hexaghost","ascension_level":19}}