{"host":"ufl0k2so27eic2iy","time":1613603364,"event":{"mods":["BaseMod","Downfall","Minty Spire (QoL Compilation)","StSLib","The Animator"],"gold_per_floor":[210,220,250,278,158,190,190,205,205,18,18,51,51,51,51,128,128,139,189,202,6,23,53,53,53,99,131,149,183,183,200,200,273,273,303,321,321,337,349,374,374,374,426,436,436,165,190,14,14,14,14,14,14,14,14],"floor_reached":54,"language":"ENG","playtime":3862,"items_purged":["animator:Strike","animator:Strike","downfall:Haunted"],"score":1426,"play_id":"e4287418-3209-4ee6-954a-f92085d81f7f","local_time":"20210217230924","is_ascension_mode":true,"campfire_choices":[{"data":"animator:AcuraAkari","floor":7.0,"key":"SMITH"},{"floor":11.0,"key":"REST"},{"data":"animator:Aqua","floor":13.0,"key":"SMITH"},{"data":"animator:Tyuule","floor":15.0,"key":"SMITH"},{"floor":25.0,"key":"REST"},{"data":"animator:AcuraAkari","floor":30.0,"key":"SMITH"},{"data":"animator:TukaLunaMarceau","floor":32.0,"key":"SMITH"},{"floor":42,"key":"RECALL"},{"floor":45,"key":"REST"},{"floor":49,"key":"REST"},{"data":"animator:ElricAlphonse","floor":52,"key":"SMITH"}],"circlet_count":0,"master_deck":["AscendersBane","animator:Strike_HitsugiNoChaika","animator:Defend_HitsugiNoChaika","animator:Defend+1","animator:Defend+1","animator:Defend","animator:AcuraAkari+1","animator:Gillette","animator:Tyuule+1","animator:Emonzaemon","animator:AcuraTooru","animator:Viivi+1","animator:Darkness+1","animator:Aqua+1","animator:LeleiLaLalena+1","animator:YaoHaDucy+1","animator:AcuraAkari+1","animator:DolaCouronne+1","animator:TukaLunaMarceau+1","animator:TukaLunaMarceau+1","animator:FielNirvalen+1","Shame","animator:AcuraTooru+1","animator:Fredrika+1","animator:Kazuma+1","animator:ItamiYouji","animator:ElricEdward","animator:Arpeggio","animator:Fredrika","animator:PinaCoLada","animator:ElricAlphonse+1"],"relics":["animator:LivingPicture","animator:TheMissingPiece","Blood Vial","animator:Hoodie","Tiny Chest","Cursed Key","champ:Barbells","Ice Cream","Toy Ornithopter","animator:WornHelmet","animator:HolyGrailRelic","Juzu Bracelet","War Paint","hexamod:BolsterEngine","Bottled Tornado"],"acts_visited":["Exordium","TheCity","TheBeyond","TheEnding"],"potions_floor_usage":[44,47,50,54],"damage_taken":[{"damage":0.0,"enemies":"Cultist","floor":1.0,"turns":3.0},{"damage":1.0,"enemies":"2 Louse","floor":2.0,"turns":3.0},{"damage":0.0,"enemies":"Small Slimes","floor":3.0,"turns":4.0},{"damage":9.0,"enemies":"Blue Slaver","floor":4.0,"turns":4.0},{"damage":8.0,"enemies":"Lagavulin","floor":6.0,"turns":5.0},{"damage":20.0,"enemies":"Lots of Slimes","floor":8.0,"turns":5.0},{"damage":17.0,"enemies":"3 Sentries","floor":12.0,"turns":11.0},{"damage":0.0,"enemies":"Slime Boss","floor":16.0,"turns":6.0},{"damage":8.0,"enemies":"Spheric Guardian","floor":18.0,"turns":4.0},{"damage":11.0,"enemies":"2 Thieves","floor":20.0,"turns":3.0},{"damage":6.0,"enemies":"3 Cultists","floor":22.0,"turns":6.0},{"damage":16.0,"enemies":"Book of Stabbing","floor":23.0,"turns":5.0},{"damage":12.0,"enemies":"animator:HornedBat","floor":27.0,"turns":9.0},{"damage":11.0,"enemies":"Snecko","floor":28.0,"turns":6.0},{"damage":0.0,"enemies":"Book of Stabbing","floor":29.0,"turns":6.0},{"damage":12.0,"enemies":"Cultist and Chosen","floor":31.0,"turns":6.0},{"damage":11.0,"enemies":"Champ","floor":33.0,"turns":10.0},{"damage":6.0,"enemies":"3 Darklings","floor":35.0,"turns":4.0},{"damage":1.0,"enemies":"Orb Walker","floor":36.0,"turns":4.0},{"damage":21,"enemies":"Sphere and 2 Shapes","floor":38,"turns":6},{"damage":21,"enemies":"4 Shapes","floor":39,"turns":6},{"damage":12,"enemies":"Giant Head","floor":40,"turns":7},{"damage":26,"enemies":"Spire Growth","floor":44,"turns":5},{"damage":35,"enemies":"Reptomancer","floor":47,"turns":8},{"damage":25,"enemies":"Awakened One","floor":50,"turns":13},{"damage":75,"enemies":"Shield and Spear","floor":54,"turns":6}],"seed_played":"-8899900670582352374","potions_obtained":[{"floor":1.0,"key":"ColorlessPotion"},{"floor":2.0,"key":"CultistPotion"},{"floor":18.0,"key":"Block Potion"},{"floor":23.0,"key":"sneckomod:MuddlingPotion"},{"floor":28.0,"key":"PowerPotion"},{"floor":33.0,"key":"SteroidPotion"},{"floor":39,"key":"Energy Potion"},{"floor":47,"key":"ColorlessPotion"}],"is_trial":false,"path_per_floor":["M","M","M","M","$","E","R","M","T","$","R","E","R","?","R","B",null,"M","?","M","$","M","E","?","R","T","E","M","E","R","M","R","B",null,"M","M","T","M","M","E","?","R","T","M","R","$","E","$","R","B",null,"R","$","E"],"character_chosen":"THE_ANIMATOR","items_purchased":["animator:Viivi","animator:LeleiLaLalena","animator:YaoHaDucy","champ:Barbells","animator:TukaLunaMarceau","hexamod:BolsterEngine","animator:PinaCoLada","animator:ElricAlphonse","SkillPotion"],"campfire_rested":4,"item_purchase_floors":[5,10,10,21,21,46,48,48,48],"current_hp_per_floor":[54,53,53,44,44,36,36,18,18,18,36,23,23,23,23,31,55,52,52,46,46,45,34,34,52,52,45,39,53,53,46,46,40,68,67,73,73,56,42,35,35,35,35,19,40,40,17,17,39,29,65,65,65,0,0],"gold":14,"neow_bonus":"HUNDRED_GOLD","is_daily":false,"chose_seed":false,"campfire_upgraded":6,"win_rate":0.0,"timestamp":1613603364,"path_taken":["M","M","M","M","$","E","R","?","T","$","R","E","R","?","R","BOSS","M","?","M","$","M","E","?","R","T","E","M","E","R","M","R","BOSS","M","M","?","M","?","E","?","R","T","M","R","$","E","$","R","BOSS","R","$","E"],"items_purchased_type":["Card","Card","Card","Relic","Card","Relic","Card","Card","Potion"],"build_version":"2020-12-22","purchased_purges":3,"victory":false,"max_hp_per_floor":[60,60,60,60,60,60,60,60,60,60,60,60,60,60,60,63,63,63,63,63,63,63,63,63,63,63,63,63,67,67,67,67,67,75,72,74,74,74,76,73,73,73,73,73,73,73,75,75,75,77,77,77,77,74,74],"card_choices":[{"not_picked":["animator:NagisaMomoe","animator:FielNirvalen"],"picked":"animator:Tyuule","floor":1.0},{"not_picked":["animator:Kazuma","animator:Scar","animator:Guy"],"picked":"SKIP","floor":2.0},{"not_picked":["animator:Tet","animator:DolaSchwi"],"picked":"animator:Emonzaemon","floor":3.0},{"not_picked":["animator:AcuraAkari","animator:ChaikaBohdan"],"picked":"animator:AcuraTooru","floor":4.0},{"not_picked":["animator:Gillette","animator:ChaikaBohdan"],"picked":"animator:Darkness","floor":6.0},{"not_picked":["animator:DolaSchwi","animator:KyokoSakura"],"picked":"animator:Aqua","floor":8.0},{"not_picked":["animator:Viivi","animator:Jibril","animator:KyokoSakura"],"picked":"SKIP","floor":12.0},{"not_picked":["animator:ChaikaBohdan","animator:Gillette"],"picked":"animator:AcuraAkari","floor":18.0},{"not_picked":["animator:Verdia","animator:YuiTsuruno"],"picked":"animator:DolaCouronne","floor":20.0},{"not_picked":["animator:YunYun","animator:ZankiKiguchi"],"picked":"animator:TukaLunaMarceau+1","floor":22.0},{"not_picked":["animator:Arpeggio","animator:RoryMercury"],"picked":"animator:FielNirvalen","floor":23.0},{"not_picked":["animator:ChaikaBohdan","animator:AcuraAkari"],"picked":"animator:AcuraTooru","floor":27.0},{"not_picked":["animator:OrikoMikuni","animator:IrohaTamaki","animator:Guy"],"picked":"SKIP","floor":28.0},{"not_picked":["animator:Shichika+1","animator:RoryMercury"],"picked":"animator:Fredrika","floor":29.0},{"not_picked":["animator:Jibril+1","animator:Emonzaemon"],"picked":"animator:Kazuma+1","floor":31.0},{"not_picked":["animator:MadokaKaname","animator:Greed"],"picked":"animator:ItamiYouji","floor":33.0},{"not_picked":["animator:ElricAlphonse","animator:MaesHughes"],"picked":"animator:ElricEdward","floor":35.0},{"not_picked":["animator:HomuraAkemi","animator:ElricEdward"],"picked":"animator:Arpeggio","floor":36.0},{"not_picked":["animator:Scar+1","animator:SuzuneAmano","animator:Emonzaemon"],"picked":"SKIP","floor":38},{"not_picked":["animator:Konayuki","animator:ChaikaBohdan","animator:Vanir"],"picked":"SKIP","floor":39},{"not_picked":["animator:Viivi","animator:Guy"],"picked":"animator:Fredrika","floor":40},{"not_picked":["animator:Konayuki","animator:Mitsurugi","animator:Aqua"],"picked":"SKIP","floor":44},{"not_picked":["animator:ChaikaBohdan","animator:UneriGinkaku","animator:YuiTsuruno"],"picked":"SKIP","floor":47}],"player_experience":2827596,"relics_obtained":[{"floor":6.0,"key":"Blood Vial"},{"floor":9.0,"key":"animator:Hoodie"},{"floor":12.0,"key":"Tiny Chest"},{"floor":23.0,"key":"Ice Cream"},{"floor":27.0,"key":"Toy Ornithopter"},{"floor":29.0,"key":"animator:WornHelmet"},{"floor":40,"key":"Juzu Bracelet"},{"floor":43,"key":"War Paint"},{"floor":47,"key":"Bottled Tornado"}],"event_choices":[{"cards_removed":["animator:Strike"],"damage_healed":0.0,"max_hp_gain":0.0,"max_hp_loss":0.0,"gold_gain":0.0,"event_name":"Living Wall","player_choice":"Forget","floor":14.0,"gold_loss":0.0,"damage_taken":0.0},{"damage_healed":0.0,"max_hp_gain":0.0,"max_hp_loss":0.0,"gold_gain":50.0,"event_name":"Nest","player_choice":"Stole From Cult","floor":19.0,"gold_loss":0.0,"damage_taken":0.0},{"damage_healed":0.0,"max_hp_gain":0.0,"max_hp_loss":0.0,"gold_gain":0.0,"event_name":"Accursed Blacksmith","player_choice":"Forge","floor":24.0,"gold_loss":0.0,"damage_taken":0.0,"cards_upgraded":["animator:LeleiLaLalena"]},{"damage_healed":0,"gold_gain":0,"player_choice":"Memory 1","damage_taken":0,"max_hp_gain":0,"max_hp_loss":0,"event_name":"SensoryStone","floor":41,"gold_loss":0}],"is_beta":false,"boss_relics":[{"not_picked":["animator:RacePiece","Ectoplasm"],"picked":"Cursed Key"},{"not_picked":["Tiny House","Calling Bell"],"picked":"animator:HolyGrailRelic"}],"items_purged_floors":[5,10,46],"is_endless":false,"potions_floor_spawned":[1,2,3,18,23,28,33,39,40,47],"killed_by":"Shield and Spear","ascension_level":15}}