{"host":"v4pe0ixo3k7iwzp0","time":1613525519,"event":{"mods":["100% Spire Juice","BaseMod","Bestiary","Highlight Path","Minty Spire (QoL Compilation)","StSLib","Td1madao Mod","The Senshi"],"gold_per_floor":[115,126,144,159,169,169,128,142,214,228,246,24,24,24,24,24,24],"floor_reached":16,"language":"ENG","playtime":932,"items_purged":[],"score":96,"play_id":"49202f7b-a852-4bdf-b7e4-a862415f10e5","local_time":"20210216173159","is_ascension_mode":false,"campfire_choices":[{"data":"theSenshi:HesSoDreamy","floor":6.0,"key":"SMITH"},{"data":"theSenshi:RoseThrow","floor":13,"key":"SMITH"},{"floor":15,"key":"REST"}],"circlet_count":0,"master_deck":["theSenshi:SailorKick","theSenshi:SailorKick","theSenshi:SailorKick","theSenshi:SailorKick","theSenshi:SailorBlock","theSenshi:SailorBlock","theSenshi:SailorBlock","theSenshi:SailorBlock","theSenshi:RoseThrow+1","theSenshi:MoonPrismPowerMakeUp","theSenshi:MoonKick","theSenshi:HesSoDreamy+1","theSenshi:TallSilhouette","theSenshi:TuxedoSmokingBomber","theSenshi:LateForSchool","theSenshi:SailorMercuryAssists","theSenshi:TuxedoSmokingBomber","theSenshi:SailorV"],"relics":["theSenshi:TransformationBroochRelic","Meat on the Bone","Akabeko"],"acts_visited":["Exordium"],"potions_floor_usage":[16,16],"damage_taken":[{"damage":0.0,"enemies":"Cultist","floor":1.0,"turns":4.0},{"damage":7.0,"enemies":"2 Louse","floor":2.0,"turns":2.0},{"damage":11.0,"enemies":"Jaw Worm","floor":3.0,"turns":3.0},{"damage":1.0,"enemies":"Exordium Wildlife","floor":4.0,"turns":5.0},{"damage":0.0,"enemies":"Blue Slaver","floor":5.0,"turns":5.0},{"damage":8.0,"enemies":"Gremlin Gang","floor":8.0,"turns":7.0},{"damage":9,"enemies":"Looter","floor":10,"turns":4},{"damage":0,"enemies":"Blue Slaver","floor":11,"turns":5},{"damage":77,"enemies":"Slime Boss","floor":16,"turns":10}],"seed_played":"-9198841643666638153","potions_obtained":[{"floor":1.0,"key":"ColorlessPotion"},{"floor":11,"key":"Fire Potion"}],"is_trial":false,"path_per_floor":["M","M","M","M","M","R","?","M","T","M","M","$","R","$","R","B"],"character_chosen":"THE_SENSHI","items_purchased":["theSenshi:SailorV","Akabeko"],"campfire_rested":1,"item_purchase_floors":[12,12],"current_hp_per_floor":[82,75,64,63,63,63,63,55,55,46,46,46,46,46,70,0,0],"gold":24,"neow_bonus":"TEN_PERCENT_HP_BONUS","is_daily":false,"chose_seed":false,"campfire_upgraded":2,"win_rate":0.0,"timestamp":1613525519,"path_taken":["M","M","?","M","M","R","?","M","T","M","M","$","R","$","R","BOSS"],"items_purchased_type":["Card","Relic"],"build_version":"2020-12-22","purchased_purges":0,"victory":false,"max_hp_per_floor":[82,82,82,82,82,82,82,82,82,82,82,82,82,82,82,82,82],"card_choices":[{"not_picked":["theSenshi:YouCanTalk","theSenshi:HesSoDreamy"],"picked":"theSenshi:MoonKick","floor":1.0},{"not_picked":["theSenshi:PlutosSolemnity","theSenshi:SteeledNerves"],"picked":"theSenshi:HesSoDreamy","floor":2.0},{"not_picked":["theSenshi:EncouragingSpeech","theSenshi:LunasBite"],"picked":"theSenshi:TallSilhouette","floor":3.0},{"not_picked":["theSenshi:SailorPlanetPower","theSenshi:MoonTiaraMagic","theSenshi:SailorMarsAssists"],"picked":"SKIP","floor":4.0},{"not_picked":["theSenshi:MoonPunch","theSenshi:MoonTiaraMagic"],"picked":"theSenshi:TuxedoSmokingBomber","floor":5.0},{"not_picked":["theSenshi:UranusStrength","theSenshi:SailorPlutoAssists"],"picked":"theSenshi:LateForSchool","floor":8.0},{"not_picked":["theSenshi:MoonTwilightFlash","theSenshi:SailorStarFighterAssists"],"picked":"theSenshi:SailorMercuryAssists","floor":10},{"not_picked":["theSenshi:CrisisMakeUp","theSenshi:GatheringStrength"],"picked":"theSenshi:TuxedoSmokingBomber","floor":11}],"player_experience":136954,"relics_obtained":[{"floor":9.0,"key":"Meat on the Bone"}],"event_choices":[{"damage_healed":0.0,"max_hp_gain":0.0,"max_hp_loss":0.0,"gold_gain":0.0,"event_name":"World of Goop","player_choice":"Left Gold","floor":7.0,"gold_loss":41.0,"damage_taken":0.0}],"is_beta":false,"boss_relics":[],"items_purged_floors":[],"is_endless":false,"potions_floor_spawned":[1,5,8,11],"killed_by":"Slime Boss","ascension_level":0}}