{"host":"vyiqbz5w606ur92t","time":1613603205,"event":{"mods":["BaseMod","Downfall","Minty Spire (QoL Compilation)","Relic Stats","StSLib"],"gold_per_floor":[99,112,22,32,32,69,69,90,111,5,5,47,47,59,72,153,198,198,220,243,243,243,243],"floor_reached":21,"language":"ENG","playtime":5032,"items_purged":["Slimebound:Strike_Slimebound","Slimebound:Defend_Slimebound"],"score":372,"play_id":"8761f954-a3ae-44c8-bd58-55f19e2e4aad","local_time":"20210217230645","is_ascension_mode":true,"campfire_choices":[{"data":"Sadistic Nature","floor":1.0,"key":"SMITH"},{"floor":11.0,"key":"REST"},{"floor":13.0,"key":"REST"},{"data":"Slimebound:RainOfGoop","floor":18.0,"key":"SMITH"}],"circlet_count":0,"master_deck":["AscendersBane","Slimebound:Tackle","Slimebound:Split","Slimebound:CorrosiveSpit","Sadistic Nature+1","Slimebound:SpikyOuterGoop","Slimebound:Recollect","Slimebound:Schlurp","Slimebound:Schlurp","Slimebound:WasteNot","Slimebound:Gluttony","Slimebound:Dissolve","Slimebound:ItLooksTasty","Slimebound:WasteNot","Slimebound:DivideAndConquer","Slimebound:Schlurp","Slimebound:GrowthPunch","Slimebound:RainOfGoop+1","Slimebound:CheckThePlaybook","Slimebound:Recollect","Slimebound:SlimeTap+1"],"relics":["Slimebound:AbsorbEndCombat","CeramicFish","Calipers","Dream Catcher","Pandora\u0027s Box"],"acts_visited":["Exordium","TheCity"],"potions_floor_usage":[],"damage_taken":[{"damage":12.0,"enemies":"Small Slimes","floor":2.0,"turns":4.0},{"damage":2.0,"enemies":"downfall:FleeingMerchant","floor":3.0,"turns":4.0},{"damage":1.0,"enemies":"Cultist","floor":4.0,"turns":3.0},{"damage":47.0,"enemies":"Gremlin Nob","floor":6.0,"turns":5.0},{"damage":7.0,"enemies":"Jaw Worm","floor":8.0,"turns":4.0},{"damage":4.0,"enemies":"Gremlin Gang","floor":9.0,"turns":4.0},{"damage":10.0,"enemies":"downfall:FleeingMerchant","floor":10.0,"turns":4.0},{"damage":21.0,"enemies":"3 Sentries","floor":12.0,"turns":9.0},{"damage":4.0,"enemies":"Red Slaver","floor":14.0,"turns":5.0},{"damage":7.0,"enemies":"Large Slime","floor":15.0,"turns":5.0},{"damage":22.0,"enemies":"IC_STATUS_ARCHETYPE","floor":16.0,"turns":8.0},{"damage":36.0,"enemies":"downfall:LooterAlt2","floor":19.0,"turns":4.0},{"damage":11.0,"enemies":"3 Byrds","floor":20.0,"turns":4.0},{"damage":11,"enemies":"3 Cultists","floor":21,"turns":3}],"seed_played":"9198935658237710127","potions_obtained":[{"floor":4.0,"key":"DistilledChaos"},{"floor":6.0,"key":"Ancient Potion"},{"floor":8.0,"key":"PowerPotion"},{"floor":9.0,"key":"Explosive Potion"},{"floor":14.0,"key":"Regen Potion"},{"floor":20.0,"key":"Dexterity Potion"}],"is_trial":false,"path_per_floor":["R","M","$","M","?","E","T","M","M","$","R","E","R","M","M","B",null,"R","M","M","M"],"character_chosen":"SLIMEBOUND","items_purchased":[],"campfire_rested":2,"item_purchase_floors":[],"current_hp_per_floor":[53,43,47,50,50,11,11,6,8,4,20,7,23,23,24,23,46,46,16,7,0,0,0],"gold":243,"neow_bonus":"RANDOM_COLORLESS_2","is_daily":false,"chose_seed":false,"campfire_upgraded":2,"win_rate":0.0,"timestamp":1613603205,"path_taken":["R","M","$","M","?","E","T","M","?","?","R","E","R","M","M","BOSS","R","M","M","M"],"items_purchased_type":[],"build_version":"2020-12-22","purchased_purges":2,"victory":false,"max_hp_per_floor":[54,54,54,54,54,54,54,54,54,54,54,54,54,54,54,54,54,54,54,54,54,54,54],"relic_stats":{"Dream Catcher":1,"counters":[14,66],"CeramicFish":117,"Pandora\u0027s Box":["Slimebound:DivideAndConquer","Slimebound:Schlurp","Slimebound:GrowthPunch","Slimebound:RainOfGoop","Slimebound:CheckThePlaybook"],"obtain_stats":[{"Dream Catcher":12,"Calipers":7,"CeramicFish":6,"Pandora\u0027s Box":17,"Slimebound:AbsorbEndCombat":0},{"Dream Catcher":8,"Calipers":4,"CeramicFish":4,"Pandora\u0027s Box":11,"Slimebound:AbsorbEndCombat":0},{"Dream Catcher":37,"Calipers":16,"CeramicFish":16,"Pandora\u0027s Box":55,"Slimebound:AbsorbEndCombat":0}]},"card_choices":[{"not_picked":["Apotheosis","Magnetism"],"picked":"Sadistic Nature","floor":0.0},{"not_picked":["Slimebound:LeechEnergy","Slimebound:LeechingTouch"],"picked":"Slimebound:SpikyOuterGoop","floor":2.0},{"not_picked":["Slimebound:SplitBruiser","Slimebound:LevelUp"],"picked":"Slimebound:Recollect","floor":3.0},{"not_picked":["Slimebound:FormOfPuddle","Slimebound:Prepare"],"picked":"Slimebound:Schlurp","floor":4.0},{"not_picked":["Slimebound:GoopTackle","Slimebound:SpikyOuterGoop"],"picked":"Slimebound:Schlurp","floor":6.0},{"not_picked":["Slimebound:Replication","Slimebound:LeechEnergy"],"picked":"Slimebound:WasteNot","floor":8.0},{"not_picked":["Slimebound:LivingWall","Slimebound:Repurpose"],"picked":"Slimebound:Gluttony","floor":9.0},{"not_picked":["Slimebound:TongueLash","Slimebound:RollThrough"],"picked":"Slimebound:Dissolve","floor":10.0},{"not_picked":["Slimebound:LeadByExample","Slimebound:Chomp"],"picked":"Slimebound:ItLooksTasty","floor":12.0},{"not_picked":["Slimebound:ComboTackle","Slimebound:LeechingTouch","Slimebound:ViciousTackle"],"picked":"SKIP","floor":14.0},{"not_picked":["Slimebound:FinishingTackle","Slimebound:SlimeBarrage","Slimebound:SlimeBrawl"],"picked":"SKIP","floor":15.0},{"not_picked":["Slimebound:MassRepurpose","Slimebound:RallyTheTroops"],"picked":"Slimebound:WasteNot","floor":16.0},{"not_picked":["Slimebound:ProtectTheBoss","Slimebound:HungryTackle"],"picked":"Slimebound:Recollect","floor":19.0},{"not_picked":["Slimebound:PressTheAttack+1","Slimebound:SamplingLick"],"picked":"Slimebound:SlimeTap+1","floor":20.0}],"player_experience":1828274,"relics_obtained":[{"floor":6.0,"key":"CeramicFish"},{"floor":7.0,"key":"Calipers"},{"floor":12.0,"key":"Dream Catcher"}],"event_choices":[],"is_beta":false,"boss_relics":[{"not_picked":["expansioncontent:StudyCardRelic","bronze:MakeshiftBattery"],"picked":"Pandora\u0027s Box"}],"items_purged_floors":[3,10],"is_endless":false,"potions_floor_spawned":[4,6,8,9,14,20],"killed_by":"3 Cultists","ascension_level":19}}