{"host":"x05n69rv5q9mps34","time":1613525112,"event":{"mods":["AchievementEnabler","BaseMod","Colored Map","Minty Spire (QoL Compilation)","SuperFastMode"],"gold_per_floor":[114,114,133,144,144,144,174,174,174,190,190,190],"floor_reached":11,"language":"ENG","playtime":368,"items_purged":[],"score":117,"play_id":"ca5c1cc7-1828-4280-aa89-c47e6ddbd3bd","local_time":"20210216232512","is_ascension_mode":true,"campfire_choices":[{"data":"Gash","floor":6,"key":"SMITH"},{"data":"Genetic Algorithm","floor":8,"key":"SMITH"}],"circlet_count":0,"master_deck":["AscendersBane","Strike_B","Strike_B","Strike_B","Defend_B","Defend_B","Zap","Dualcast","Gash+1","Barrage","Coolheaded","Reinforced Body","Genetic Algorithm+1","Skim"],"relics":["Empty Cage","FaceOfCleric","Blue Candle","Bottled Flame"],"acts_visited":["Exordium"],"potions_floor_usage":[7,11],"damage_taken":[{"damage":8,"enemies":"2 Louse","floor":1,"turns":2},{"damage":0,"enemies":"Cultist","floor":3,"turns":4},{"damage":0,"enemies":"Small Slimes","floor":4,"turns":3},{"damage":2,"enemies":"Lagavulin","floor":7,"turns":8},{"damage":13,"enemies":"Looter","floor":10,"turns":4},{"damage":77,"enemies":"Gremlin Nob","floor":11,"turns":5}],"seed_played":"8496731174277170115","potions_obtained":[{"floor":3,"key":"PotionOfCapacity"},{"floor":4,"key":"FocusPotion"}],"is_trial":false,"path_per_floor":["M","?","M","M","?","R","E","R","T","M","E"],"character_chosen":"DEFECT","items_purchased":[],"campfire_rested":0,"item_purchase_floors":[],"current_hp_per_floor":[60,60,60,60,60,60,59,59,59,47,0,0],"gold":190,"neow_bonus":"BOSS_RELIC","is_daily":false,"chose_seed":false,"campfire_upgraded":2,"win_rate":0.0,"timestamp":1613525112,"path_taken":["M","?","?","M","?","R","E","R","T","?","E"],"items_purchased_type":[],"build_version":"2020-12-22","purchased_purges":0,"victory":false,"max_hp_per_floor":[75,75,75,75,75,75,76,76,76,77,77,77],"card_choices":[{"not_picked":["Sweeping Beam","Turbo"],"picked":"Gash","floor":1},{"not_picked":["Chaos","Reinforced Body"],"picked":"Coolheaded","floor":3},{"not_picked":["Aggregate","Redo"],"picked":"Reinforced Body","floor":4},{"not_picked":["Force Field","Loop"],"picked":"Genetic Algorithm","floor":7},{"not_picked":["Compile Driver","Force Field"],"picked":"Skim","floor":10}],"player_experience":1011443,"relics_obtained":[{"floor":7,"key":"Blue Candle"},{"floor":9,"key":"Bottled Flame"}],"event_choices":[{"damage_healed":0,"gold_gain":0,"cards_transformed":["Defend_B"],"player_choice":"Transformed","damage_taken":0,"max_hp_gain":0,"max_hp_loss":0,"event_name":"Transmorgrifier","floor":2,"gold_loss":0,"cards_obtained":["Barrage"]},{"damage_healed":0,"gold_gain":0,"player_choice":"Trade","damage_taken":0,"relics_obtained":["FaceOfCleric"],"max_hp_gain":0,"max_hp_loss":0,"event_name":"FaceTrader","floor":5,"gold_loss":0}],"is_beta":false,"boss_relics":[],"items_purged_floors":[],"is_endless":false,"potions_floor_spawned":[3,4],"killed_by":"Gremlin Nob","ascension_level":12}}