{"host":"pnjthw6sukprvbcr","time":1613599017,"event":{"mods":["AchievementEnabler","BaseMod","Block Reminder","Highlight Path","Minty Spire (QoL Compilation)","Relic Stats"],"gold_per_floor":[118,118,135,151,151,151,183,6,33,67,67,79,79,96,96,197,197,209,229,144,75,92,127,127,146,227,227,238,337,371,385,385,481,481,494,494,494,509,509,509,535,535,560,560,114,124,124,154,154,154,154,154,64,99,99,99],"floor_reached":55,"language":"ENG","playtime":5589,"items_purged":[],"score":835,"play_id":"c3bb182c-cdfc-4b94-a52a-d70a24bbe3aa","local_time":"20210217165657","is_ascension_mode":true,"campfire_choices":[{"floor":6.0,"key":"RECALL"},{"floor":11.0,"key":"REST"},{"data":"Buffer","floor":15.0,"key":"SMITH"},{"floor":24.0,"key":"REST"},{"floor":27.0,"key":"REST"},{"data":"Turbo","floor":32.0,"key":"SMITH"},{"data":"Zap","floor":40.0,"key":"SMITH"},{"data":"Beam Cell","floor":42.0,"key":"SMITH"},{"data":"Static Discharge","floor":44.0,"key":"SMITH"},{"data":"Loop","floor":47.0,"key":"SMITH"},{"floor":49.0,"key":"REST"},{"data":"Hologram","floor":52.0,"key":"SMITH"}],"circlet_count":0,"master_deck":["Zap+1","Dualcast","Gash","Conserve Battery","Beam Cell+1","Gash","Sunder","Buffer+1","Steam","Rip and Tear","Coolheaded","Streamline","Electrodynamics","Conserve Battery","Hologram+1","Force Field","Biased Cognition","Storm","Genetic Algorithm","Go for the Eyes","Skim","Reinforced Body","Reprogram","Turbo+1","Leap+1","Gash","Static Discharge+1","Cold Snap+1","All For One","Gash+1","Impatience","Ball Lightning+1","All For One","Loop+1","Stack","Panacea","Hologram+1"],"relics":["Runic Pyramid","Blood Vial","Blue Candle","Smiling Mask","Whetstone","Pandora\u0027s Box","Strawberry","Pen Nib","Toy Ornithopter","Sozu","Oddly Smooth Stone","DataDisk","CaptainsWheel","Anchor","StoneCalendar"],"acts_visited":["Exordium","TheCity","TheBeyond","TheEnding"],"potions_floor_usage":[55,55],"damage_taken":[{"damage":7.0,"enemies":"2 Louse","floor":1.0,"turns":2.0},{"damage":0.0,"enemies":"Cultist","floor":3.0,"turns":3.0},{"damage":0.0,"enemies":"Jaw Worm","floor":4.0,"turns":4.0},{"damage":33.0,"enemies":"3 Sentries","floor":7.0,"turns":9.0},{"damage":0.0,"enemies":"Lagavulin","floor":10.0,"turns":6.0},{"damage":9.0,"enemies":"2 Fungi Beasts","floor":12.0,"turns":2.0},{"damage":4.0,"enemies":"3 Louse","floor":14.0,"turns":3.0},{"damage":16.0,"enemies":"The Guardian","floor":16.0,"turns":10.0},{"damage":1.0,"enemies":"3 Byrds","floor":18.0,"turns":3.0},{"damage":1.0,"enemies":"Chosen","floor":19.0,"turns":6.0},{"damage":4.0,"enemies":"Shelled Parasite and Fungi","floor":22.0,"turns":8.0},{"damage":34.0,"enemies":"Gremlin Leader","floor":23.0,"turns":6.0},{"damage":17.0,"enemies":"Snake Plant","floor":25.0,"turns":5.0},{"damage":11.0,"enemies":"Centurion and Healer","floor":28.0,"turns":8.0},{"damage":16.0,"enemies":"Slavers","floor":30.0,"turns":3.0},{"damage":1.0,"enemies":"Cultist and Chosen","floor":31.0,"turns":6.0},{"damage":14.0,"enemies":"Collector","floor":33.0,"turns":10.0},{"damage":8.0,"enemies":"3 Darklings","floor":35.0,"turns":4.0},{"damage":3.0,"enemies":"3 Shapes","floor":38.0,"turns":4.0},{"damage":5.0,"enemies":"Nemesis","floor":41.0,"turns":5.0},{"damage":13.0,"enemies":"Sphere and 2 Shapes","floor":46.0,"turns":4.0},{"damage":12.0,"enemies":"Reptomancer","floor":48.0,"turns":5.0},{"damage":24.0,"enemies":"Donu and Deca","floor":50.0,"turns":9.0},{"damage":32.0,"enemies":"Shield and Spear","floor":54.0,"turns":7.0},{"damage":75,"enemies":"The Heart","floor":55,"turns":8}],"seed_played":"425751500299589905","potions_obtained":[{"floor":10.0,"key":"BlessingOfTheForge"},{"floor":18.0,"key":"Dexterity Potion"},{"floor":23.0,"key":"SneckoOil"},{"floor":30.0,"key":"Swift Potion"},{"floor":33.0,"key":"Regen Potion"}],"is_trial":false,"path_per_floor":["M","?","M","M","?","R","E","$","T","E","R","M","?","M","R","B",null,"M","M","?","$","M","E","R","M","T","R","M","?","E","M","R","B",null,"M","?","?","M","?","R","E","R","T","R","$","M","R","E","R","B",null,"R","$","E","B"],"character_chosen":"DEFECT","items_purchased":["Buffer","Steam","Reprogram","All For One","Loop","CaptainsWheel","Panacea"],"campfire_rested":4,"item_purchase_floors":[8,8,21,45,45,45,53],"current_hp_per_floor":[68,68,68,68,68,68,37,37,37,39,61,54,54,52,52,38,75,74,74,81,81,78,46,70,55,55,79,70,70,56,57,57,50,82,74,74,74,73,73,73,70,70,70,70,70,59,59,49,72,50,78,78,78,63,0,0],"gold":99,"neow_bonus":"BOSS_RELIC","is_daily":false,"chose_seed":false,"campfire_upgraded":7,"win_rate":0.0,"timestamp":1613599017,"path_taken":["M","?","M","?","?","R","E","?","T","E","R","M","?","M","R","BOSS","M","M","?","$","M","E","R","M","T","R","M","?","E","M","R","BOSS","M","?","?","M","?","R","E","R","T","R","$","?","R","E","R","BOSS","R","$","E","BOSS"],"items_purchased_type":["Card","Card","Card","Card","Card","Relic","Card"],"build_version":"2020-12-22","purchased_purges":0,"victory":false,"max_hp_per_floor":[75,75,75,75,75,75,75,75,75,75,75,75,75,75,75,75,75,75,75,82,82,82,82,82,82,82,82,82,82,82,82,82,82,82,82,82,78,78,78,78,78,78,78,78,78,78,78,78,78,78,78,78,78,78,78,78],"relic_stats":{"Blood Vial":36,"Sozu":3,"counters":[25,140],"Blue Candle":[0],"Pandora\u0027s Box":["Conserve Battery","Hologram","Force Field","Biased Cognition","Storm","Genetic Algorithm","Go for the Eyes"],"StoneCalendar":[52],"Pen Nib":[15],"Whetstone":["Strike_B","Strike_B"],"Smiling Mask":0,"obtain_stats":[{"Blue Candle":7,"Oddly Smooth Stone":41,"StoneCalendar":54,"Pen Nib":23,"Whetstone":10,"Smiling Mask":9,"Blood Vial":5,"Sozu":34,"DataDisk":43,"CaptainsWheel":45,"Anchor":48,"Strawberry":20,"Pandora\u0027s Box":17,"Cracked Core":0,"Toy Ornithopter":30,"Runic Pyramid":0},{"Blue Candle":4,"Oddly Smooth Stone":20,"StoneCalendar":24,"Pen Nib":12,"Whetstone":5,"Smiling Mask":4,"Blood Vial":3,"Sozu":17,"DataDisk":20,"CaptainsWheel":20,"Anchor":22,"Strawberry":10,"Pandora\u0027s Box":8,"Cracked Core":0,"Toy Ornithopter":15,"Runic Pyramid":0},{"Blue Candle":18,"Oddly Smooth Stone":107,"StoneCalendar":132,"Pen Nib":62,"Whetstone":24,"Smiling Mask":18,"Blood Vial":9,"Sozu":94,"DataDisk":107,"CaptainsWheel":107,"Anchor":116,"Strawberry":48,"Pandora\u0027s Box":39,"Cracked Core":0,"Toy Ornithopter":78,"Runic Pyramid":0}],"Toy Ornithopter":20},"card_choices":[{"not_picked":["Go for the Eyes","Steam"],"picked":"Gash","floor":1.0},{"not_picked":["Reinforced Body","Redo"],"picked":"Beam Cell","floor":3.0},{"not_picked":["Compile Driver","Rebound"],"picked":"Gash","floor":4.0},{"not_picked":["Conserve Battery","Consume"],"picked":"Sunder","floor":7.0},{"not_picked":["Creative AI","Doom and Gloom"],"picked":"Rip and Tear","floor":10.0},{"not_picked":["Hologram","Barrage"],"picked":"Coolheaded","floor":12.0},{"not_picked":["Redo","Hello World"],"picked":"Streamline","floor":14.0},{"not_picked":["Rainbow","Creative AI"],"picked":"Electrodynamics","floor":16.0},{"not_picked":["Coolheaded","Conserve Battery"],"picked":"Skim","floor":18.0},{"not_picked":["Rebound","Meteor Strike"],"picked":"Reinforced Body","floor":19.0},{"not_picked":["Stack","Ball Lightning"],"picked":"Turbo","floor":22.0},{"not_picked":["Heatsinks","Capacitor+1","Hello World+1"],"picked":"SKIP","floor":23.0},{"not_picked":["Rebound","Ball Lightning"],"picked":"Leap+1","floor":25.0},{"not_picked":["Auto Shields","Hologram+1"],"picked":"Gash","floor":28.0},{"not_picked":["Sweeping Beam","Chill+1"],"picked":"Static Discharge","floor":30.0},{"not_picked":["Streamline+1","Redo"],"picked":"Cold Snap+1","floor":31.0},{"not_picked":["Core Surge","Echo Form"],"picked":"All For One","floor":33.0},{"not_picked":["Barrage+1","Force Field"],"picked":"Gash+1","floor":35.0},{"not_picked":["Jack Of All Trades","Discovery"],"picked":"Impatience","floor":36.0},{"not_picked":["Skim+1","Fusion","Coolheaded"],"picked":"SKIP","floor":38.0},{"not_picked":["Compile Driver","Leap"],"picked":"Ball Lightning+1","floor":41.0},{"not_picked":["Self Repair+1","Cold Snap"],"picked":"Stack","floor":46.0},{"not_picked":["Steam Power+1","Meteor Strike","Rip and Tear+1"],"picked":"SKIP","floor":48.0},{"not_picked":["Beam Cell+1","Auto Shields"],"picked":"Hologram+1","floor":54.0}],"player_experience":195094,"relics_obtained":[{"floor":5.0,"key":"Blood Vial"},{"floor":7.0,"key":"Blue Candle"},{"floor":9.0,"key":"Smiling Mask"},{"floor":10.0,"key":"Whetstone"},{"floor":23.0,"key":"Pen Nib"},{"floor":30.0,"key":"Toy Ornithopter"},{"floor":41.0,"key":"Oddly Smooth Stone"},{"floor":43.0,"key":"DataDisk"},{"floor":48.0,"key":"Anchor"},{"floor":54.0,"key":"StoneCalendar"}],"event_choices":[{"damage_healed":0.0,"max_hp_gain":0.0,"max_hp_loss":0.0,"gold_gain":0.0,"cards_transformed":["Strike_B"],"event_name":"Transmorgrifier","player_choice":"Transformed","floor":2.0,"gold_loss":0.0,"damage_taken":0.0,"cards_obtained":["Conserve Battery"]},{"damage_healed":0.0,"max_hp_gain":0.0,"max_hp_loss":0.0,"gold_gain":0.0,"event_name":"Wheel of Change","player_choice":"Relic","floor":5.0,"gold_loss":0.0,"damage_taken":0.0},{"damage_healed":0.0,"max_hp_gain":0.0,"max_hp_loss":0.0,"gold_gain":0.0,"event_name":"Shining Light","player_choice":"Ignored","floor":13.0,"gold_loss":0.0,"damage_taken":0.0},{"damage_healed":0.0,"max_hp_gain":0.0,"max_hp_loss":0.0,"gold_gain":0.0,"event_name":"Addict","player_choice":"Obtained Relic","floor":20.0,"gold_loss":85.0,"damage_taken":0.0,"relics_obtained":["Strawberry"]},{"damage_healed":0.0,"max_hp_gain":0.0,"max_hp_loss":0.0,"gold_gain":99.0,"event_name":"Nest","player_choice":"Stole From Cult","floor":29.0,"gold_loss":0.0,"damage_taken":0.0},{"damage_healed":0.0,"max_hp_gain":0.0,"max_hp_loss":0.0,"gold_gain":0.0,"event_name":"SensoryStone","player_choice":"Memory 1","floor":36.0,"gold_loss":0.0,"damage_taken":0.0},{"damage_healed":0.0,"max_hp_gain":0.0,"max_hp_loss":4.0,"gold_gain":0.0,"event_name":"Winding Halls","player_choice":"Max HP","floor":37.0,"gold_loss":0.0,"damage_taken":0.0},{"damage_healed":0.0,"max_hp_gain":0.0,"max_hp_loss":0.0,"gold_gain":0.0,"event_name":"Tomb of Lord Red Mask","player_choice":"Ignored","floor":39.0,"gold_loss":0.0,"damage_taken":0.0}],"is_beta":false,"boss_relics":[{"not_picked":["Fusion Hammer","Snecko Eye"],"picked":"Pandora\u0027s Box"},{"not_picked":["Tiny House","Black Star"],"picked":"Sozu"}],"items_purged_floors":[],"is_endless":false,"potions_floor_spawned":[10,18,23,28,30,33,38,41,54],"killed_by":"The Heart","ascension_level":1}}