{"host":"sl5hpy1jvdbpn5jq","time":1613531621,"event":{"mods":["Act Like it!","Ascension Reborn","BaseMod","Better Skull","BetterRewards","Dota2Spire","Downfall","Elementarium","Filter the Spire","GifTheSpireLib","Halation","Hubris","Minty Spire (QoL Compilation)","Permanent Neow","Replay The Spire","Shop Mod","Spicy Shops","StSLib","The Jungle"],"gold_per_floor":[99,99,129,129,54,135,192,300,327,345,354,372,147,192,192,513,513,570,570,624,624,624,624,708,708,734,734,364,364,364,314,314,614,614,653,713,538,538,586,682,700,700,748,796,1696,1864,1864,1864,1891,1891],"floor_reached":51,"language":"ENG","playtime":1803,"items_purged":["Strike_G","Atom Bomb","Strike_G","Neutralize","Defend_G"],"score":793,"play_id":"bec659b0-0018-4e12-a919-2d4fdf57c9d9","local_time":"20210216211341","daily_mods":["Vintage","Heirloom","Time Dilation","Flight","downfall:Jewelcrafting","Midas"],"is_ascension_mode":true,"campfire_choices":[{"floor":15.0,"key":"REST"},{"data":"Strike_G","floor":23,"key":"PURGE"},{"data":"Defend_G","floor":25,"key":"PURGE"},{"data":"m_Survivalism","floor":27,"key":"PURGE"},{"data":"Defend_G","floor":30,"key":"PURGE"},{"data":"Defend_G","floor":32,"key":"PURGE"},{"floor":42,"key":"REST"}],"circlet_count":0,"master_deck":["Strike_G+1","Guardian:ExploitGems+1","Guardian:ExploitGems+1","A Thousand Cuts+1","Adrenaline+1","Tantrum","Tantrum","Madness","Madness","Madness"],"relics":["Ring of the Snake","Ring of Chaos","Guardian:PickAxe","FossilizedHelix","hubris:MedicalManual","CeramicFish","ReplayTheSpireMod:Lightbulb","halation:PrussianBluePaint","Pen Nib","MealTicket","Meat on the Bone","Sozu","Peace Pipe","hubris:Metronome","halation:QuantumPhysicsTextbook","Dota2Spire:ArcaneBoots","Akabeko","Guide Book","Blue Candle","WristBlade","Replay:Arrowhead","sneckomod:BlankCard","Strawberry","Slimebound:StickyStick","Prayer Wheel","hubris:Reverence","hubris:TenFootPole","hubris:NiceRug","Dota2Spire:PowerTreads","Dota2Spire:ShivaGuard","PrismaticShard","Gremlin Horn","Vampiric Spirits","halation:NonexistentMirror","Turnip","hubris:Icosahedron"],"acts_visited":["Exordium","TheCity","TheBeyond"],"potions_floor_usage":[],"damage_taken":[{"damage":0.0,"enemies":"Jaw Worm","floor":3.0,"turns":4.0},{"damage":20.0,"enemies":"Gremlin Nob","floor":6.0,"turns":6.0},{"damage":0.0,"enemies":"Small Slimes","floor":7.0,"turns":3.0},{"damage":12.0,"enemies":"3 Sentries","floor":8.0,"turns":14.0},{"damage":0.0,"enemies":"Cultist","floor":14.0,"turns":4.0},{"damage":10.0,"enemies":"Hexaghost","floor":16.0,"turns":10.0},{"damage":0.0,"enemies":"Shell Parasite","floor":18.0,"turns":4.0},{"damage":0.0,"enemies":"2 Thieves","floor":20.0,"turns":4.0},{"damage":0,"enemies":"Book of Stabbing","floor":24,"turns":5},{"damage":0,"enemies":"Automaton","floor":33,"turns":1},{"damage":0,"enemies":"3 Darklings","floor":35,"turns":1},{"damage":0,"enemies":"3 Shapes","floor":36,"turns":1},{"damage":0,"enemies":"Jaw Worm Horde","floor":39,"turns":1},{"damage":0,"enemies":"Nemesis","floor":40,"turns":1},{"damage":0,"enemies":"4 Shapes","floor":44,"turns":1},{"damage":0,"enemies":"hubris:Merchant","floor":45,"turns":2},{"damage":0,"enemies":"Mind Bloom Boss Battle","floor":46,"turns":1},{"damage":0,"enemies":"Replay:Hell Engine","floor":50,"turns":1}],"seed_played":"664127444686081595","potions_obtained":[{"floor":8.0,"key":"Venom Potion"},{"floor":14.0,"key":"Block Potion"},{"floor":16.0,"key":"LifebloodPotion"}],"is_trial":true,"path_per_floor":["?","?","M","WH","$","E","M","E","T","R","WH","R","$","M","R","B",null,"M","?","M","?","?","R","E","R","T","R","$","?","R","?","R","B",null,"M","M","$","?","M","E","R","R","T","M","$","?","?","$","R","B",null],"character_chosen":"THE_SILENT","items_purchased":["Akabeko","Guide Book"],"campfire_rested":2,"item_purchase_floors":[28,28],"current_hp_per_floor":[70,70,70,70,70,50,50,38,38,38,38,38,53,53,70,60,70,70,70,70,70,70,70,70,70,70,70,70,65,65,65,65,65,70,70,70,70,20,32,44,44,67,67,67,77,77,77,77,72,77],"gold":1891,"neow_bonus":"ONE_RANDOM_RARE_CARD","is_daily":false,"chose_seed":false,"campfire_upgraded":0,"win_rate":0.0,"timestamp":1613531621,"path_taken":["?","?","?","WH","?","E","M","E","T","R","WH","R","$","?","R","BOSS","M","?","M","WH","?","R","E","R","T","R","$","?","R","?","R","BOSS","M","?","$","?","?","E","R","R","T","M","$","?","?","$","R","BOSS"],"items_purchased_type":["Relic","Relic"],"build_version":"2020-12-22","purchased_purges":5,"victory":true,"max_hp_per_floor":[70,70,70,70,70,70,70,70,70,70,70,70,70,70,70,70,70,70,70,70,70,70,70,70,70,70,70,70,70,70,70,70,70,70,70,70,70,77,77,77,77,77,77,77,77,77,77,77,77,77],"card_choices":[{"not_picked":["Toxin Wave","Sneak Up","Reflex"],"picked":"SKIP","floor":6.0},{"not_picked":["Quick Slash","Flechettes"],"picked":"A Thousand Cuts","floor":8.0},{"not_picked":["Glass Knife","Envenom"],"picked":"Adrenaline","floor":16.0},{"not_picked":["Accuracy","Dash","Underhanded Strike"],"picked":"SKIP","floor":24},{"not_picked":["Storm of Steel","PiercingWail","Accuracy+1"],"picked":"SKIP","floor":40},{"not_picked":["Underhanded Strike"],"picked":"SKIP","floor":45},{"not_picked":["Poisoned Stab"],"picked":"SKIP","floor":45},{"not_picked":["PiercingWail"],"picked":"SKIP","floor":45},{"not_picked":["Dodge and Roll"],"picked":"SKIP","floor":45},{"not_picked":["Well Laid Plans"],"picked":"SKIP","floor":45},{"not_picked":["Discovery"],"picked":"SKIP","floor":45},{"not_picked":["Apotheosis"],"picked":"SKIP","floor":45},{"not_picked":["Replay:BluntJabs+1","bronze:Turbo"],"picked":"Tantrum","floor":46}],"player_experience":238360,"relics_obtained":[{"floor":3.0,"key":"hubris:MedicalManual"},{"floor":6.0,"key":"ReplayTheSpireMod:Lightbulb"},{"floor":7.0,"key":"halation:PrussianBluePaint"},{"floor":8.0,"key":"Pen Nib"},{"floor":9.0,"key":"MealTicket"},{"floor":14.0,"key":"Meat on the Bone"},{"floor":18.0,"key":"Peace Pipe"},{"floor":20.0,"key":"hubris:Metronome"},{"floor":24,"key":"halation:QuantumPhysicsTextbook"},{"floor":26,"key":"Dota2Spire:ArcaneBoots"},{"floor":35,"key":"Replay:Arrowhead"},{"floor":36,"key":"sneckomod:BlankCard"},{"floor":39,"key":"Prayer Wheel"},{"floor":40,"key":"hubris:Reverence"},{"floor":43,"key":"hubris:TenFootPole"},{"floor":45,"key":"Dota2Spire:PowerTreads"},{"floor":45,"key":"Dota2Spire:ShivaGuard"},{"floor":45,"key":"PrismaticShard"},{"floor":45,"key":"Gremlin Horn"},{"floor":45,"key":"Vampiric Spirits"},{"floor":45,"key":"halation:NonexistentMirror"},{"floor":46,"key":"Turnip"}],"event_choices":[{"cards_removed":["Defend_G"],"damage_healed":0.0,"max_hp_gain":0.0,"max_hp_loss":0.0,"gold_gain":0.0,"event_name":"Purifier","player_choice":"Purged","floor":2.0,"gold_loss":0.0,"damage_taken":0.0},{"damage_healed":23.0,"max_hp_gain":0.0,"max_hp_loss":0.0,"gold_gain":0.0,"event_name":"The Library","player_choice":"Heal","floor":19.0,"gold_loss":0.0,"damage_taken":0.0},{"cards_removed":["Strike_G"],"damage_healed":0,"gold_gain":0,"player_choice":"Elegance","damage_taken":0,"max_hp_gain":0,"max_hp_loss":0,"event_name":"Back to Basics","floor":21,"gold_loss":0},{"damage_healed":0,"gold_gain":0,"player_choice":"Bet on Murderer","damage_taken":0,"max_hp_gain":0,"max_hp_loss":0,"event_name":"The Joust","floor":31,"gold_loss":50},{"damage_healed":0,"gold_gain":0,"player_choice":"UP UP RE RE ","damage_taken":65,"relics_obtained":["Strawberry","Slimebound:StickyStick"],"max_hp_gain":0,"max_hp_loss":0,"event_name":"betterSkull:BetterSkull","floor":38,"gold_loss":0,"cards_upgraded":["Strike_G","Guardian:ExploitGems"]},{"damage_healed":0,"gold_gain":0,"player_choice":"Fight","damage_taken":0,"max_hp_gain":0,"max_hp_loss":0,"event_name":"MindBloom","floor":46,"gold_loss":0},{"damage_healed":0,"gold_gain":0,"player_choice":"Embrace Madness","damage_taken":10,"max_hp_gain":0,"max_hp_loss":0,"event_name":"Winding Halls","floor":49,"gold_loss":0,"cards_obtained":["Madness","Madness"]}],"is_beta":false,"boss_relics":[{"not_picked":["Ectoplasm","ChewingGum"],"picked":"Sozu"},{"not_picked":["halation:PinkAlligatorPlush","halation:Prosthetics"],"picked":"WristBlade"}],"items_purged_floors":[5,13,13,28,37],"is_endless":false,"potions_floor_spawned":[8,14,16,18,24,33,35,46],"ascension_level":0}}