{"host":"y4mx56vxqys6xwyn","time":1613539618,"event":{"mods":["BaseMod","Hermit","Minty Spire (QoL Compilation)","StSLib","The Bug Knight"],"gold_per_floor":[115,17,29,29,29,42,66,66,112,37,37,37,50,68,68,165,165,180,192,192,91,103,103,103,103,103,31,58,74,88,99,99,198,198,214,229,229,229,252,2,2,18,86,106,106,106],"floor_reached":45,"language":"ENG","playtime":2968,"items_purged":["Strike_G","Strike_G"],"score":425,"play_id":"24f8d7b1-4798-4d1e-8b8c-8d2e1bdaf7e8","local_time":"20210216232658","is_ascension_mode":false,"campfire_choices":[{"data":"Acrobatics","floor":8,"key":"SMITH"},{"data":"Tactician","floor":11,"key":"SMITH"},{"data":"Noxious Fumes","floor":15,"key":"SMITH"},{"data":"Burst","floor":23,"key":"SMITH"},{"floor":25,"key":"REST"},{"floor":32,"key":"REST"},{"floor":41,"key":"REST"}],"circlet_count":0,"master_deck":["Strike_G","Defend_G","Defend_G","Survivor","Neutralize","Eviscerate","Deflect","Dagger Throw","Poisoned Stab","Acrobatics+1","Tactician+1","Noxious Fumes+1","Backflip","Burst+1","Deadly Poison+1","Deadly Poison+1","Poisoned Stab","Footwork+1","Venomology","Acrobatics","Underhanded Strike","Eviscerate","Noxious Fumes+1","Tools of the Trade","Eviscerate+1","Backflip+1"],"relics":["Ring of the Serpent","NeowsBlessing","MealTicket","Tiny Chest","Blood Vial","Sundial","Boot","Empty Cage","Toy Ornithopter","Potion Belt","Bottled Lightning"],"acts_visited":["Exordium","TheCity","TheBeyond"],"potions_floor_usage":[16,16,28,29,29,30,30,31,31,33,33,33,33,35,36,42,42,42,45,45,45],"damage_taken":[{"damage":0,"enemies":"Jaw Worm","floor":1,"turns":1},{"damage":0,"enemies":"Cultist","floor":3,"turns":1},{"damage":0,"enemies":"Small Slimes","floor":6,"turns":1},{"damage":0,"enemies":"Red Slaver","floor":13,"turns":4},{"damage":5,"enemies":"2 Fungi Beasts","floor":14,"turns":4},{"damage":26,"enemies":"The Guardian","floor":16,"turns":10},{"damage":13,"enemies":"Shell Parasite","floor":18,"turns":6},{"damage":9,"enemies":"Snake Plant","floor":19,"turns":3},{"damage":20,"enemies":"Centurion and Healer","floor":22,"turns":5},{"damage":11,"enemies":"Book of Stabbing","floor":28,"turns":6},{"damage":17,"enemies":"Snecko","floor":29,"turns":4},{"damage":40,"enemies":"3 Cultists","floor":30,"turns":7},{"damage":2,"enemies":"Cultist and Chosen","floor":31,"turns":6},{"damage":9,"enemies":"Champ","floor":33,"turns":9},{"damage":58,"enemies":"3 Darklings","floor":35,"turns":5},{"damage":18,"enemies":"3 Shapes","floor":36,"turns":4},{"damage":44,"enemies":"Jaw Worm Horde","floor":42,"turns":5},{"damage":0,"enemies":"4 Shapes","floor":44,"turns":5},{"damage":30,"enemies":"Transient","floor":45,"turns":2}],"seed_played":"3524462386041848454","potions_obtained":[{"floor":1,"key":"PowerPotion"},{"floor":3,"key":"SteroidPotion"},{"floor":22,"key":"CunningPotion"},{"floor":29,"key":"Fruit Juice"},{"floor":30,"key":"PowerPotion"},{"floor":31,"key":"BlessingOfTheForge"},{"floor":33,"key":"Energy Potion"},{"floor":35,"key":"SteroidPotion"},{"floor":42,"key":"Fire Potion"}],"is_trial":false,"path_per_floor":["M","$","M","?","$","M","T","R","T","$","R","$","M","M","R","B",null,"M","M","?","$","M","R","T","R","T","$","E","M","M","M","R","B",null,"M","M","?","?","T","$","R","M","T","M","M"],"character_chosen":"THE_SILENT","items_purchased":["Deflect","DistilledChaos","Tactician","Poisoned Stab","Venomology","Potion Belt"],"campfire_rested":3,"item_purchase_floors":[2,2,10,21,27,40],"current_hp_per_floor":[70,70,70,70,70,70,70,70,70,70,70,70,70,65,65,39,70,57,48,48,63,43,43,43,64,64,70,59,49,11,11,33,26,75,17,1,1,1,1,16,38,11,11,13,0,0],"gold":106,"neow_bonus":"THREE_ENEMY_KILL","is_daily":false,"chose_seed":false,"campfire_upgraded":4,"win_rate":0.0,"timestamp":1613539618,"path_taken":["M","$","M","?","?","?","?","R","T","?","R","$","M","M","R","BOSS","M","M","?","?","M","R","?","R","T","$","E","M","M","?","R","BOSS","M","M","?","?","?","$","R","M","T","M","?"],"items_purchased_type":["Card","Potion","Card","Card","Card","Relic"],"build_version":"2020-12-22","purchased_purges":2,"victory":false,"max_hp_per_floor":[70,70,70,70,70,70,70,70,70,70,70,70,70,70,70,70,70,70,70,70,70,70,70,70,70,70,70,70,75,75,75,75,75,75,75,75,75,75,75,75,75,75,75,75,75,75],"card_choices":[{"not_picked":["Caltrops","Dodge and Roll"],"picked":"Eviscerate","floor":1},{"not_picked":["Choke","Caltrops"],"picked":"Dagger Throw","floor":3},{"not_picked":["Dash","Sucker Punch"],"picked":"Acrobatics","floor":6},{"not_picked":["Footwork","Bane"],"picked":"Noxious Fumes","floor":13},{"not_picked":["Footwork","Expertise"],"picked":"Backflip","floor":14},{"not_picked":["Unload","Phantasmal Killer"],"picked":"Burst","floor":16},{"not_picked":["Dodge and Roll","Poisoned Stab"],"picked":"Deadly Poison+1","floor":18},{"not_picked":["Bane+1","Outmaneuver"],"picked":"Deadly Poison+1","floor":19},{"not_picked":["Bouncing Flask","Outmaneuver"],"picked":"Footwork+1","floor":22},{"not_picked":["Doppelganger","Expertise"],"picked":"Acrobatics","floor":28},{"not_picked":["Backflip","Dagger Spray"],"picked":"Underhanded Strike","floor":29},{"not_picked":["Blade Dance","Acrobatics"],"picked":"Eviscerate","floor":30},{"not_picked":["Sucker Punch","Cloak And Dagger"],"picked":"Noxious Fumes+1","floor":31},{"not_picked":["Night Terror","Malaise"],"picked":"Tools of the Trade","floor":33},{"not_picked":["Predator+1","PiercingWail"],"picked":"Eviscerate+1","floor":35},{"not_picked":["Accuracy+1","Blur+1","Endless Agony"],"picked":"SKIP","floor":36},{"not_picked":["Sucker Punch","Poisoned Stab+1"],"picked":"Backflip+1","floor":42},{"not_picked":["Endless Agony+1","Expertise+1","Dodge and Roll"],"picked":"SKIP","floor":44}],"player_experience":71623,"relics_obtained":[{"floor":7,"key":"MealTicket"},{"floor":9,"key":"Tiny Chest"},{"floor":24,"key":"Blood Vial"},{"floor":26,"key":"Sundial"},{"floor":28,"key":"Boot"},{"floor":39,"key":"Toy Ornithopter"},{"floor":43,"key":"Bottled Lightning"}],"event_choices":[{"damage_healed":0,"gold_gain":0,"cards_transformed":["Defend_G"],"player_choice":"Transformed","damage_taken":0,"max_hp_gain":0,"max_hp_loss":0,"event_name":"Transmorgrifier","floor":4,"gold_loss":0,"cards_obtained":["Poisoned Stab"]},{"cards_removed":["Strike_G"],"damage_healed":0,"gold_gain":0,"player_choice":"Offered Basic","damage_taken":0,"max_hp_gain":0,"max_hp_loss":0,"event_name":"Bonfire Elementals","floor":20,"gold_loss":0},{"cards_removed":["Defend_G"],"damage_healed":0,"gold_gain":0,"player_choice":"Removed Skill","damage_taken":0,"max_hp_gain":0,"max_hp_loss":0,"event_name":"Falling","floor":37,"gold_loss":0},{"damage_healed":0,"gold_gain":0,"player_choice":"Ignored","damage_taken":0,"max_hp_gain":0,"max_hp_loss":0,"event_name":"Mysterious Sphere","floor":38,"gold_loss":0}],"is_beta":false,"boss_relics":[{"not_picked":["Philosopher\u0027s Stone","Pandora\u0027s Box"],"picked":"Ring of the Serpent"},{"not_picked":["Runic Pyramid","Velvet Choker"],"picked":"Empty Cage"}],"items_purged_floors":[21,40],"is_endless":false,"potions_floor_spawned":[1,3,14,22,29,30,31,33,35,42],"killed_by":"Transient","ascension_level":0}}