{"host":"utqe55yv0jihe4d6","time":1613534109,"event":{"mods":["2.2 Compatiblity","AchievementEnabler","BaseMod","Block Reminder","Colored Map","Colored Powertips","Minty Spire (QoL Compilation)","Quick Restart","Rare Cards Sparkle","Relic Stats","SuperFastMode"],"gold_per_floor":[362,22,22,41,55,81,81,42,42,42,67,67,84,84,84,159,159,170,170,185,100,100,100,100,100],"floor_reached":24,"language":"ENG","playtime":555,"items_purged":[],"score":404,"play_id":"5b8e2bdb-7d58-4eab-8fea-080e8956103f","local_time":"20210216225509","is_ascension_mode":true,"campfire_choices":[{"data":"Bash","floor":7.0,"key":"SMITH"},{"data":"Disarm","floor":10.0,"key":"SMITH"},{"floor":12,"key":"REST"},{"data":"Rage","floor":15,"key":"SMITH"},{"floor":23,"key":"REST"}],"circlet_count":0,"master_deck":["AscendersBane","Strike_R","Strike_R","Strike_R","Strike_R","Strike_R","Defend_R","Defend_R","Defend_R","Defend_R","Bash+1","Sword Boomerang","Juggernaut+1","Battle Trance","Rage+1","Disarm+1","Evolve","Shrug It Off","True Grit+1","Feed","Inflame","Uppercut"],"relics":["Burning Blood","OrangePellets","FossilizedHelix","Ornamental Fan","Bronze Scales","Runic Pyramid","Orichalcum"],"acts_visited":["Exordium","TheCity"],"potions_floor_usage":[11],"damage_taken":[{"damage":14.0,"enemies":"Jaw Worm","floor":1.0,"turns":4.0},{"damage":1.0,"enemies":"Cultist","floor":4.0,"turns":3.0},{"damage":8.0,"enemies":"2 Louse","floor":5.0,"turns":3.0},{"damage":20.0,"enemies":"Lagavulin","floor":6.0,"turns":6.0},{"damage":42,"enemies":"3 Sentries","floor":11,"turns":8},{"damage":0,"enemies":"Looter","floor":13,"turns":4},{"damage":2,"enemies":"The Guardian","floor":16,"turns":12},{"damage":0,"enemies":"3 Byrds","floor":18,"turns":3},{"damage":23,"enemies":"2 Thieves","floor":20,"turns":5},{"damage":62,"enemies":"Gremlin Leader","floor":24,"turns":4}],"seed_played":"6441145792215237312","potions_obtained":[{"floor":4.0,"key":"Swift Potion"},{"floor":5.0,"key":"SkillPotion"},{"floor":11,"key":"Swift Potion"},{"floor":16,"key":"FearPotion"}],"is_trial":false,"path_per_floor":["M","$","?","M","M","E","R","$","T","R","E","R","M","?","R","B",null,"M","?","M","?","?","R","E"],"character_chosen":"IRONCLAD","items_purchased":["OrangePellets","Juggernaut","Evolve"],"campfire_rested":2,"item_purchase_floors":[2,2,8],"current_hp_per_floor":[60,60,60,65,63,49,49,49,49,49,13,33,39,39,39,43,62,71,51,37,37,31,54,0,0],"gold":100,"neow_bonus":"TWO_FIFTY_GOLD","is_daily":false,"chose_seed":false,"campfire_upgraded":3,"win_rate":0.0,"timestamp":1613534109,"path_taken":["M","$","?","M","M","E","R","$","T","R","E","R","?","?","R","BOSS","M","?","M","?","?","R","E"],"items_purchased_type":["Relic","Card","Card"],"build_version":"2020-12-22","purchased_purges":0,"victory":false,"max_hp_per_floor":[68,68,68,68,68,68,68,68,68,68,68,68,68,68,68,68,68,71,76,79,79,79,79,79,79],"relic_stats":{"OrangePellets":[0],"counters":[10,52],"Ornamental Fan":[16],"Bronze Scales":[168],"Orichalcum":[0],"obtain_stats":[{"OrangePellets":2,"Ornamental Fan":9,"Bronze Scales":11,"Orichalcum":21,"Burning Blood":0,"FossilizedHelix":6,"Runic Pyramid":17},{"OrangePellets":1,"Ornamental Fan":4,"Bronze Scales":5,"Orichalcum":9,"Burning Blood":0,"FossilizedHelix":4,"Runic Pyramid":7},{"OrangePellets":4,"Ornamental Fan":16,"Bronze Scales":24,"Orichalcum":48,"Burning Blood":0,"FossilizedHelix":16,"Runic Pyramid":40}],"Burning Blood":54},"card_choices":[{"not_picked":["True Grit","Armaments"],"picked":"Sword Boomerang","floor":1.0},{"not_picked":["Perfected Strike","Heavy Blade"],"picked":"Battle Trance","floor":4.0},{"not_picked":["Rampage","Warcry"],"picked":"Rage","floor":5.0},{"not_picked":["Havoc","Clash"],"picked":"Disarm","floor":6.0},{"not_picked":["Dark Embrace","Fire Breathing"],"picked":"Shrug It Off","floor":11},{"not_picked":["Infernal Blade","Perfected Strike"],"picked":"True Grit","floor":13},{"not_picked":["Offering","Juggernaut"],"picked":"Feed","floor":16},{"not_picked":["Heavy Blade","Shrug It Off"],"picked":"Inflame","floor":18},{"not_picked":["Fire Breathing","Blood for Blood"],"picked":"Uppercut","floor":20}],"player_experience":3080044,"relics_obtained":[{"floor":6.0,"key":"FossilizedHelix"},{"floor":9.0,"key":"Ornamental Fan"},{"floor":11,"key":"Bronze Scales"}],"event_choices":[{"damage_healed":0.0,"max_hp_gain":0.0,"max_hp_loss":0.0,"gold_gain":0.0,"event_name":"Upgrade Shrine","player_choice":"Upgraded","floor":3.0,"gold_loss":0.0,"damage_taken":0.0,"cards_upgraded":["Juggernaut"]},{"damage_healed":0,"gold_gain":0,"player_choice":"Grow","damage_taken":0,"max_hp_gain":0,"max_hp_loss":0,"event_name":"Living Wall","floor":14,"gold_loss":0,"cards_upgraded":["True Grit"]},{"damage_healed":0,"gold_gain":0,"player_choice":"Shed Blood","damage_taken":25,"max_hp_gain":5,"max_hp_loss":0,"event_name":"Forgotten Altar","floor":19,"gold_loss":0},{"damage_healed":0,"gold_gain":0,"player_choice":"Obtained Relic","damage_taken":0,"relics_obtained":["Orichalcum"],"max_hp_gain":0,"max_hp_loss":0,"event_name":"Addict","floor":21,"gold_loss":85},{"damage_healed":0,"gold_gain":0,"player_choice":"","damage_taken":6,"max_hp_gain":0,"max_hp_loss":0,"event_name":"Knowing Skull","floor":22,"potions_obtained":[],"gold_loss":0,"cards_obtained":[]}],"is_beta":false,"boss_relics":[{"not_picked":["Empty Cage","Runic Cube"],"picked":"Runic Pyramid"}],"items_purged_floors":[],"is_endless":false,"potions_floor_spawned":[4,5,6,11,16],"killed_by":"Gremlin Leader","ascension_level":20}}