{"host":"lstr3pesnbx2qpzo","time":1613593652,"event":{"mods":["Aspiration","BaseMod","Conspire","Downfall","Hubris","Infinite Spire","Minty Spire (QoL Compilation)","Replay The Spire","StSLib"],"gold_per_floor":[99,117,135,23,23,57,57,57,57,57,69,69,81,81,95,200,200,200,213,213,226,226,241,289,301,301,301,301],"floor_reached":26,"language":"ENG","playtime":1230,"items_purged":[],"score":208,"play_id":"b13c947d-5283-4d14-8b27-ceac5a4dbe3b","local_time":"20210217132732","is_ascension_mode":false,"campfire_choices":[{"data":"bronze:Replicate","floor":1,"key":"SMITH"},{"data":"bronze:ChosenStrike","floor":9,"key":"SMITH"},{"data":"bronze:Branch","floor":12,"key":"SMITH"},{"data":"bronze:Format","floor":18,"key":"SMITH"}],"circlet_count":0,"master_deck":["bronze:Strike","bronze:Strike","bronze:Strike","bronze:Strike","bronze:Defend","bronze:Defend","bronze:Defend","bronze:Defend","bronze:Replicate+1","bronze:Goto+1","bronze:ChosenStrike+1","bronze:Branch+1","Replay:SS_fish_1","bronze:WhirlingStrike","conspire:NecroticWound","bronze:DelayedGuard+1","bronze:BuggyMess+1","bronze:FineTuning","bronze:Format+1","Decay","infinitespire:Starlight","bronze:Flail+1","hubris:Envy","Voices","bronze:GetLatest"],"relics":["bronze:BronzeCore","conspire:GlowingRock","downfall:ExtraCursedKey","infinitespire:PuzzleCube","Shuriken","ReplayTheSpireMod:SealedPack","Strange Spoon","conspire:TopHat"],"acts_visited":["Exordium","TheCity"],"potions_floor_usage":[16],"damage_taken":[{"damage":0,"enemies":"Cultist","floor":2,"turns":3},{"damage":8,"enemies":"2 Louse","floor":3,"turns":3},{"damage":0,"enemies":"downfall:FleeingMerchant","floor":4,"turns":4},{"damage":22,"enemies":"Gremlin Nob","floor":6,"turns":4},{"damage":3,"enemies":"Small Slimes","floor":11,"turns":2},{"damage":7,"enemies":"2 Fungi Beasts","floor":13,"turns":2},{"damage":0,"enemies":"Blue Slaver","floor":15,"turns":3},{"damage":1,"enemies":"IC_STATUS_ARCHETYPE","floor":16,"turns":4},{"damage":0,"enemies":"Chosen","floor":19,"turns":4},{"damage":16,"enemies":"downfall:LooterAlt2","floor":21,"turns":4},{"damage":16,"enemies":"Centurion and Healer","floor":23,"turns":7},{"damage":39,"enemies":"Snake Plant","floor":25,"turns":5},{"damage":22,"enemies":"Slavers","floor":26,"turns":1}],"seed_played":"-8462092454534041455","potions_obtained":[{"floor":11,"key":"champ:CounterPotion"},{"floor":13,"key":"LiquidBronze"},{"floor":15,"key":"PowerPotion"},{"floor":16,"key":"Swift Potion"}],"is_trial":false,"path_per_floor":["R","M","M","$","?","E","T","?","R","?","M","R","M","?","M","B",null,"R","M","AVR","M","?","M","T","M","E"],"character_chosen":"THE_AUTOMATON","items_purchased":["Replay:SS_fish_1"],"campfire_rested":0,"item_purchase_floors":[4],"current_hp_per_floor":[49,49,41,41,41,19,19,19,19,19,16,16,9,9,9,8,70,70,70,70,54,54,48,48,19,0,0,0],"gold":301,"neow_bonus":"ONE_RARE_RELIC","is_daily":false,"chose_seed":false,"campfire_upgraded":4,"win_rate":0.0,"timestamp":1613593652,"path_taken":["R","M","?","$","?","E","T","?","R","?","M","R","M","?","M","BOSS","R","M","AVR","M","?","M","T","?","E"],"items_purchased_type":["Card"],"build_version":"2020-12-22","purchased_purges":0,"victory":false,"max_hp_per_floor":[70,70,70,70,70,70,70,70,70,70,70,70,70,70,70,70,70,70,70,70,70,70,70,70,70,70,70,70],"card_choices":[{"not_picked":["bronze:Allocate","bronze:Invalidate"],"picked":"bronze:ChosenStrike","floor":2},{"not_picked":["bronze:WildBeam","bronze:Turbo"],"picked":"bronze:Branch","floor":3},{"not_picked":["bronze:Branch","bronze:BitShift","bronze:Deprecate"],"picked":"SKIP","floor":4},{"not_picked":["bronze:ThunderWave","bronze:Philosophize"],"picked":"bronze:WhirlingStrike","floor":6},{"not_picked":["bronze:BronzeOrb","bronze:FollowUp","bronze:Frontload"],"picked":"SKIP","floor":11},{"not_picked":["bronze:WhirlingStrike","bronze:ClassDefault"],"picked":"bronze:BuggyMess","floor":13},{"not_picked":["bronze:DelayedSlice","bronze:Shield"],"picked":"bronze:FineTuning","floor":15},{"not_picked":["bronze:CleanCode","bronze:ShipIt"],"picked":"bronze:Format","floor":16},{"not_picked":["infinitespire:FutureSight","infinitespire:TheBestDefense"],"picked":"infinitespire:Starlight","floor":17},{"not_picked":["bronze:DarkDash","bronze:WhirlingStrike","bronze:MaxOutput"],"picked":"SKIP","floor":19},{"not_picked":["bronze:CutThrough","bronze:Branch","bronze:BronzeArmor"],"picked":"SKIP","floor":21},{"not_picked":["bronze:ForLoop+1","bronze:Allocate"],"picked":"bronze:Flail+1","floor":23},{"not_picked":["bronze:WhirlingStrike","bronze:CutThrough"],"picked":"bronze:GetLatest","floor":25}],"player_experience":256693,"relics_obtained":[{"floor":6,"key":"infinitespire:PuzzleCube"},{"floor":7,"key":"Shuriken"},{"floor":24,"key":"conspire:TopHat"}],"event_choices":[{"damage_healed":0,"gold_gain":0,"player_choice":"Leave","damage_taken":0,"max_hp_gain":0,"max_hp_loss":0,"event_name":"conspire:Investor","floor":10,"gold_loss":0},{"damage_healed":0,"gold_gain":0,"player_choice":"Fled","damage_taken":0,"max_hp_gain":0,"max_hp_loss":0,"event_name":"Scrap Ooze","floor":14,"gold_loss":0}],"is_beta":false,"boss_relics":[{"not_picked":["Busted Crown","Replay:Wanted Poster"],"picked":"ReplayTheSpireMod:SealedPack"}],"items_purged_floors":[],"is_endless":false,"potions_floor_spawned":[11,13,15,16,19,23,25],"killed_by":"Slavers","ascension_level":0}}