{"host":"xp27heuvanyklt0b","time":1613576850,"event":{"mods":["100% Spire Juice","BaseMod","CapriCore","Koishi","Lobotomy","Minty Spire (QoL Compilation)","StSLib","The Immortal"],"gold_per_floor":[118,118,22,22,41,41,85,8,88,106,106,119,119,198,198,317,317,335,360,20,45,45,71,21,56,80,80,111,5,24,24,24,129,129,143,19,30,47,47,47,47,80,80,124,124,183,183,183,183,183,183],"floor_reached":50,"language":"KOR","playtime":2036,"items_purged":["Strike_G"],"score":656,"play_id":"42d31050-04bf-4c93-8d5a-ffe7569160ef","local_time":"20210218004730","is_ascension_mode":true,"campfire_choices":[{"data":"Neutralize","floor":6,"key":"SMITH"},{"floor":11,"key":"REST"},{"data":"Choke","floor":13,"key":"SMITH"},{"data":"Skewer","floor":15,"key":"SMITH"},{"floor":27,"key":"REST"},{"data":"After Image","floor":32,"key":"SMITH"},{"data":"Discovery","floor":40,"key":"SMITH"},{"floor":47,"key":"RECALL"},{"floor":49,"key":"DIG"}],"circlet_count":0,"master_deck":["Strike_G","Strike_G","Strike_G+1","Defend_G","Defend_G","Defend_G","Defend_G","Defend_G","Survivor","Heel Hook","Choke+1","Bandage Up","Deflect","Backstab","Skewer+1","Blur","Cloak And Dagger","Predator","After Image+1","CurseOfTheBell","Escape Plan","Outmaneuver+1","Slice","Panache+1","Tactician","Dark Shackles","Deflect","Finisher+1","Distraction+1","Slice","Slice","Distraction+1","Impatience","Slice","Tools of the Trade+1","Glass Knife","PiercingWail+1","Discovery+1","Cloak And Dagger+1","Blade Dance+1","PiercingWail+1","Prepared","Quick Slash"],"relics":["Runic Dome","Bloody Idol","Bag of Marbles","Mercury Hourglass","Calipers","Calling Bell","Strawberry","Frozen Egg 2","Turnip","Membership Card","Juzu Bracelet","Tiny Chest","Whetstone","Torii","HoveringKite","Nunchaku","Pocketwatch","Paper Crane","CeramicFish","Shovel","Blood Vial"],"acts_visited":["Exordium","TheCity","TheBeyond"],"potions_floor_usage":[14,14,23,28,28,28,50,50,50],"damage_taken":[{"damage":0,"enemies":"Small Slimes","floor":1,"turns":5},{"damage":1,"enemies":"Jaw Worm","floor":5,"turns":4},{"damage":32,"enemies":"Gremlin Nob","floor":7,"turns":6},{"damage":0,"enemies":"2 Louse","floor":10,"turns":2},{"damage":0,"enemies":"Blue Slaver","floor":12,"turns":1},{"damage":3,"enemies":"Lagavulin Event","floor":14,"turns":4},{"damage":31,"enemies":"Hexaghost","floor":16,"turns":11},{"damage":0,"enemies":"Chosen","floor":18,"turns":4},{"damage":3,"enemies":"Shell Parasite","floor":19,"turns":3},{"damage":10,"enemies":"Centurion and Healer","floor":21,"turns":6},{"damage":21,"enemies":"Book of Stabbing","floor":23,"turns":5},{"damage":27,"enemies":"Slavers","floor":25,"turns":5},{"damage":0,"enemies":"Gremlin Leader","floor":28,"turns":6},{"damage":0,"enemies":"Snake Plant","floor":30,"turns":2},{"damage":62,"enemies":"Champ","floor":33,"turns":13},{"damage":34,"enemies":"3 Darklings","floor":35,"turns":6},{"damage":6,"enemies":"Orb Walker","floor":37,"turns":2},{"damage":15,"enemies":"Transient","floor":38,"turns":5},{"damage":1,"enemies":"Giant Head","floor":42,"turns":7},{"damage":1,"enemies":"Nemesis","floor":44,"turns":7},{"damage":13,"enemies":"Mind Bloom Boss Battle","floor":46,"turns":7},{"damage":68,"enemies":"Awakened One","floor":50,"turns":11}],"seed_played":"4791633421625123034","potions_obtained":[{"floor":1,"key":"SteroidPotion"},{"floor":7,"key":"Swift Potion"},{"floor":10,"key":"ColorlessPotion"},{"floor":14,"key":"PowerPotion"},{"floor":23,"key":"EssenceOfSteel"},{"floor":25,"key":"DuplicationPotion"},{"floor":33,"key":"Dexterity Potion"},{"floor":35,"key":"SteroidPotion"},{"floor":46,"key":"FearPotion"}],"is_trial":false,"path_per_floor":["M","?","$","?","M","R","E","$","T","M","R","M","R","?","R","B",null,"M","M","$","M","?","E","$","E","T","R","E","$","M","?","R","B",null,"M","$","M","M","?","R","T","E","T","E","?","?","R","?","R","B"],"character_chosen":"THE_SILENT","items_purchased":["Bandage Up","Skewer","Membership Card","Slice","Panache+1","Tactician","Dark Shackles","Distraction","Slice","Impatience","Slice","Nunchaku","Discovery"],"campfire_rested":2,"item_purchase_floors":[3,8,20,20,20,20,20,24,24,29,29,36,36],"current_hp_per_floor":[70,70,70,53,56,56,28,28,28,28,49,49,49,50,50,23,77,77,74,74,67,67,55,55,33,38,61,70,70,75,75,75,21,77,48,48,47,41,41,41,41,49,49,62,62,63,63,63,63,0,0],"gold":183,"neow_bonus":"BOSS_RELIC","is_daily":false,"chose_seed":false,"campfire_upgraded":5,"win_rate":0.0,"timestamp":1613576850,"path_taken":["M","?","?","?","M","R","E","?","T","?","R","M","R","?","R","BOSS","M","M","$","M","?","E","$","E","T","R","E","$","M","?","R","BOSS","M","?","M","M","?","R","?","E","T","E","?","?","R","?","R","BOSS"],"items_purchased_type":["Card","Card","Relic","Card","Card","Card","Card","Card","Card","Card","Card","Relic","Card"],"build_version":"2020-12-22","purchased_purges":1,"victory":false,"max_hp_per_floor":[70,70,70,70,70,70,70,70,70,70,70,70,70,70,70,70,77,77,77,77,77,77,77,77,77,77,77,77,77,77,77,77,77,77,77,77,77,77,77,77,77,77,77,77,77,77,77,77,77,77,77],"card_choices":[{"not_picked":["Underhanded Strike","Accuracy"],"picked":"Heel Hook","floor":1},{"not_picked":["Poisoned Stab","Blade Dance"],"picked":"Deflect","floor":5},{"not_picked":["Quick Slash","Envenom"],"picked":"Backstab","floor":7},{"not_picked":["Acrobatics","Accuracy"],"picked":"Blur","floor":10},{"not_picked":["Acrobatics","Flying Knee"],"picked":"Cloak And Dagger","floor":12},{"not_picked":["Concentrate","Dodge and Roll"],"picked":"Predator","floor":14},{"not_picked":["Wraith Form v2","Unload"],"picked":"After Image","floor":16},{"not_picked":["Caltrops+1","Cloak And Dagger"],"picked":"Escape Plan","floor":18},{"not_picked":["Underhanded Strike","Quick Slash"],"picked":"Outmaneuver+1","floor":19},{"not_picked":["Noxious Fumes+1","Deadly Poison"],"picked":"Deflect","floor":21},{"not_picked":["Catalyst","Poisoned Stab"],"picked":"Finisher","floor":23},{"not_picked":["Setup","PiercingWail"],"picked":"Slice","floor":25},{"not_picked":["Quick Slash","Slice"],"picked":"Distraction+1","floor":28},{"not_picked":["Cloak And Dagger","Outmaneuver"],"picked":"Tools of the Trade+1","floor":30},{"not_picked":["Envenom+1","Doppelganger"],"picked":"Glass Knife","floor":33},{"not_picked":["Expertise","Backflip"],"picked":"PiercingWail+1","floor":35},{"not_picked":["Flying Knee+1","Bane"],"picked":"Cloak And Dagger+1","floor":37},{"not_picked":["Outmaneuver+1","Escape Plan"],"picked":"Blade Dance+1","floor":38},{"not_picked":["Sucker Punch","Leg Sweep"],"picked":"PiercingWail+1","floor":42},{"not_picked":["Dagger Throw","Expertise+1"],"picked":"Prepared","floor":44},{"not_picked":["Dash","PiercingWail"],"picked":"Quick Slash","floor":46}],"player_experience":328009,"relics_obtained":[{"floor":7,"key":"Bag of Marbles"},{"floor":9,"key":"Mercury Hourglass"},{"floor":14,"key":"Calipers"},{"floor":17,"key":"Strawberry"},{"floor":17,"key":"Frozen Egg 2"},{"floor":17,"key":"Turnip"},{"floor":23,"key":"Juzu Bracelet"},{"floor":25,"key":"Tiny Chest"},{"floor":26,"key":"Whetstone"},{"floor":28,"key":"Torii"},{"floor":42,"key":"Pocketwatch"},{"floor":43,"key":"Paper Crane"},{"floor":44,"key":"CeramicFish"},{"floor":46,"key":"Shovel"},{"floor":49,"key":"Blood Vial"}],"event_choices":[{"damage_healed":0,"gold_gain":0,"cards_transformed":["Strike_G"],"player_choice":"Change","damage_taken":0,"max_hp_gain":0,"max_hp_loss":0,"event_name":"Living Wall","floor":2,"gold_loss":0,"cards_obtained":["Choke"]},{"damage_healed":0,"gold_gain":0,"player_choice":"Take Damage","damage_taken":17,"relics_obtained":["Golden Idol"],"max_hp_gain":0,"max_hp_loss":0,"event_name":"Golden Idol","floor":4,"gold_loss":0},{"damage_healed":0,"gold_gain":0,"player_choice":"Searched \u00272\u0027 times","damage_taken":0,"max_hp_gain":0,"max_hp_loss":0,"event_name":"Dead Adventurer","floor":14,"gold_loss":0},{"damage_healed":0,"gold_gain":0,"player_choice":"Gave Idol","damage_taken":0,"relics_obtained":["Bloody Idol"],"max_hp_gain":0,"max_hp_loss":0,"event_name":"Forgotten Altar","floor":22,"relics_lost":["Golden Idol"],"gold_loss":0},{"damage_healed":0,"gold_gain":0,"player_choice":"Forge","damage_taken":0,"max_hp_gain":0,"max_hp_loss":0,"event_name":"Accursed Blacksmith","floor":31,"gold_loss":0,"cards_upgraded":["Distraction"]},{"damage_healed":0,"gold_gain":0,"player_choice":"Ignored","damage_taken":0,"max_hp_gain":0,"max_hp_loss":0,"event_name":"Mysterious Sphere","floor":39,"gold_loss":0},{"cards_removed":["Neutralize"],"damage_healed":0,"gold_gain":0,"player_choice":"Removed Attack","damage_taken":0,"max_hp_gain":0,"max_hp_loss":0,"event_name":"Falling","floor":45,"gold_loss":0},{"damage_healed":0,"gold_gain":0,"player_choice":"Fight","damage_taken":0,"max_hp_gain":0,"max_hp_loss":0,"event_name":"MindBloom","floor":46,"gold_loss":0},{"damage_healed":0,"gold_gain":0,"player_choice":"Ignored","damage_taken":0,"max_hp_gain":0,"max_hp_loss":0,"event_name":"Tomb of Lord Red Mask","floor":48,"gold_loss":0}],"is_beta":false,"boss_relics":[{"not_picked":["Fusion Hammer","Pandora\u0027s Box"],"picked":"Calling Bell"},{"not_picked":["Coffee Dripper","Empty Cage"],"picked":"HoveringKite"}],"items_purged_floors":[29],"is_endless":false,"potions_floor_spawned":[1,7,10,14,23,25,33,35,46],"killed_by":"Awakened One","ascension_level":1}}