{"host":"y6zg4wwu39otf01a","time":1613589970,"event":{"mods":["Act Like it!","Aspiration","BaseMod","Better Altar","Better Match","Better Note","Better Sensory Stone","Better Skull","Better Third Choice","Challenge The Spire","Colored Map","Colored Powertips","Conspire","GifTheSpireLib","Glutton Mod","Halation","Hermit","Highlight Path","Hubris","Infinite Spire","Mimic Mod","Minty Spire (QoL Compilation)","Quick Restart","Random Character Button","Rare Cards Sparkle","Reliquary","Replay The Spire","Retaliation","Ruina","Spicy Shops","StSLib","Stuff the Spire","The Blue Laboratory","The Construct","The Jungle"],"gold_per_floor":[115,115,126,126,50,83,83,117,144,162,173,173,198,198,198,198,198],"floor_reached":16,"language":"ENG","playtime":1060,"items_purged":[],"score":164,"play_id":"36330311-b646-440f-89d9-48f391d8f449","local_time":"20210217132610","is_ascension_mode":true,"campfire_choices":[{"data":"Bash","floor":12,"key":"SMITH"},{"data":"Exhume","floor":15,"key":"SMITH"}],"circlet_count":0,"master_deck":["Strike_R","Strike_R","Strike_R","Strike_R","Defend_R","Defend_R","Defend_R","Bash+1","ReplayTheSpireMod:Stacked+1","Clothesline+1","Fire Breathing","Exhume+1","Ghostly Armor","StuffTheSpire:Incineration","StuffTheSpire:Pyroclast","hubris:NaturalOne","StuffTheSpire:Slingshot","Regret"],"relics":["Burning Blood","NeowsBlessing","hubris:Icosahedron","Guide Book","aspiration:Lifesprig","StuffTheSpire:Rhapsscallions","Gremlin Food","Nunchaku","conspire:TopHat"],"acts_visited":["Exordium"],"potions_floor_usage":[8],"damage_taken":[{"damage":0,"enemies":"Cultist","floor":1,"turns":1},{"damage":0,"enemies":"Jaw Worm","floor":3,"turns":1},{"damage":0,"enemies":"Gremlin Nob","floor":6,"turns":1},{"damage":60,"enemies":"3 Sentries","floor":8,"turns":6},{"damage":14,"enemies":"Small Slimes","floor":10,"turns":5},{"damage":14,"enemies":"Red Slaver","floor":11,"turns":4},{"damage":14,"enemies":"Gremlin Nob","floor":13,"turns":5},{"damage":61,"enemies":"The Guardian","floor":16,"turns":13}],"seed_played":"-5588931773522020218","potions_obtained":[{"floor":1,"key":"BloodPotion"},{"floor":3,"key":"Elixir"},{"floor":8,"key":"blueLaboratory:Moonshine"}],"is_trial":false,"path_per_floor":["M","$","M","?","$","E","?","E","T","M","M","R","E","?","R","B"],"character_chosen":"IRONCLAD","items_purchased":["Guide Book"],"campfire_rested":0,"item_purchase_floors":[5],"current_hp_per_floor":[80,80,80,80,80,80,80,47,47,77,69,69,61,61,61,0,0],"gold":198,"neow_bonus":"THREE_ENEMY_KILL","is_daily":false,"chose_seed":false,"campfire_upgraded":2,"win_rate":0.0,"timestamp":1613589970,"path_taken":["M","$","?","?","$","E","?","E","T","M","?","R","E","?","R","BOSS"],"items_purchased_type":["Relic"],"build_version":"2020-12-22","purchased_purges":0,"victory":false,"max_hp_per_floor":[80,80,80,80,80,80,80,85,85,85,85,85,85,85,85,85,85],"card_choices":[{"not_picked":["Wild Strike","Heavy Blade"],"picked":"ReplayTheSpireMod:Stacked","floor":1},{"not_picked":["Evolve","ReplayTheSpireMod:Strike From Hell"],"picked":"Clothesline","floor":3},{"not_picked":["Wild Strike","StuffTheSpire:Incineration"],"picked":"Fire Breathing","floor":6},{"not_picked":["Anger","Wild Strike"],"picked":"Ghostly Armor","floor":8},{"not_picked":["hubris:ReadiedAction","Sword Boomerang"],"picked":"StuffTheSpire:Incineration","floor":10},{"not_picked":["Clothesline","Double Tap"],"picked":"StuffTheSpire:Pyroclast","floor":11},{"not_picked":["Shockwave","Havoc"],"picked":"StuffTheSpire:Slingshot","floor":13}],"player_experience":867051,"relics_obtained":[{"floor":6,"key":"aspiration:Lifesprig"},{"floor":8,"key":"StuffTheSpire:Rhapsscallions"},{"floor":9,"key":"Gremlin Food"},{"floor":13,"key":"Nunchaku"}],"event_choices":[{"damage_healed":0,"gold_gain":0,"cards_transformed":["Strike_R"],"player_choice":"Transformed","damage_taken":0,"max_hp_gain":0,"max_hp_loss":0,"event_name":"Transmorgrifier","floor":7,"gold_loss":0,"cards_obtained":["Exhume"]},{"damage_healed":0,"gold_gain":0,"player_choice":"Box","damage_taken":0,"relics_obtained":["conspire:TopHat"],"max_hp_gain":0,"max_hp_loss":0,"event_name":"Big Fish","floor":14,"gold_loss":0,"cards_obtained":["Regret"]}],"is_beta":false,"boss_relics":[],"items_purged_floors":[],"is_endless":false,"potions_floor_spawned":[1,3,8],"killed_by":"The Guardian","ascension_level":3}}