{"host":"u7bb6mvzuirwfcqo","time":1613533410,"event":{"mods":["2.2 Compatiblity","AchievementEnabler","BaseMod","Card Forge","Downfall","Hermit","Minty Spire (QoL Compilation)","Relic Stats","StSLib"],"gold_per_floor":[112,34,34,0,17,51,51,1,1,1,331,347,363,382,382,477,477,496,509,212,212,227,227,254,264,264,7,7,27,45,64,64,166,166,186,196,215,265,265,290,64,78,104,104,0,20,37,56,56,56,56,56],"floor_reached":50,"language":"ENG","playtime":7205,"items_purged":[],"score":608,"play_id":"8221613e-b6e9-4b77-ba9f-c8c90ddd7d96","local_time":"20210216224330","is_ascension_mode":false,"campfire_choices":[{"data":"champ:LastStand","floor":10.0,"key":"SMITH"},{"data":"champ:TornadoPunch","floor":15.0,"key":"SMITH"},{"data":"champ:UltimateStance","floor":23.0,"key":"SMITH"},{"floor":28.0,"key":"REST"},{"data":"champ:TornadoPunch","floor":32.0,"key":"SMITH"},{"floor":44,"key":"REST"},{"floor":49,"key":"REST"}],"circlet_count":0,"master_deck":["champ:Defend","champ:Defend","champ:Defend","champ:Execute","champ:Taunt","champ:TornadoPunch+1","champ:ShieldSlam","champ:BerserkerStyle","champ:DefensiveStyle","champ:LastStand+1","champ:DefensiveShout","champ:ShieldWall","champ:FanOfKnives","champ:Haymaker","champ:Improvising","champ:TornadoPunch+1","champ:Duel","champ:StanceDance","champ:FaceSlap","champ:GutPunch","champ:UltimateStance+1","champ:PreciseThrust+1","champ:FlashCut","champ:StrikeOfGenius","champ:Circumvent","champ:TornadoPunch+1","champ:GladiatorForm","champ:GutPunch+1","champ:ShieldWall+1","champ:CrookedStrike+1","champ:Haymaker+1","champ:CalledShot+1","champ:UltimateStance","champ:DefensiveShout","champ:BringItOn"],"relics":["champ:ChampionCrown","Hammer of Thor","Seething Fire","Anvil of the Gods","NeowsBlessing","Incense Burner","Mercury Hourglass","Old Coin","Sozu","Orichalcum","Oddly Smooth Stone","Pear","Bottled Tornado","Astrolabe","Gambling Chip","Blue Candle","Toy Ornithopter","Bag of Preparation","Bronze Scales","Red Mask"],"acts_visited":["Exordium","TheCity","TheBeyond"],"potions_floor_usage":[42],"damage_taken":[{"damage":0.0,"enemies":"Jaw Worm","floor":1.0,"turns":1.0},{"damage":0.0,"enemies":"2 Louse","floor":5.0,"turns":2.0},{"damage":0.0,"enemies":"Gremlin Nob","floor":6.0,"turns":1.0},{"damage":20.0,"enemies":"3 Sentries","floor":11.0,"turns":6.0},{"damage":10.0,"enemies":"Cultist","floor":12.0,"turns":3.0},{"damage":33.0,"enemies":"Lots of Slimes","floor":13.0,"turns":3.0},{"damage":19.0,"enemies":"Exordium Wildlife","floor":14.0,"turns":4.0},{"damage":30.0,"enemies":"Slime Boss","floor":16.0,"turns":9.0},{"damage":32.0,"enemies":"Spheric Guardian","floor":18.0,"turns":5.0},{"damage":25.0,"enemies":"2 Thieves","floor":19.0,"turns":3.0},{"damage":25.0,"enemies":"Centurion and Healer","floor":22.0,"turns":5.0},{"damage":32.0,"enemies":"Slavers","floor":24.0,"turns":4.0},{"damage":11.0,"enemies":"Snake Plant","floor":25.0,"turns":3.0},{"damage":16.0,"enemies":"Sentry and Sphere","floor":29.0,"turns":4.0},{"damage":18.0,"enemies":"Shelled Parasite and Fungi","floor":30.0,"turns":3.0},{"damage":3.0,"enemies":"Centurion and Healer","floor":31.0,"turns":4.0},{"damage":52.0,"enemies":"Collector","floor":33.0,"turns":6.0},{"damage":7.0,"enemies":"Orb Walker","floor":35.0,"turns":3.0},{"damage":11.0,"enemies":"3 Shapes","floor":36.0,"turns":4.0},{"damage":19.0,"enemies":"Jaw Worm Horde","floor":37.0,"turns":4.0},{"damage":32.0,"enemies":"Mind Bloom Boss Battle","floor":38.0,"turns":6.0},{"damage":69.0,"enemies":"Giant Head","floor":40.0,"turns":8.0},{"damage":14,"enemies":"4 Shapes","floor":42,"turns":4},{"damage":26,"enemies":"Maw","floor":46,"turns":6},{"damage":21,"enemies":"Transient","floor":47,"turns":5},{"damage":7,"enemies":"3 Darklings","floor":48,"turns":3},{"damage":79,"enemies":"Time Eater","floor":50,"turns":8}],"seed_played":"-2402818207242221488","potions_obtained":[{"floor":1.0,"key":"Swift Potion"},{"floor":5.0,"key":"ColorlessPotion"},{"floor":11.0,"key":"LiquidMemories"}],"is_trial":false,"path_per_floor":["M","$","?","$","M","E","R","?","T","R","E","M","M","M","R","B",null,"M","M","$","?","M","R","E","M","T","$","R","M","M","M","R","B",null,"M","M","M","?","?","E","$","M","T","R","?","M","M","M","R","B"],"character_chosen":"THE_CHAMP","items_purchased":["champ:ShieldSlam","champ:BerserkerStyle","champ:StanceDance","Orichalcum","champ:FaceSlap","champ:GutPunch","Bottled Tornado","Bag of Preparation","champ:DefensiveShout","champ:BringItOn"],"campfire_rested":3,"item_purchase_floors":[2,4,20,20,20,20,27,41,41,41],"current_hp_per_floor":[90,90,95,95,95,95,95,95,95,95,75,75,49,40,40,17,95,80,65,65,65,60,60,43,42,52,52,83,72,59,56,56,39,105,98,87,80,58,53,6,6,7,7,38,38,22,8,8,39,0,0,0],"gold":56,"neow_bonus":"THREE_ENEMY_KILL","is_daily":false,"chose_seed":false,"campfire_upgraded":4,"win_rate":0.0,"timestamp":1613533410,"path_taken":["M","$","?","$","M","E","R","?","T","R","E","M","M","M","R","BOSS","M","M","$","?","?","R","E","M","T","$","R","M","?","M","R","BOSS","M","M","M","?","?","E","$","M","T","R","?","M","M","M","R","BOSS"],"items_purchased_type":["Card","Card","Card","Relic","Card","Card","Relic","Relic","Card","Card"],"build_version":"2020-12-22","purchased_purges":0,"victory":false,"max_hp_per_floor":[90,90,95,95,95,95,95,95,95,95,95,95,95,95,95,95,95,95,95,95,95,95,95,95,95,105,105,105,105,105,105,105,105,105,105,105,105,105,105,105,105,105,105,105,105,105,105,105,105,105,105,105],"relic_stats":{"Sozu":9,"counters":[27,113],"Astrolabe":["champ:GutPunch","champ:ShieldWall","champ:CrookedStrike"],"Gambling Chip":[7],"Blue Candle":[0],"Bronze Scales":[63],"Bag of Preparation":[10],"Orichalcum":[96],"obtain_stats":[{"Pear":26,"NeowsBlessing":0,"Astrolabe":34,"Blue Candle":39,"Oddly Smooth Stone":24,"champ:ChampionCrown":0,"Hammer of Thor":0,"Incense Burner":6,"Bag of Preparation":41,"Seething Fire":0,"Orichalcum":20,"Bottled Tornado":27,"Mercury Hourglass":9,"Old Coin":11,"Sozu":17,"Anvil of the Gods":0,"Gambling Chip":38,"Bronze Scales":43,"Red Mask":45,"Toy Ornithopter":40},{"Pear":13,"NeowsBlessing":0,"Astrolabe":17,"Blue Candle":21,"Oddly Smooth Stone":12,"champ:ChampionCrown":0,"Hammer of Thor":0,"Incense Burner":3,"Bag of Preparation":22,"Seething Fire":0,"Orichalcum":10,"Bottled Tornado":13,"Mercury Hourglass":3,"Old Coin":4,"Sozu":8,"Anvil of the Gods":0,"Gambling Chip":21,"Bronze Scales":23,"Red Mask":23,"Toy Ornithopter":22},{"Pear":47,"NeowsBlessing":0,"Astrolabe":64,"Blue Candle":80,"Oddly Smooth Stone":44,"champ:ChampionCrown":0,"Hammer of Thor":0,"Incense Burner":4,"Bag of Preparation":88,"Seething Fire":0,"Orichalcum":35,"Bottled Tornado":47,"Mercury Hourglass":4,"Old Coin":10,"Sozu":27,"Anvil of the Gods":0,"Gambling Chip":80,"Bronze Scales":91,"Red Mask":91,"Toy Ornithopter":88}],"Toy Ornithopter":5,"Mercury Hourglass":[453]},"card_choices":[{"not_picked":["champ:BerserkerStyle","champ:PerfectedStrike"],"picked":"champ:TornadoPunch","floor":1.0},{"not_picked":["champ:AdrenalArmor","champ:EnGarde"],"picked":"champ:DefensiveStyle","floor":5.0},{"not_picked":["champ:LastStand","champ:BringItOn"],"picked":"champ:DeathBlow","floor":6.0},{"not_picked":["champ:ShieldSlam","champ:AdrenalArmor"],"picked":"champ:DefensiveShout","floor":11.0},{"not_picked":["champ:HeartStrike","champ:BringItOn"],"picked":"champ:ShieldWall","floor":12.0},{"not_picked":["champ:EnGarde","champ:PreciseThrust"],"picked":"champ:FanOfKnives","floor":13.0},{"not_picked":["champ:Circumvent","champ:CrownThrow"],"picked":"champ:Haymaker","floor":14.0},{"not_picked":["champ:TripleStrike","champ:CheapShot"],"picked":"champ:Improvising","floor":16.0},{"not_picked":["champ:PreciseThrust","champ:DefensiveStyle"],"picked":"champ:TornadoPunch+1","floor":18.0},{"not_picked":["champ:PreciseThrust","champ:Shatter"],"picked":"champ:Duel","floor":19.0},{"not_picked":["champ:FanOfKnives","champ:BerserkerStyle","champ:BladeFlurry"],"picked":"SKIP","floor":22.0},{"not_picked":["champ:BerserkersShout","champ:Duel"],"picked":"champ:PreciseThrust+1","floor":24.0},{"not_picked":["champ:BerserkersShout","champ:GutPunch"],"picked":"champ:FlashCut","floor":25.0},{"not_picked":["champ:PreemptiveStrike","champ:ShieldSlam"],"picked":"champ:StrikeOfGenius","floor":29.0},{"not_picked":["champ:FaceSlap","champ:BerserkersShout"],"picked":"champ:Circumvent","floor":30.0},{"not_picked":["champ:Parry","champ:PerfectedStrike"],"picked":"champ:TornadoPunch","floor":31.0},{"not_picked":["champ:UltimateStance","champ:HoldFirm"],"picked":"champ:GladiatorForm","floor":33.0},{"not_picked":["champ:Shatter","champ:BerserkersShout+1","champ:EnragedBash"],"picked":"SKIP","floor":35.0},{"not_picked":["champ:Backstep","champ:TornadoPunch"],"picked":"champ:Haymaker+1","floor":36.0},{"not_picked":["champ:EndlessRage+1","champ:TornadoPunch","champ:GutPunch"],"picked":"SKIP","floor":37.0},{"not_picked":["champ:BringItOn+1","champ:Lariat+1"],"picked":"champ:CalledShot+1","floor":38.0},{"not_picked":["champ:GladiatorStyle","champ:BringItOn"],"picked":"champ:UltimateStance","floor":40.0},{"not_picked":["champ:Shatter+1","champ:StanceDance","champ:FanOfKnives"],"picked":"SKIP","floor":42},{"not_picked":["champ:RisingSlash+1","champ:StanceDance","champ:DefensiveStyle"],"picked":"SKIP","floor":46},{"not_picked":["champ:ShieldWall","champ:FlashCut","champ:Haymaker+1"],"picked":"SKIP","floor":47},{"not_picked":["champ:SkillfulDodge","champ:ShieldSigil","champ:StrikeOfGenius"],"picked":"SKIP","floor":48}],"player_experience":93692,"relics_obtained":[{"floor":6.0,"key":"Incense Burner"},{"floor":9.0,"key":"Mercury Hourglass"},{"floor":11.0,"key":"Old Coin"},{"floor":24.0,"key":"Oddly Smooth Stone"},{"floor":26.0,"key":"Pear"},{"floor":38.0,"key":"Gambling Chip"},{"floor":40.0,"key":"Toy Ornithopter"},{"floor":43,"key":"Bronze Scales"}],"event_choices":[{"damage_healed":0.0,"max_hp_gain":5.0,"max_hp_loss":0.0,"gold_gain":0.0,"event_name":"Big Fish","player_choice":"Donut","floor":3.0,"gold_loss":0.0,"damage_taken":0.0},{"cards_removed":["champ:Strike"],"damage_healed":0.0,"max_hp_gain":0.0,"max_hp_loss":0.0,"gold_gain":0.0,"event_name":"The Cleric","player_choice":"Card Removal","floor":8.0,"gold_loss":50.0,"damage_taken":0.0},{"damage_healed":0.0,"max_hp_gain":0.0,"max_hp_loss":0.0,"gold_gain":0.0,"cards_transformed":["champ:Strike"],"event_name":"Transmorgrifier","player_choice":"Transformed","floor":21.0,"gold_loss":0.0,"damage_taken":0.0,"cards_obtained":["champ:UltimateStance"]},{"damage_healed":0.0,"max_hp_gain":0.0,"max_hp_loss":0.0,"gold_gain":0.0,"event_name":"MindBloom","player_choice":"Fight","floor":38.0,"gold_loss":0.0,"damage_taken":0.0},{"damage_healed":0,"gold_gain":0,"player_choice":"Paid","damage_taken":0,"relics_obtained":["Red Mask"],"max_hp_gain":0,"max_hp_loss":0,"event_name":"Tomb of Lord Red Mask","floor":45,"gold_loss":104}],"is_beta":false,"boss_relics":[{"not_picked":["SacredBark","Busted Crown"],"picked":"Sozu"},{"not_picked":["bronze:MakeshiftBattery","Philosopher\u0027s Stone"],"picked":"Astrolabe"}],"items_purged_floors":[],"is_endless":false,"potions_floor_spawned":[1,5,11,24,25,29,31,33,36,37,42,46],"killed_by":"Time Eater","ascension_level":0}}