{"host":"pj05r22d3fegil3v","time":1613551987,"event":{"mods":["BaseMod","Better Altar","Better Match","Better Note","Better Sensory Stone","Better Skull","Better Third Choice","BetterRewards","Card Filter","Colored Powertips","Curses Come First","Custom Start","DeckTracker","Displayed Cursed Tome","Evolution","Minty Spire (QoL Compilation)","Quick Restart","Rare Cards Sparkle","Relic Filter Mod","Smile Girya","StSLib","Weighted Paths","everything is the same but u backflip on backflip","slay the spire mod where everything is the same but ironclad has a cowboy hat"],"gold_per_floor":[118,133,133,208,233,233,248,282,355,355,376,451,451,489,489,612,612,636,636,655,673,772,772,808,822,822,856,856,457,457,477,477,608,608,631,631,647,647,647,647,683,683,709,733,773,326,326,339,339,339],"floor_reached":51,"language":"ENG","playtime":2684,"items_purged":[],"score":1204,"play_id":"5feee7b7-b9f5-49f8-b61a-15ef210da215","local_time":"20210217035307","is_ascension_mode":true,"campfire_choices":[{"data":"Coolheaded","floor":6,"key":"SMITH"},{"data":"Offering","floor":10,"key":"SMITH"},{"data":"Coolheaded","floor":15,"key":"SMITH"},{"data":"Defragment","floor":23,"key":"SMITH"},{"data":"Barricade","floor":30,"key":"SMITH"},{"data":"Defragment","floor":32,"key":"SMITH"},{"data":"Capacitor","floor":40,"key":"SMITH"},{"data":"Capacitor","floor":42,"key":"SMITH"},{"data":"Juggernaut","floor":49,"key":"SMITH"}],"circlet_count":0,"master_deck":["Metallicize+1","Seeing Red+1","Seeing Red+1","Seeing Red","Seeing Red","Offering+1","Juggernaut+1","Barricade+1","Defragment+1","Defragment+1","Capacitor+1","Capacitor+1","Capacitor+1","Coolheaded+1","Coolheaded+1","Coolheaded","Coolheaded","Body Slam","AscendersBane","Defragment+1","True Grit+1","Offering+1"],"relics":["Burning Blood","EVO:Axolotl","Golden Idol","Bird Faced Urn","Ornamental Fan","Regal Pillow","Coffee Dripper","Ginger","CaptainsWheel","Bag of Marbles","Anchor","Self Forming Clay","Sozu","Kunai","Bronze Scales","Oddly Smooth Stone","Ancient Tea Set","DollysMirror","Toy Ornithopter"],"acts_visited":["Exordium","TheCity","TheBeyond"],"potions_floor_usage":[14,14,16,24,24,27,33,44,50,50],"damage_taken":[{"damage":0,"enemies":"Cultist","floor":1,"turns":4},{"damage":5,"enemies":"Jaw Worm","floor":2,"turns":6},{"damage":19,"enemies":"2 Louse","floor":5,"turns":4},{"damage":15,"enemies":"Exordium Wildlife","floor":7,"turns":5},{"damage":6,"enemies":"Lagavulin","floor":8,"turns":5},{"damage":11,"enemies":"Red Slaver","floor":11,"turns":5},{"damage":22,"enemies":"3 Sentries","floor":14,"turns":6},{"damage":6,"enemies":"The Guardian","floor":16,"turns":7},{"damage":0,"enemies":"Spheric Guardian","floor":18,"turns":5},{"damage":10,"enemies":"2 Thieves","floor":20,"turns":4},{"damage":9,"enemies":"3 Cultists","floor":21,"turns":5},{"damage":0,"enemies":"Book of Stabbing","floor":24,"turns":5},{"damage":6,"enemies":"Sentry and Sphere","floor":25,"turns":5},{"damage":12,"enemies":"Gremlin Leader","floor":27,"turns":5},{"damage":6,"enemies":"Snake Plant","floor":31,"turns":4},{"damage":6,"enemies":"Automaton","floor":33,"turns":6},{"damage":8,"enemies":"3 Shapes","floor":35,"turns":4},{"damage":6,"enemies":"Orb Walker","floor":37,"turns":4},{"damage":6,"enemies":"Nemesis","floor":41,"turns":5},{"damage":0,"enemies":"4 Shapes","floor":44,"turns":7},{"damage":0,"enemies":"Giant Head","floor":45,"turns":5},{"damage":12,"enemies":"Writhing Mass","floor":48,"turns":4},{"damage":12,"enemies":"Awakened One","floor":50,"turns":5}],"seed_played":"-7917629912526764628","potions_obtained":[{"floor":2,"key":"Weak Potion"},{"floor":8,"key":"SneckoOil"},{"floor":11,"key":"Regen Potion"},{"floor":14,"key":"Block Potion"},{"floor":16,"key":"BlessingOfTheForge"},{"floor":18,"key":"HeartOfIron"},{"floor":24,"key":"Energy Potion"},{"floor":25,"key":"SkillPotion"},{"floor":31,"key":"Block Potion"},{"floor":33,"key":"LiquidBronze"}],"is_trial":true,"path_per_floor":["M","M","?","?","M","R","M","E","T","R","M","?","$","E","R","B",null,"M","?","M","M","?","R","E","M","T","E","?","$","R","M","R","B",null,"M","?","M","?","?","R","E","R","T","M","E","$","?","M","R","B",null],"character_chosen":"IRONCLAD","items_purchased":["Anchor","Self Forming Clay","Ancient Tea Set","DollysMirror","Toy Ornithopter"],"campfire_rested":0,"item_purchase_floors":[29,29,46,46,46],"current_hp_per_floor":[80,80,60,52,39,39,30,30,30,30,39,28,28,43,43,59,80,80,80,80,80,80,80,80,80,80,80,80,80,80,80,80,80,80,80,80,80,80,15,15,33,33,33,57,80,80,80,80,80,80],"gold":339,"neow_bonus":"","is_daily":false,"chose_seed":false,"campfire_upgraded":9,"win_rate":0.0,"timestamp":1613551987,"path_taken":["M","?","?","?","M","R","?","E","T","R","M","?","$","E","R","BOSS","M","?","M","M","?","R","E","M","T","E","?","$","R","M","R","BOSS","M","?","M","?","?","R","E","R","T","?","E","$","?","M","R","BOSS"],"items_purchased_type":["Relic","Relic","Relic","Relic","Relic"],"build_version":"2020-12-22","purchased_purges":0,"victory":true,"max_hp_per_floor":[80,80,80,80,80,80,80,80,80,80,80,80,80,80,80,80,80,80,80,80,80,80,80,80,80,80,80,80,80,80,80,80,80,80,80,80,80,80,80,80,80,80,80,80,80,80,80,80,80,80],"card_choices":[{"not_picked":["Sword Boomerang","Spot Weakness","Pommel Strike"],"picked":"SKIP","floor":1},{"not_picked":["Armaments","Warcry"],"picked":"Body Slam","floor":2},{"not_picked":["Flame Barrier","Wild Strike","Metallicize"],"picked":"SKIP","floor":5},{"not_picked":["Cleave","Perfected Strike","Blood for Blood"],"picked":"SKIP","floor":7},{"not_picked":["Iron Wave","Impervious","Sever Soul"],"picked":"SKIP","floor":8},{"not_picked":["Disarm","Dual Wield","Rampage"],"picked":"SKIP","floor":11},{"not_picked":["Flex","Warcry","Dark Embrace"],"picked":"SKIP","floor":14},{"not_picked":["Iron Wave","Headbutt","Anger"],"picked":"SKIP","floor":18},{"not_picked":["True Grit","Rage","Body Slam"],"picked":"SKIP","floor":20},{"not_picked":["Evolve","Spot Weakness","Body Slam"],"picked":"SKIP","floor":21},{"not_picked":["Carnage+1","Impervious","Searing Blow+1"],"picked":"SKIP","floor":24},{"not_picked":["Power Through","Twin Strike+1","Clothesline+1"],"picked":"SKIP","floor":25},{"not_picked":["Feed","Sever Soul+1","Evolve"],"picked":"SKIP","floor":27},{"not_picked":["Shrug It Off","Heavy Blade+1","Flex+1"],"picked":"SKIP","floor":31},{"not_picked":["Clash","Power Through+1","Anger+1"],"picked":"SKIP","floor":35},{"not_picked":["Rampage+1","Twin Strike+1","Wild Strike"],"picked":"SKIP","floor":37},{"not_picked":["Inflame+1","Seeing Red+1","Heavy Blade"],"picked":"SKIP","floor":41},{"not_picked":["Clothesline+1","Wild Strike+1","Armaments"],"picked":"SKIP","floor":44},{"not_picked":["Havoc","Wild Strike+1"],"picked":"True Grit+1","floor":45},{"not_picked":["Flex+1","Armaments+1","Reckless Charge"],"picked":"SKIP","floor":48}],"player_experience":143174,"relics_obtained":[{"floor":8,"key":"Bird Faced Urn"},{"floor":9,"key":"Ornamental Fan"},{"floor":14,"key":"Regal Pillow"},{"floor":24,"key":"Ginger"},{"floor":26,"key":"CaptainsWheel"},{"floor":27,"key":"Bag of Marbles"},{"floor":41,"key":"Kunai"},{"floor":43,"key":"Bronze Scales"},{"floor":45,"key":"Oddly Smooth Stone"}],"event_choices":[{"damage_healed":0,"gold_gain":0,"player_choice":"Take Damage","damage_taken":20,"relics_obtained":["Golden Idol"],"max_hp_gain":0,"max_hp_loss":0,"event_name":"Golden Idol","floor":3,"gold_loss":0},{"damage_healed":0,"gold_gain":75,"player_choice":"Touch","damage_taken":8,"max_hp_gain":0,"max_hp_loss":0,"event_name":"FaceTrader","floor":4,"gold_loss":0},{"damage_healed":0,"gold_gain":75,"player_choice":"Gold","damage_taken":11,"max_hp_gain":0,"max_hp_loss":0,"event_name":"betterThird:BetterGoop","floor":12,"gold_loss":0},{"damage_healed":0,"gold_gain":0,"player_choice":"Ignored","damage_taken":0,"max_hp_gain":0,"max_hp_loss":0,"event_name":"betterNote:BetterNote","floor":19,"gold_loss":0,"cards_obtained":["Footwork"]},{"damage_healed":0,"gold_gain":99,"player_choice":"Steal","damage_taken":0,"max_hp_gain":0,"max_hp_loss":0,"event_name":"betterThird:BetterNest","floor":22,"gold_loss":0},{"damage_healed":26,"gold_gain":0,"player_choice":"Heal","damage_taken":0,"max_hp_gain":0,"max_hp_loss":0,"event_name":"The Library","floor":28,"gold_loss":0},{"damage_healed":0,"gold_gain":3,"player_choice":"3","damage_taken":0,"max_hp_gain":0,"max_hp_loss":0,"event_name":"betterStone:BetterStone","floor":36,"gold_loss":0,"cards_obtained":["Defragment"]},{"damage_healed":0,"gold_gain":0,"player_choice":"Ignored","damage_taken":0,"max_hp_gain":0,"max_hp_loss":0,"event_name":"Tomb of Lord Red Mask","floor":38,"gold_loss":0},{"damage_healed":0,"gold_gain":0,"player_choice":"UP UP UP UP ","damage_taken":73,"relics_obtained":[],"max_hp_gain":0,"max_hp_loss":0,"event_name":"betterSkull:BetterSkull","floor":39,"gold_loss":0,"cards_upgraded":["Seeing Red","Metallicize","Seeing Red","Capacitor"]},{"cards_removed":["Coolheaded"],"damage_healed":0,"gold_gain":0,"player_choice":"Removed Skill","damage_taken":0,"max_hp_gain":0,"max_hp_loss":0,"event_name":"Falling","floor":47,"gold_loss":0}],"is_beta":false,"boss_relics":[{"not_picked":["Philosopher\u0027s Stone","Velvet Choker"],"picked":"Coffee Dripper"},{"not_picked":["Snecko Eye","Busted Crown"],"picked":"Sozu"}],"items_purged_floors":[],"is_endless":false,"potions_floor_spawned":[2,8,11,14,16,18,24,25,31,33,37,44,45,48],"ascension_level":1}}