{"host":"pjs3onqg3oojtp5b","time":1613570078,"event":{"mods":["2.2 Compatiblity","AchievementEnabler","Act Like it!","BaseMod","Better Match","Better Third Choice","Colored Powertips","DeckTracker","Highlight Path","Minty Spire (QoL Compilation)","StSLib"],"gold_per_floor":[99,99,99,49,49,49,49,49,49,49,49,49,49,49,49,49,49,49,49,49,49,49,49,49,49,49,49,49,49,49,49,49,49,49,49,49,49,49,49,49,49,49,49,49,49,49,49,49,49,49],"floor_reached":51,"language":"ENG","playtime":1702,"items_purged":[],"score":1169,"play_id":"06d5aaec-f4ec-4ba8-a060-e8ef8c8414cd","local_time":"20210217145438","is_ascension_mode":true,"campfire_choices":[{"data":"Rupture","floor":6.0,"key":"SMITH"},{"floor":8.0,"key":"REST"},{"data":"Offering","floor":10.0,"key":"SMITH"},{"data":"Combust","floor":12.0,"key":"SMITH"},{"data":"Rupture","floor":15.0,"key":"SMITH"},{"floor":24.0,"key":"REST"},{"data":"Offering","floor":30.0,"key":"SMITH"},{"floor":32.0,"key":"REST"},{"floor":40.0,"key":"REST"},{"floor":42.0,"key":"REST"},{"floor":47.0,"key":"REST"},{"floor":49.0,"key":"REST"}],"circlet_count":0,"master_deck":["Strike_R","Strike_R","Strike_R","Strike_R","Defend_R","Defend_R","Defend_R","Defend_R","Bash","Rupture+1","Twin Strike","Combust+1","Offering+1","Bloodletting","Rupture+1","Reaper","Sword Boomerang","Shrug It Off+1","Offering+1","Intimidate","Iron Wave","Brutality","Blood for Blood+1","Limit Break","Iron Wave+1","Pummel","Parasite"],"relics":["Ectoplasm","StrikeDummy","Shuriken","Philosopher\u0027s Stone","Bag of Marbles","Strawberry","Red Skull","Mark of Pain","Smiling Mask","Akabeko","Peace Pipe","Calipers"],"acts_visited":["Exordium","TheCity","TheBeyond"],"potions_floor_usage":[],"damage_taken":[{"damage":5.0,"enemies":"Small Slimes","floor":1.0,"turns":3.0},{"damage":2.0,"enemies":"Jaw Worm","floor":2.0,"turns":4.0},{"damage":1.0,"enemies":"Cultist","floor":3.0,"turns":3.0},{"damage":24.0,"enemies":"3 Sentries","floor":7.0,"turns":5.0},{"damage":10.0,"enemies":"Large Slime","floor":13.0,"turns":3.0},{"damage":8.0,"enemies":"Lots of Slimes","floor":14.0,"turns":2.0},{"damage":10.0,"enemies":"Slime Boss","floor":16.0,"turns":4.0},{"damage":10.0,"enemies":"Spheric Guardian","floor":18.0,"turns":3.0},{"damage":44.0,"enemies":"3 Byrds","floor":19.0,"turns":3.0},{"damage":8.0,"enemies":"Book of Stabbing","floor":23.0,"turns":2.0},{"damage":24.0,"enemies":"Gremlin Leader","floor":25.0,"turns":4.0},{"damage":29.0,"enemies":"Snecko","floor":27.0,"turns":3.0},{"damage":18.0,"enemies":"Chosen and Byrds","floor":28.0,"turns":3.0},{"damage":15.0,"enemies":"Centurion and Healer","floor":29.0,"turns":1.0},{"damage":18.0,"enemies":"Snecko","floor":31.0,"turns":3.0},{"damage":48.0,"enemies":"Champ","floor":33.0,"turns":4.0},{"damage":18.0,"enemies":"Orb Walker","floor":35.0,"turns":2.0},{"damage":7.0,"enemies":"3 Shapes","floor":36.0,"turns":3.0},{"damage":45.0,"enemies":"Maw","floor":37.0,"turns":4.0},{"damage":36.0,"enemies":"Sphere and 2 Shapes","floor":39.0,"turns":4.0},{"damage":45.0,"enemies":"Nemesis","floor":41.0,"turns":3.0},{"damage":13.0,"enemies":"Mind Bloom Boss Battle","floor":44.0,"turns":5.0},{"damage":30.0,"enemies":"Writhing Mass","floor":45.0,"turns":4.0},{"damage":9.0,"enemies":"Reptomancer","floor":48.0,"turns":3.0},{"damage":97,"enemies":"Awakened One","floor":50,"turns":6}],"seed_played":"-8013167316209652914","potions_obtained":[{"floor":1.0,"key":"SkillPotion"},{"floor":3.0,"key":"SpeedPotion"},{"floor":16.0,"key":"SkillPotion"},{"floor":19.0,"key":"Swift Potion"},{"floor":25.0,"key":"FairyPotion"},{"floor":29.0,"key":"Regen Potion"},{"floor":36.0,"key":"SpeedPotion"},{"floor":37.0,"key":"Block Potion"},{"floor":44.0,"key":"Explosive Potion"}],"is_trial":false,"path_per_floor":["M","M","M","?","?","R","E","R","T","R","$","R","M","M","R","B",null,"M","M","$","?","$","E","R","E","T","M","M","M","R","M","R","B",null,"M","M","M","?","M","R","E","R","T","?","M","?","R","E","R","B",null],"character_chosen":"IRONCLAD","items_purchased":[],"campfire_rested":7,"item_purchase_floors":[],"current_hp_per_floor":[67,65,64,64,53,53,29,53,53,53,53,53,43,35,35,25,66,56,18,18,18,18,10,34,62,62,33,34,63,63,58,84,41,76,58,51,6,6,26,52,19,45,45,32,2,2,28,19,45,9],"gold":49,"neow_bonus":"BOSS_RELIC","is_daily":false,"chose_seed":false,"campfire_upgraded":5,"win_rate":0.0,"timestamp":1613570078,"path_taken":["M","M","M","?","?","R","E","R","T","R","?","R","M","M","R","BOSS","M","M","?","?","$","E","R","E","T","?","M","M","R","M","R","BOSS","M","M","M","?","M","R","E","R","T","?","M","?","R","E","R","BOSS"],"items_purchased_type":[],"build_version":"2020-12-22","purchased_purges":0,"victory":true,"max_hp_per_floor":[80,80,80,80,80,80,80,80,80,80,80,80,80,80,80,80,80,80,80,80,80,80,80,80,87,87,87,87,87,87,87,87,87,87,87,87,87,87,87,87,87,87,87,87,87,87,87,87,87,87],"card_choices":[{"not_picked":["Seeing Red","Flex"],"picked":"Rupture","floor":1.0},{"not_picked":["Wild Strike","Infernal Blade"],"picked":"Twin Strike","floor":2.0},{"not_picked":["Seeing Red","Flex"],"picked":"Combust","floor":3.0},{"not_picked":["Cleave","Searing Blow"],"picked":"Offering","floor":7.0},{"not_picked":["Body Slam","Pommel Strike"],"picked":"Bloodletting","floor":13.0},{"not_picked":["Warcry","Heavy Blade"],"picked":"Rupture","floor":14.0},{"not_picked":["Juggernaut","Limit Break"],"picked":"Reaper","floor":16.0},{"not_picked":["True Grit","Fire Breathing"],"picked":"Sword Boomerang","floor":18.0},{"not_picked":["Headbutt+1","Second Wind","Seeing Red+1"],"picked":"SKIP","floor":19.0},{"not_picked":["Pommel Strike+1","Battle Trance"],"picked":"Shrug It Off+1","floor":23.0},{"not_picked":["Ghostly Armor","Searing Blow"],"picked":"Offering","floor":25.0},{"not_picked":["Sever Soul+1","Thunderclap"],"picked":"Intimidate","floor":27.0},{"not_picked":["Wild Strike","True Grit","Cleave"],"picked":"SKIP","floor":28.0},{"not_picked":["Headbutt+1","Fire Breathing"],"picked":"Iron Wave","floor":29.0},{"not_picked":["Intimidate","Feel No Pain"],"picked":"Combust","floor":31.0},{"not_picked":["Impervious","Fiend Fire"],"picked":"Brutality","floor":33.0},{"not_picked":["Pommel Strike","Flex+1","Twin Strike+1"],"picked":"SKIP","floor":35.0},{"not_picked":["Havoc","Perfected Strike+1"],"picked":"Blood for Blood+1","floor":36.0},{"not_picked":["Sentinel+1","Disarm+1"],"picked":"Limit Break","floor":37.0},{"not_picked":["Infernal Blade+1","Headbutt","Cleave"],"picked":"SKIP","floor":39.0},{"not_picked":["Flex+1","Exhume"],"picked":"Iron Wave+1","floor":41.0},{"not_picked":["Thunderclap","Sword Boomerang"],"picked":"Pummel","floor":44.0},{"not_picked":["Heavy Blade","Iron Wave","Pummel"],"picked":"SKIP","floor":45.0},{"not_picked":["Battle Trance+1","Seeing Red+1","Blood for Blood"],"picked":"SKIP","floor":48.0}],"player_experience":341021,"relics_obtained":[{"floor":7.0,"key":"StrikeDummy"},{"floor":9.0,"key":"Shuriken"},{"floor":23.0,"key":"Bag of Marbles"},{"floor":25.0,"key":"Strawberry"},{"floor":26.0,"key":"Red Skull"},{"floor":41.0,"key":"Smiling Mask"},{"floor":43.0,"key":"Akabeko"},{"floor":44.0,"key":"Peace Pipe"},{"floor":48.0,"key":"Calipers"}],"event_choices":[{"cards_removed":["Strike_R"],"damage_healed":0.0,"max_hp_gain":0.0,"max_hp_loss":0.0,"gold_gain":0.0,"event_name":"The Cleric","player_choice":"Card Removal","floor":4.0,"gold_loss":50.0,"damage_taken":0.0},{"damage_healed":0.0,"max_hp_gain":0.0,"max_hp_loss":0.0,"gold_gain":75.0,"event_name":"betterThird:BetterGoop","player_choice":"Gold","floor":5.0,"gold_loss":0.0,"damage_taken":11.0},{"damage_healed":0.0,"max_hp_gain":0.0,"max_hp_loss":0.0,"gold_gain":0.0,"event_name":"Golden Shrine","player_choice":"Ignored","floor":21.0,"gold_loss":0.0,"damage_taken":0.0},{"cards_removed":["Combust"],"damage_healed":0.0,"max_hp_gain":0.0,"max_hp_loss":0.0,"gold_gain":0.0,"event_name":"Falling","player_choice":"Removed Power","floor":38.0,"gold_loss":0.0,"damage_taken":0.0},{"damage_healed":0.0,"max_hp_gain":0.0,"max_hp_loss":0.0,"gold_gain":0.0,"event_name":"MindBloom","player_choice":"Fight","floor":44.0,"gold_loss":0.0,"damage_taken":0.0},{"damage_healed":0.0,"max_hp_gain":0.0,"max_hp_loss":0.0,"gold_gain":0.0,"event_name":"Mysterious Sphere","player_choice":"Ignored","floor":46.0,"gold_loss":0.0,"damage_taken":0.0}],"is_beta":false,"boss_relics":[{"not_picked":["Empty Cage","Pandora\u0027s Box"],"picked":"Philosopher\u0027s Stone"},{"not_picked":["Runic Pyramid","Calling Bell"],"picked":"Mark of Pain"}],"items_purged_floors":[],"is_endless":false,"potions_floor_spawned":[1,3,16,19,25,29,36,37,44],"ascension_level":9}}