{"host":"iovigr651ajk16h5","time":1613591806,"event":{"mods":["2.2 Compatiblity","AchievementEnabler","Aspiration","BaseMod","Better Altar","Better Match","Better Note","Better Sensory Stone","Better Skull","Better Third Choice","Block Reminder","Colored Map","Ekko","Energized Spire","GifTheSpireLib","GungeonMod","Halation","Hermit","Highlight Path","Hubris","Infinite Spire","Koishi","Luminous","Marisa????????","Minty Spire (QoL Compilation)","Nova Terra(??·??)","Onozuka Komachi Mod","Permanent Neow","Prisma Mod","Quick Restart","Railgun Mod","Remilia??????","Replay The Spire","StSLib","Stuff the Spire","Td1madao Mod","The Administrix","The Bladedancer","The Bug Knight","The Construct","The Marked","TheSwordswoman","Trackpad","Waifu the Spire","WarShipGirlsR/????R mod","everything is the same but u backflip on backflip"],"gold_per_floor":[112,112,131,131,60,60,85,85,110,128,143,143,154,165,165,165,165],"floor_reached":16,"language":"ENG","playtime":1115,"items_purged":[],"score":102,"play_id":"58e26403-bf6e-44b8-9413-f0d266179120","local_time":"20210217145646","is_ascension_mode":false,"campfire_choices":[{"data":"MasterSpark","floor":6.0,"key":"SMITH"},{"data":"StarlightTyphoon","floor":12.0,"key":"SMITH"},{"data":"MachineGunSpark","floor":15.0,"key":"SMITH"}],"circlet_count":0,"master_deck":["Strike_MRS","Strike_MRS","Strike_MRS","Strike_MRS","Defend_MRS","Defend_MRS","Defend_MRS","Defend_MRS","MasterSpark+1","UpSweep+1","MillisecondPulsars","GalacticHalo","AsteroidBelt","StuffTheSpire:Innocence","MachineGunSpark+1","Parasite","Parasite","GrandCross","GalacticHalo","StarlightTyphoon+1","BlazeAway","FairyDestructionRay"],"relics":["MiniHakkero","ShroomBag","Strawberry"],"acts_visited":["Exordium"],"potions_floor_usage":[],"damage_taken":[{"damage":6.0,"enemies":"Cultist","floor":1.0,"turns":3.0},{"damage":0.0,"enemies":"Jaw Worm","floor":3.0,"turns":3.0},{"damage":17.0,"enemies":"3 Sentries","floor":7.0,"turns":8.0},{"damage":5.0,"enemies":"Small Slimes","floor":10.0,"turns":3.0},{"damage":0.0,"enemies":"Exordium Wildlife","floor":11.0,"turns":5.0},{"damage":0.0,"enemies":"Large Slime","floor":13.0,"turns":5.0},{"damage":0.0,"enemies":"Red Slaver","floor":14.0,"turns":4.0},{"damage":3,"enemies":"Slime Boss","floor":16,"turns":6}],"seed_played":"-525958725697731909","potions_obtained":[{"floor":1.0,"key":"SkillPotion"},{"floor":7.0,"key":"Explosive Potion"},{"floor":13.0,"key":"Energy Potion"}],"is_trial":false,"path_per_floor":["M","?","M","?","$","R","E","?","T","M","M","R","M","M","R","B"],"character_chosen":"MARISA","items_purchased":["MachineGunSpark"],"campfire_rested":0,"item_purchase_floors":[5],"current_hp_per_floor":[69,69,69,62,62,62,45,45,52,51,55,55,59,63,63,64,64],"gold":165,"neow_bonus":"ONE_RANDOM_RARE_CARD","is_daily":false,"chose_seed":false,"campfire_upgraded":3,"win_rate":0.0,"timestamp":1613591806,"path_taken":["M","?","M","?","$","R","E","?","T","M","?","R","M","M","R","BOSS"],"items_purchased_type":["Card"],"build_version":"2020-12-22","purchased_purges":0,"victory":false,"max_hp_per_floor":[75,75,75,75,75,75,75,75,82,82,82,82,82,82,82,82,82],"card_choices":[{"not_picked":["ShootingEcho","WitchLeyline"],"picked":"GalacticHalo","floor":1.0},{"not_picked":["EventHorizon","DeepEcoloBomb"],"picked":"AsteroidBelt","floor":3.0},{"not_picked":["AbsoluteMagnitude","UnstableBomb"],"picked":"GrandCross","floor":7.0},{"not_picked":["Acceleration","Orbital"],"picked":"GalacticHalo","floor":10.0},{"not_picked":["GrandCross","Occultation"],"picked":"StarlightTyphoon","floor":11.0},{"not_picked":["WitchOfGreed","DragonMeteor"],"picked":"BlazeAway","floor":13.0},{"not_picked":["UnstableBomb","ShootingEcho"],"picked":"FairyDestructionRay","floor":14.0}],"player_experience":352555,"relics_obtained":[{"floor":7.0,"key":"ShroomBag"},{"floor":9.0,"key":"Strawberry"}],"event_choices":[{"damage_healed":0.0,"max_hp_gain":0.0,"max_hp_loss":0.0,"gold_gain":1.0,"event_name":"betterThird:BetterScrap","player_choice":"LEAVE","floor":8.0,"gold_loss":0.0,"damage_taken":0.0,"cards_obtained":["Crippling Poison"]}],"is_beta":false,"boss_relics":[],"items_purged_floors":[],"is_endless":false,"potions_floor_spawned":[1,7,13],"killed_by":"Slime Boss","ascension_level":0}}