{"host":"eglukmwb6rueyn6u","time":1613585935,"event":{"mods":["AchievementEnabler","BaseMod","Colored Powertips","Highlight Path","Minty Spire (QoL Compilation)"],"gold_per_floor":[110,60,77,77,9,9,9,9,9,22,22,38,38,38,38,138,138,155,166,166,166],"floor_reached":20,"language":"ENG","playtime":829,"items_purged":[],"score":162,"play_id":"6f35f08b-38d8-4cfe-bbed-6aefcd25e16a","local_time":"20210217201855","is_ascension_mode":false,"campfire_choices":[{"data":"Bouncing Flask","floor":6.0,"key":"SMITH"},{"data":"Caltrops","floor":8.0,"key":"SMITH"},{"data":"Blur","floor":11.0,"key":"SMITH"},{"data":"Adrenaline","floor":15.0,"key":"SMITH"}],"circlet_count":0,"master_deck":["Strike_G","Strike_G","Strike_G","Defend_G","Defend_G","Defend_G","Defend_G","Survivor","Neutralize","Bouncing Flask+1","Blur+1","Caltrops+1","Prepared","Adrenaline+1","Venomology","Deadly Poison"],"relics":["Ring of the Snake","Bag of Marbles","Dream Catcher","SacredBark"],"acts_visited":["Exordium","TheCity"],"potions_floor_usage":[19,20,20],"damage_taken":[{"damage":0.0,"enemies":"Small Slimes","floor":1.0,"turns":3.0},{"damage":1.0,"enemies":"2 Louse","floor":3.0,"turns":3.0},{"damage":0.0,"enemies":"Cultist","floor":10.0,"turns":3.0},{"damage":4.0,"enemies":"Large Slime","floor":12.0,"turns":7.0},{"damage":5.0,"enemies":"The Guardian","floor":16.0,"turns":9.0},{"damage":0.0,"enemies":"3 Byrds","floor":18.0,"turns":3.0},{"damage":14,"enemies":"Spheric Guardian","floor":19,"turns":4},{"damage":5,"enemies":"Centurion and Healer","floor":20,"turns":5}],"seed_played":"-8429532183310831358","potions_obtained":[{"floor":1.0,"key":"Block Potion"},{"floor":16.0,"key":"Weak Potion"},{"floor":18.0,"key":"SteroidPotion"}],"is_trial":false,"path_per_floor":["M","?","M","?","$","R","$","R","T","M","R","M","$","?","R","B",null,"M","M","M"],"character_chosen":"THE_SILENT","items_purchased":["Caltrops"],"campfire_rested":0,"item_purchase_floors":[5],"current_hp_per_floor":[70,70,69,69,69,69,69,69,69,69,69,65,65,65,65,60,70,70,56,51,51],"gold":166,"neow_bonus":"RANDOM_COMMON_RELIC","is_daily":false,"chose_seed":false,"campfire_upgraded":4,"win_rate":0.0,"timestamp":1613585935,"path_taken":["M","?","M","?","$","R","$","R","T","?","R","M","$","?","R","BOSS","M","M","M"],"items_purchased_type":["Card"],"build_version":"2020-12-22","purchased_purges":0,"victory":false,"max_hp_per_floor":[70,70,70,70,70,70,70,70,70,70,70,70,70,70,70,70,70,70,70,70,70],"card_choices":[{"not_picked":["Skewer","Acrobatics"],"picked":"Bouncing Flask","floor":1.0},{"not_picked":["Poisoned Stab","Bane"],"picked":"Blur","floor":3.0},{"not_picked":["Underhanded Strike","PiercingWail"],"picked":"Prepared","floor":10.0},{"not_picked":["Slice","Eviscerate"],"picked":"Adrenaline","floor":12.0},{"not_picked":["A Thousand Cuts","Bullet Time"],"picked":"Venomology","floor":16.0},{"not_picked":["Expertise","Dash"],"picked":"Deadly Poison","floor":18.0},{"not_picked":["Masterful Stab","PiercingWail","Cloak And Dagger"],"picked":"SKIP","floor":19}],"player_experience":88003,"relics_obtained":[{"floor":9.0,"key":"Dream Catcher"}],"event_choices":[{"cards_removed":["Strike_G"],"damage_healed":0.0,"max_hp_gain":0.0,"max_hp_loss":0.0,"gold_gain":0.0,"event_name":"The Cleric","player_choice":"Card Removal","floor":2.0,"gold_loss":50.0,"damage_taken":0.0},{"cards_removed":["Defend_G"],"damage_healed":0.0,"max_hp_gain":0.0,"max_hp_loss":0.0,"gold_gain":0.0,"event_name":"Purifier","player_choice":"Purged","floor":4.0,"gold_loss":0.0,"damage_taken":0.0},{"cards_removed":["Strike_G"],"damage_healed":0.0,"max_hp_gain":0.0,"max_hp_loss":0.0,"gold_gain":0.0,"event_name":"Bonfire Elementals","player_choice":"Offered Basic","floor":14.0,"gold_loss":0.0,"damage_taken":0.0}],"is_beta":false,"boss_relics":[{"not_picked":["Velvet Choker","Philosopher\u0027s Stone"],"picked":"SacredBark"}],"items_purged_floors":[],"is_endless":false,"potions_floor_spawned":[1,16,18],"killed_by":"Centurion and Healer","ascension_level":0}}