{"host":"zxkjcgzis4pm3za5","time":1613573696,"event":{"mods":["2.2 Compatiblity","AchievementEnabler","BaseMod","Colored Map","Colored Powertips","Minty Spire (QoL Compilation)","Quick Restart","Random Character Button","Relic Filter Mod","Relic Sorter","Relic Stats","StSLib"],"gold_per_floor":[111,111,111,127,127,160,160,204,216,228,240,252,288,320,332,344,344],"floor_reached":16,"language":"ENG","playtime":242,"items_purged":[],"score":266,"play_id":"0b93ad24-9546-4a57-99f9-e7fe0e0f6d0d","local_time":"20210217202456","is_ascension_mode":true,"campfire_choices":[{"data":"Zap","floor":7,"key":"SMITH"},{"floor":10,"key":"REST"},{"data":"Static Discharge","floor":15,"key":"SMITH"}],"circlet_count":0,"master_deck":["AscendersBane","Strike_B","Strike_B","Strike_B","Defend_B","Defend_B","Defend_B","Defend_B","Zap+1","Dualcast","Rip and Tear","BootSequence","Thunder Strike","FTL","Glacier","Static Discharge+1"],"relics":["Cracked Core","NeowsBlessing","HornCleat","Golden Idol","Art of War","MawBank"],"acts_visited":["Exordium"],"potions_floor_usage":[12],"damage_taken":[{"damage":0,"enemies":"Cultist","floor":1,"turns":1},{"damage":0,"enemies":"2 Louse","floor":4,"turns":1},{"damage":0,"enemies":"Gremlin Nob","floor":6,"turns":1},{"damage":26,"enemies":"Lagavulin","floor":8,"turns":6},{"damage":0,"enemies":"Jaw Worm","floor":13,"turns":3},{"damage":0,"enemies":"3 Louse","floor":14,"turns":3},{"damage":42,"enemies":"The Guardian","floor":16,"turns":6}],"seed_played":"-7856653847456928559","potions_obtained":[{"floor":8,"key":"Swift Potion"},{"floor":12,"key":"Fruit Juice"},{"floor":12,"key":"PotionOfCapacity"},{"floor":13,"key":"Dexterity Potion"}],"is_trial":false,"path_per_floor":["M","?","?","M","?","E","R","E","T","R","$","?","M","M","R","B"],"character_chosen":"DEFECT","items_purchased":[],"campfire_rested":1,"item_purchase_floors":[],"current_hp_per_floor":[64,64,64,64,40,40,40,14,14,35,35,40,40,40,40,0,0],"gold":344,"neow_bonus":"THREE_ENEMY_KILL","is_daily":false,"chose_seed":false,"campfire_upgraded":2,"win_rate":0.0,"timestamp":1613573696,"path_taken":["M","?","?","?","?","E","R","E","T","R","$","?","?","M","R","BOSS"],"items_purchased_type":[],"build_version":"2020-12-22","purchased_purges":0,"victory":false,"max_hp_per_floor":[71,71,71,71,71,71,71,71,71,71,71,76,76,76,76,76,76],"relic_stats":{"counters":[7,21],"Golden Idol":25,"Art of War":[3],"MawBank":96,"obtain_stats":[{"HornCleat":3,"NeowsBlessing":0,"Golden Idol":5,"Art of War":6,"Cracked Core":0,"MawBank":8},{"HornCleat":1,"NeowsBlessing":0,"Golden Idol":2,"Art of War":3,"Cracked Core":0,"MawBank":4},{"HornCleat":1,"NeowsBlessing":0,"Golden Idol":2,"Art of War":3,"Cracked Core":0,"MawBank":9}]},"card_choices":[{"not_picked":["Hologram","Recycle"],"picked":"Cold Snap","floor":1},{"not_picked":["Chaos","Hello World"],"picked":"BootSequence","floor":4},{"not_picked":["Barrage","Compile Driver"],"picked":"Thunder Strike","floor":6},{"not_picked":["Beam Cell","Stack"],"picked":"FTL","floor":8},{"not_picked":["Hologram","Recycle"],"picked":"Glacier","floor":13},{"not_picked":["Sweeping Beam","Consume"],"picked":"Static Discharge","floor":14}],"player_experience":386316,"relics_obtained":[{"floor":6,"key":"Art of War"},{"floor":8,"key":"MawBank"}],"event_choices":[{"damage_healed":0,"gold_gain":0,"cards_transformed":["Strike_B"],"player_choice":"Change","damage_taken":0,"max_hp_gain":0,"max_hp_loss":0,"event_name":"Living Wall","floor":2,"gold_loss":0,"cards_obtained":["Rip and Tear"]},{"cards_removed":["Cold Snap"],"damage_healed":0,"gold_gain":0,"player_choice":"Gave Card","damage_taken":0,"relics_obtained":["HornCleat"],"max_hp_gain":0,"max_hp_loss":0,"event_name":"WeMeetAgain","floor":3,"gold_loss":0},{"damage_healed":0,"gold_gain":0,"player_choice":"Take Damage","damage_taken":24,"relics_obtained":["Golden Idol"],"max_hp_gain":0,"max_hp_loss":0,"event_name":"Golden Idol","floor":5,"gold_loss":0},{"damage_healed":0,"gold_gain":0,"player_choice":"Got Potions","damage_taken":0,"max_hp_gain":0,"max_hp_loss":0,"event_name":"Lab","floor":12,"gold_loss":0}],"is_beta":false,"boss_relics":[],"items_purged_floors":[],"is_endless":false,"potions_floor_spawned":[8,13,14],"killed_by":"The Guardian","ascension_level":20}}