{"host":"g1wmg2w41xhsnw8g","time":1613527370,"event":{"mods":["2.2 Compatiblity","Act Like it!","Aspiration","BaseMod","Better Altar","Better Match","Better Note","Better Sensory Stone","Better Skull","Better Third Choice","BetterRewards","Booster Modes","CapriCore","Colored Map","Colored Powertips","Defuse TimeMaze Blight","Displayed Cursed Tome","Evolution","Extra Virgin Snecko Oil","Fox Events","Friendly Minions","GifTheSpireLib","Good Game Mod","Googly Eyes","Hubris","Infinite Spire","Jedi Mod","Minty Spire (QoL Compilation)","Red Circlet Mod","Relic Filter Mod","Relic Sorter","Reliquary","Ruina","SCP261 Mod","Shapeshifter Mod","Shop Mod","Small Relic Pack","Smile Girya","Spicy Shops","Spikes Relics","StSLib","Strawberry Spire","The Hayseed","The Runesmith","The Sage","Trackpad","Transform Curses","Wandering Minibosses","????"],"gold_per_floor":[115,125,140,140,153,183,183,215,238,271,289,317,317,317,10,124,136,160,172,184,206,218,258,270,232,232],"floor_reached":25,"language":"ENG","playtime":1286,"items_purged":[],"score":339,"play_id":"15063ae3-a4a6-4543-adac-ba147d4c4c87","local_time":"20210216210250","daily_mods":["SealedDeck","Specialized","Heirloom","Elite Swarm"],"is_ascension_mode":true,"campfire_choices":[{"data":"Apotheosis","floor":7.0,"key":"SMITH"}],"circlet_count":0,"master_deck":["StSShapeShifter:Earthquake","StSShapeShifter:Earthquake","StSShapeShifter:Roar","StSShapeShifter:RockSlide","StSShapeShifter:BloomingSlash","StSShapeShifter:SquirrelForm","StSShapeShifter:WaspSwarmForm","StSShapeShifter:PantherForm+1","StSShapeShifter:BaskInBloom","StSShapeShifter:Hunt","StSShapeShifter:Spring","StSShapeShifter:TopazSkin","Pain","Apotheosis+1","StSShapeShifter:SpiritOfTheEarth","StSShapeShifter:MooseForm","StSShapeShifter:DragonForm","StSShapeShifter:ReplenishingNectar","StSShapeShifter:BurrBomb","infinitespire:NeuralNetwork","StSShapeShifter:EmbraceTheCycle","StSShapeShifter:BurstOfLifeEscapeDeath","StSShapeShifter:UnicornForm","StSShapeShifter:WolfsBane","relicPack:TruthCard","Alpha","StSShapeShifter:Autumn","ruina:Lumber"],"relics":["StSShapeShifter:AnimalHeart","StSShapeShifter:TheShapeShiftersMagnolia","EVO:Axolotl","REME:ComplimentaryCards","StSShapeShifter:AlarmClock","WarpedTongs","reliquary:RoseTintedGlasses","Ginger","relicPack:OneForAll","MerchantsRug","MawBank","SlaversCollar","ruina:Prescript","reliquary:Stiletto","relicPack:EdsArm"],"acts_visited":["Exordium","Exordium"],"potions_floor_usage":[18],"damage_taken":[{"damage":0.0,"enemies":"2 Louse","floor":1.0,"turns":1.0},{"damage":4.0,"enemies":"Cultist","floor":2.0,"turns":4.0},{"damage":0.0,"enemies":"Jaw Worm","floor":3.0,"turns":1.0},{"damage":2.0,"enemies":"Large Slime","floor":5.0,"turns":3.0},{"damage":6.0,"enemies":"strawberrySpire:EnergyPylons","floor":6.0,"turns":1.0},{"damage":0.0,"enemies":"Gremlin Nob","floor":8.0,"turns":2.0},{"damage":1.0,"enemies":"3 Sentries","floor":10.0,"turns":2.0},{"damage":0.0,"enemies":"Looter","floor":11.0,"turns":1.0},{"damage":23.0,"enemies":"Gremlin Nob","floor":12.0,"turns":6.0},{"damage":34.0,"enemies":"Slime Boss","floor":16.0,"turns":3.0},{"damage":0,"enemies":"ruina:2_Scarecrows","floor":18,"turns":3},{"damage":13,"enemies":"ruina:Nosferatu","floor":21,"turns":5},{"damage":2,"enemies":"Nightmare","floor":23,"turns":6},{"damage":105,"enemies":"ruina:KnightOfDespair","floor":25,"turns":6}],"seed_played":"4567628470024917365","potions_obtained":[{"floor":1.0,"key":"SCP261:BarrettColaPotion"},{"floor":5.0,"key":"GamblersBrew"},{"floor":11.0,"key":"Fire Potion"},{"floor":16.0,"key":"FearPotion"}],"is_trial":true,"path_per_floor":["M","M","M","?","M","E","R","E","T","E","M","E","?","?","R","B",null,"M","?","$","M","?","NM","?","M"],"character_chosen":"SHAPESHIFTER","items_purchased":["MerchantsRug","MawBank","StSShapeShifter:EmbraceTheCycle"],"campfire_rested":0,"item_purchase_floors":[15,15,15],"current_hp_per_floor":[78,74,74,74,72,66,66,66,73,76,76,63,43,43,43,13,85,85,85,85,75,75,84,80,0,0],"gold":232,"neow_bonus":"","is_daily":false,"chose_seed":false,"campfire_upgraded":1,"win_rate":0.0,"timestamp":1613527370,"path_taken":["M","M","M","?","M","E","R","E","T","E","?","E","?","?","R","BOSS","M","?","$","M","?","NM","?","M"],"items_purchased_type":["Relic","Relic","Card"],"build_version":"2020-12-22","purchased_purges":0,"victory":false,"max_hp_per_floor":[78,78,78,78,78,78,78,78,85,85,85,85,85,85,85,85,85,85,85,85,85,85,85,80,80,80],"card_choices":[{"not_picked":["StSShapeShifter:SunflowerShuriken","StSShapeShifter:MonkeyForm","StSShapeShifter:DeerForm"],"picked":"SKIP","floor":1.0},{"not_picked":["StSShapeShifter:HummingbirdForm","StSShapeShifter:Rest"],"picked":"StSShapeShifter:GoldenBerries","floor":2.0},{"not_picked":["StSShapeShifter:FallingLeaves","StSShapeShifter:MonkeyForm"],"picked":"StSShapeShifter:TopazSkin","floor":3.0},{"not_picked":["StSShapeShifter:DiverseSpirit","StSShapeShifter:Mystical_Branch"],"picked":"StSShapeShifter:SpiritOfTheEarth","floor":5.0},{"not_picked":["StSShapeShifter:Winter","StSShapeShifter:Forgiveness"],"picked":"StSShapeShifter:RestoreBalance","floor":6.0},{"not_picked":["StSShapeShifter:Winter","StSShapeShifter:Autumn"],"picked":"StSShapeShifter:MooseForm","floor":8.0},{"not_picked":["StSShapeShifter:WolfsBane","StSShapeShifter:RitualOfTheElders"],"picked":"StSShapeShifter:DragonForm","floor":10.0},{"not_picked":["StSShapeShifter:Sapling","StSShapeShifter:FesteringBite"],"picked":"StSShapeShifter:ReplenishingNectar","floor":11.0},{"not_picked":["StSShapeShifter:SkullBash","StSShapeShifter:HydraForm"],"picked":"StSShapeShifter:BurrBomb","floor":12.0},{"not_picked":["infinitespire:SevenWalls","hubris:Rewind"],"picked":"infinitespire:NeuralNetwork","floor":13.0},{"not_picked":["StSShapeShifter:Summer","StSShapeShifter:Sap_Burst"],"picked":"StSShapeShifter:BurstOfLifeEscapeDeath","floor":16.0},{"not_picked":["StSShapeShifter:LeapingSlash","StSShapeShifter:Maul","StSShapeShifter:BladeOfGrass"],"picked":"SKIP","floor":18},{"not_picked":["StSShapeShifter:HummingbirdForm","StSShapeShifter:BarkSkin+1","StSShapeShifter:Flourish+1"],"picked":"SKIP","floor":21},{"not_picked":["StSShapeShifter:SkullBash","StSShapeShifter:PhoenixForm"],"picked":"StSShapeShifter:WolfsBane","floor":23}],"player_experience":1304069,"relics_obtained":[{"floor":6.0,"key":"reliquary:Buckler"},{"floor":8.0,"key":"trackpad:WritersBlock"},{"floor":9.0,"key":"Strawberry"},{"floor":10.0,"key":"reliquary:RoseTintedGlasses"},{"floor":12.0,"key":"Ginger"},{"floor":23,"key":"reliquary:Stiletto"}],"event_choices":[{"damage_healed":0.0,"max_hp_gain":0.0,"max_hp_loss":0.0,"gold_gain":0.0,"event_name":"Accursed Blacksmith","player_choice":"Rummage","floor":4.0,"gold_loss":0.0,"damage_taken":0.0,"relics_obtained":["WarpedTongs"],"cards_obtained":["Pain"]}],"is_beta":false,"boss_relics":[{"not_picked":["Tiny House","Empty Cage"],"picked":"SlaversCollar"}],"items_purged_floors":[],"is_endless":true,"potions_floor_spawned":[1,5,11,16],"killed_by":"ruina:KnightOfDespair","ascension_level":1}}