{"host":"9rqxlbwknj581inl","time":1613600868,"event":{"mods":["BaseMod","Colored Map","Colored Powertips","Minty Spire (QoL Compilation)","Quick Restart","Random Character Mod"],"gold_per_floor":[115,128,143,143,43,43,70,70,95,95,126,137,100,132,132,228,228,239,254,353,25,25,25,54,54,54,54,74,74,74,74,74,171,171,189,189,199,37,52,83,102,117,117,117,117,117],"floor_reached":45,"language":"ENG","playtime":5783,"items_purged":["Strike_B","Strike_B"],"score":479,"play_id":"117682b2-068b-49f2-ad4a-d866ea00ba58","local_time":"20210217152748","is_ascension_mode":false,"campfire_choices":[{"data":"Dualcast","floor":6,"key":"SMITH"},{"data":"Auto Shields","floor":8,"key":"SMITH"},{"floor":10,"key":"REST"},{"floor":15,"key":"REST"},{"data":"Capacitor","floor":23,"key":"SMITH"},{"data":"Tempest","floor":25,"key":"SMITH"},{"data":"Ball Lightning","floor":27,"key":"SMITH"},{"data":"Hologram","floor":30,"key":"SMITH"},{"data":"Seek","floor":32,"key":"SMITH"}],"circlet_count":0,"master_deck":["Defend_B+1","Defend_B","Defend_B","Defend_B","Zap+1","Dualcast+1","Ball Lightning+1","Ball Lightning","Lockon","Auto Shields+1","Cold Snap","Sweeping Beam","Leap","Genetic Algorithm","Hologram+1","Seek+1","Tempest+1","Capacitor+1","Chill","Genetic Algorithm","Barrage","Rebound","Coolheaded+1","Rainbow","Leap","Turbo","Skim","Capacitor","Reinforced Body+1","Streamline+1","Aggregate+1"],"relics":["Cracked Core","Centennial Puzzle","Omamori","Mercury Hourglass","Ornamental Fan","SlaversCollar","Strange Spoon","Smiling Mask","Bottled Tornado","SacredBark","HornCleat","Regal Pillow","Oddly Smooth Stone"],"acts_visited":["Exordium","TheCity","TheBeyond"],"potions_floor_usage":[16,16,28,33,39,40,41],"damage_taken":[{"damage":7,"enemies":"Small Slimes","floor":1,"turns":3},{"damage":7,"enemies":"2 Louse","floor":2,"turns":2},{"damage":6,"enemies":"Jaw Worm","floor":3,"turns":2},{"damage":15,"enemies":"3 Sentries","floor":7,"turns":5},{"damage":16,"enemies":"Gremlin Nob","floor":11,"turns":3},{"damage":0,"enemies":"2 Fungi Beasts","floor":12,"turns":2},{"damage":10,"enemies":"3 Sentries","floor":14,"turns":4},{"damage":6,"enemies":"Slime Boss","floor":16,"turns":5},{"damage":9,"enemies":"Shell Parasite","floor":18,"turns":4},{"damage":10,"enemies":"3 Byrds","floor":19,"turns":3},{"damage":11,"enemies":"Book of Stabbing","floor":24,"turns":4},{"damage":10,"enemies":"Snecko","floor":28,"turns":5},{"damage":40,"enemies":"Automaton","floor":33,"turns":9},{"damage":23,"enemies":"3 Darklings","floor":35,"turns":4},{"damage":11,"enemies":"3 Shapes","floor":37,"turns":5},{"damage":2,"enemies":"Writhing Mass","floor":39,"turns":4},{"damage":42,"enemies":"Reptomancer","floor":40,"turns":7},{"damage":38,"enemies":"Transient","floor":41,"turns":5},{"damage":19,"enemies":"Jaw Worm Horde","floor":42,"turns":6},{"damage":6,"enemies":"Sphere and 2 Shapes","floor":45,"turns":3}],"seed_played":"-5075282337000398344","potions_obtained":[{"floor":7,"key":"FocusPotion"},{"floor":11,"key":"SneckoOil"},{"floor":14,"key":"EssenceOfSteel"},{"floor":16,"key":"Weak Potion"},{"floor":18,"key":"FairyPotion"},{"floor":24,"key":"LiquidMemories"},{"floor":33,"key":"SkillPotion"},{"floor":35,"key":"FearPotion"},{"floor":37,"key":"ColorlessPotion"},{"floor":40,"key":"PowerPotion"}],"is_trial":false,"path_per_floor":["M","M","M","?","$","R","E","R","T","R","E","M","?","E","R","B",null,"M","M","?","$","?","R","E","R","T","R","M","?","R","?","R","B",null,"M","?","M","$","M","E","M","M","T","?","M"],"character_chosen":"DEFECT","items_purchased":["Auto Shields","Cold Snap","Capacitor","Strange Spoon","Chill","Skim","Capacitor"],"campfire_rested":2,"item_purchase_floors":[5,5,21,21,21,38,38],"current_hp_per_floor":[75,68,62,46,46,46,31,31,31,55,39,39,39,29,53,47,82,73,63,63,63,63,63,52,52,52,52,42,42,42,69,69,29,82,59,59,48,48,46,4,21,2,2,2,0,0],"gold":117,"neow_bonus":"TEN_PERCENT_HP_BONUS","is_daily":false,"chose_seed":false,"campfire_upgraded":7,"win_rate":0.0,"timestamp":1613600868,"path_taken":["M","M","M","?","$","R","E","R","T","R","E","M","?","E","R","BOSS","M","M","?","$","?","R","E","R","T","R","M","?","R","?","R","BOSS","M","?","M","?","M","E","M","?","T","?","M"],"items_purchased_type":["Card","Card","Card","Relic","Card","Card","Card"],"build_version":"2020-12-22","purchased_purges":2,"victory":false,"max_hp_per_floor":[82,82,82,82,82,82,82,82,82,82,82,82,82,82,82,82,82,82,82,82,82,82,82,82,82,82,82,82,82,82,82,82,82,82,82,82,82,82,82,82,82,82,82,82,82,82],"card_choices":[{"not_picked":["Hologram","Sweeping Beam"],"picked":"Ball Lightning","floor":1},{"not_picked":["Sweeping Beam","Go for the Eyes"],"picked":"Ball Lightning","floor":2},{"not_picked":["Redo","White Noise"],"picked":"Lockon","floor":3},{"not_picked":["Gash","Double Energy"],"picked":"Sweeping Beam","floor":7},{"not_picked":["Hyperbeam","Sunder"],"picked":"Leap","floor":11},{"not_picked":["Barrage","Rebound"],"picked":"Genetic Algorithm","floor":12},{"not_picked":["Core Surge","Double Energy"],"picked":"Hologram","floor":14},{"not_picked":["Amplify","Machine Learning"],"picked":"Seek","floor":16},{"not_picked":["Coolheaded+1","Cold Snap"],"picked":"Tempest","floor":18},{"not_picked":["Blizzard","Leap","Cold Snap"],"picked":"SKIP","floor":19},{"not_picked":["Compile Driver","Barrage"],"picked":"Rebound","floor":24},{"not_picked":["Gash","Sunder"],"picked":"Coolheaded+1","floor":28},{"not_picked":["Biased Cognition","Core Surge"],"picked":"Rainbow","floor":33},{"not_picked":["Storm","Blizzard"],"picked":"Leap","floor":35},{"not_picked":["Steam","Sweeping Beam+1"],"picked":"Turbo","floor":37},{"not_picked":["Steam","Gash","Auto Shields+1"],"picked":"SKIP","floor":39},{"not_picked":["Conserve Battery","Genetic Algorithm+1"],"picked":"Reinforced Body+1","floor":40},{"not_picked":["Blizzard+1","Leap"],"picked":"Streamline+1","floor":41},{"not_picked":["Rebound","Compile Driver+1"],"picked":"Aggregate+1","floor":42}],"player_experience":120189,"relics_obtained":[{"floor":7,"key":"Centennial Puzzle"},{"floor":9,"key":"Omamori"},{"floor":11,"key":"Mercury Hourglass"},{"floor":14,"key":"Ornamental Fan"},{"floor":24,"key":"Smiling Mask"},{"floor":26,"key":"Bottled Tornado"},{"floor":36,"key":"HornCleat"},{"floor":40,"key":"Regal Pillow"},{"floor":43,"key":"Oddly Smooth Stone"}],"event_choices":[{"damage_healed":0,"gold_gain":0,"player_choice":"Entered Light","damage_taken":16,"max_hp_gain":0,"max_hp_loss":0,"event_name":"Shining Light","floor":4,"gold_loss":0,"cards_upgraded":["Defend_B","Zap"]},{"damage_healed":0,"gold_gain":0,"player_choice":"Left Gold","damage_taken":0,"max_hp_gain":0,"max_hp_loss":0,"event_name":"World of Goop","floor":13,"gold_loss":37},{"damage_healed":0,"gold_gain":99,"player_choice":"Stole From Cult","damage_taken":0,"max_hp_gain":0,"max_hp_loss":0,"event_name":"Nest","floor":20,"gold_loss":0},{"damage_healed":0,"gold_gain":0,"cards_transformed":["Strike_B","Strike_B"],"player_choice":"Became Test Subject","damage_taken":0,"max_hp_gain":0,"max_hp_loss":0,"event_name":"Drug Dealer","floor":22,"gold_loss":0,"cards_obtained":["Genetic Algorithm","Barrage"]},{"damage_healed":0,"gold_gain":0,"player_choice":"Ignored","damage_taken":0,"max_hp_gain":0,"max_hp_loss":0,"event_name":"Ghosts","floor":29,"gold_loss":0},{"damage_healed":27,"gold_gain":0,"player_choice":"Heal","damage_taken":0,"max_hp_gain":0,"max_hp_loss":0,"event_name":"The Library","floor":31,"gold_loss":0},{"damage_healed":0,"gold_gain":0,"player_choice":"Relic","damage_taken":0,"max_hp_gain":0,"max_hp_loss":0,"event_name":"Wheel of Change","floor":36,"gold_loss":0},{"damage_healed":0,"gold_gain":0,"player_choice":"Ignored","damage_taken":0,"max_hp_gain":0,"max_hp_loss":0,"event_name":"Purifier","floor":44,"gold_loss":0}],"is_beta":false,"boss_relics":[{"not_picked":["Snecko Eye","Black Star"],"picked":"SlaversCollar"},{"not_picked":["Astrolabe","Empty Cage"],"picked":"SacredBark"}],"items_purged_floors":[21,38],"is_endless":false,"potions_floor_spawned":[7,11,14,16,18,24,33,35,37,40],"killed_by":"Sphere and 2 Shapes","ascension_level":0}}