{"host":"pj7egx7jkoz18hom","time":1613568389,"event":{"mods":["AchievementEnabler","BaseMod","Keyboard Shortcuts","Minty Spire (QoL Compilation)","SuperFastMode"],"gold_per_floor":[109,122,133,149,70,70,98,118,143,161,171,183,260,271,271,271,271],"floor_reached":16,"language":"KOR","playtime":491,"items_purged":[],"score":108,"play_id":"98f22e16-981d-4945-a7df-6b7833c2b6b4","local_time":"20210217222629","is_ascension_mode":false,"campfire_choices":[{"data":"MentalFortress","floor":6,"key":"SMITH"},{"floor":15,"key":"REST"}],"circlet_count":0,"master_deck":["Strike_P","Strike_P","Strike_P","Strike_P","Defend_P","Defend_P","Defend_P","Defend_P","Eruption","Vigilance","Judgement","InnerPeace","MentalFortress+1","FlurryOfBlows"],"relics":["PureWater","Art of War","CeramicFish","Oddly Smooth Stone","Mummified Hand"],"acts_visited":["Exordium"],"potions_floor_usage":[3,7,14,16,16],"damage_taken":[{"damage":0,"enemies":"Small Slimes","floor":1,"turns":2},{"damage":0,"enemies":"Cultist","floor":2,"turns":1},{"damage":9,"enemies":"Jaw Worm","floor":3,"turns":3},{"damage":4,"enemies":"2 Fungi Beasts","floor":4,"turns":3},{"damage":37,"enemies":"Gremlin Nob","floor":7,"turns":4},{"damage":2,"enemies":"Red Slaver","floor":8,"turns":4},{"damage":5,"enemies":"Exordium Wildlife","floor":10,"turns":3},{"damage":4,"enemies":"Gremlin Gang","floor":11,"turns":3},{"damage":0,"enemies":"Blue Slaver","floor":12,"turns":1},{"damage":0,"enemies":"Large Slime","floor":14,"turns":4},{"damage":70,"enemies":"Slime Boss","floor":16,"turns":3}],"seed_played":"5281140746865442356","potions_obtained":[{"floor":1,"key":"PowerPotion"},{"floor":2,"key":"BottledMiracle"},{"floor":7,"key":"GamblersBrew"},{"floor":11,"key":"Dexterity Potion"},{"floor":14,"key":"SkillPotion"}],"is_trial":false,"path_per_floor":["M","M","M","M","?","R","E","M","T","M","M","M","T","M","R","B"],"character_chosen":"WATCHER","items_purchased":[],"campfire_rested":1,"item_purchase_floors":[],"current_hp_per_floor":[72,72,63,59,59,59,22,20,20,15,11,11,11,11,32,0,0],"gold":271,"neow_bonus":"ONE_RANDOM_RARE_CARD","is_daily":false,"chose_seed":false,"campfire_upgraded":1,"win_rate":0.0,"timestamp":1613568389,"path_taken":["M","M","M","M","?","R","E","?","T","M","M","M","?","M","R","BOSS"],"items_purchased_type":[],"build_version":"2020-12-22","purchased_purges":0,"victory":false,"max_hp_per_floor":[72,72,72,72,72,72,72,72,72,72,72,72,72,72,72,72,72],"card_choices":[{"not_picked":["PathToVictory","EmptyFist"],"picked":"InnerPeace","floor":1},{"not_picked":["WreathOfFlame","Perseverance","Study"],"picked":"SKIP","floor":2},{"not_picked":["SashWhip","EmptyBody","Evaluate"],"picked":"SKIP","floor":3},{"not_picked":["FlurryOfBlows","ThirdEye"],"picked":"MentalFortress","floor":4},{"not_picked":["ThirdEye","FlyingSleeves","Ragnarok"],"picked":"SKIP","floor":7},{"not_picked":["ThirdEye","Indignation"],"picked":"FlurryOfBlows","floor":8},{"not_picked":["CarveReality","Crescendo","Weave"],"picked":"SKIP","floor":10},{"not_picked":["FlyingSleeves","ThirdEye","Prostrate"],"picked":"SKIP","floor":11},{"not_picked":["LikeWater","Study","Pray"],"picked":"SKIP","floor":12},{"not_picked":["Consecrate","Protect","WheelKick"],"picked":"SKIP","floor":14}],"player_experience":147938,"relics_obtained":[{"floor":7,"key":"CeramicFish"},{"floor":9,"key":"Oddly Smooth Stone"},{"floor":13,"key":"Mummified Hand"}],"event_choices":[{"damage_healed":0,"gold_gain":0,"player_choice":"Paid Gold","damage_taken":0,"relics_obtained":["Art of War"],"max_hp_gain":0,"max_hp_loss":0,"event_name":"WeMeetAgain","floor":5,"gold_loss":79}],"is_beta":false,"boss_relics":[],"items_purged_floors":[],"is_endless":false,"potions_floor_spawned":[1,2,7,11,14],"killed_by":"Slime Boss","ascension_level":0}}