{"host":"fuszjwm6fqgjjp4d","time":1613542610,"event":{"mods":["BaseMod","Colored Map","Minty Spire (QoL Compilation)","Permanent Neow","Relic Sorter","Relic Stats","StSLib"],"gold_per_floor":[118,132,132,432,445,445,479,479,479,479,38,38,80,106,106,186,186,200,200,290,305,19,19,53,53,53,69,69,93,120,140,140,223,223,247,27,38,60,0,0,0,0,0,0,23,66,81,92,92,92,92,92],"floor_reached":51,"language":"ENG","playtime":1905,"items_purged":["Strike_B"],"score":1485,"play_id":"002e84e4-5f55-4635-ba42-a5255813df7c","local_time":"20210217001650","is_ascension_mode":true,"campfire_choices":[{"data":"Genetic Algorithm","floor":6.0,"key":"SMITH"},{"floor":8.0,"key":"REST"},{"data":"Zap","floor":10.0,"key":"SMITH"},{"floor":15.0,"key":"REST"},{"floor":23.0,"key":"REST"},{"data":"Consume","floor":25.0,"key":"SMITH"},{"data":"Buffer","floor":32.0,"key":"SMITH"},{"data":"Ghostly","floor":40.0,"key":"SMITH"},{"data":"Ghostly","floor":42.0,"key":"SMITH"},{"floor":49,"key":"RECALL"}],"circlet_count":0,"master_deck":["AscendersBane","Strike_B","Defend_B","Defend_B","Zap+1","Dualcast","Conserve Battery","Ball Lightning","Genetic Algorithm+1","Reboot","Biased Cognition","Redo","Consume+1","Rebound","Core Surge","Glacier","Ball Lightning","Buffer+1","Capacitor","Ghostly+1","Ghostly+1","Ghostly","Hologram","Seek","Defragment","Turbo","Finesse","Self Repair","Turbo","Capacitor"],"relics":["Empty Cage","Old Coin","CeramicFish","Pear","Runic Capacitor","SlaversCollar","Nloth\u0027s Gift","Toolbox","Singing Bowl","Bottled Lightning","Orichalcum","Runic Pyramid","Red Mask","Meat on the Bone"],"acts_visited":["Exordium","TheCity","TheBeyond"],"potions_floor_usage":[],"damage_taken":[{"damage":4.0,"enemies":"Jaw Worm","floor":1.0,"turns":4.0},{"damage":0.0,"enemies":"2 Louse","floor":2.0,"turns":2.0},{"damage":1.0,"enemies":"Cultist","floor":5.0,"turns":3.0},{"damage":38.0,"enemies":"Gremlin Nob","floor":7.0,"turns":4.0},{"damage":29.0,"enemies":"3 Sentries","floor":13.0,"turns":7.0},{"damage":11.0,"enemies":"Exordium Thugs","floor":14.0,"turns":3.0},{"damage":28.0,"enemies":"Hexaghost","floor":16.0,"turns":7.0},{"damage":22.0,"enemies":"3 Byrds","floor":18.0,"turns":4.0},{"damage":17.0,"enemies":"2 Thieves","floor":21.0,"turns":4.0},{"damage":0.0,"enemies":"Gremlin Leader","floor":24.0,"turns":7.0},{"damage":13.0,"enemies":"Cultist and Chosen","floor":27.0,"turns":5.0},{"damage":0.0,"enemies":"Snecko","floor":29.0,"turns":4.0},{"damage":0.0,"enemies":"Snake Plant","floor":31.0,"turns":5.0},{"damage":0.0,"enemies":"Automaton","floor":33.0,"turns":7.0},{"damage":0.0,"enemies":"3 Shapes","floor":35.0,"turns":7.0},{"damage":9.0,"enemies":"Orb Walker","floor":37.0,"turns":5.0},{"damage":4.0,"enemies":"4 Shapes","floor":38.0,"turns":5.0},{"damage":3.0,"enemies":"3 Darklings","floor":45.0,"turns":7.0},{"damage":1,"enemies":"Reptomancer","floor":46,"turns":14},{"damage":3,"enemies":"Spire Growth","floor":47,"turns":8},{"damage":0,"enemies":"Transient","floor":48,"turns":6},{"damage":36,"enemies":"Time Eater","floor":50,"turns":15},{"damage":43,"enemies":"Awakened One","floor":51,"turns":6}],"seed_played":"6493832363803408531","potions_obtained":[{"floor":1.0,"key":"AttackPotion"},{"floor":5.0,"key":"Strength Potion"},{"floor":13.0,"key":"SteroidPotion"},{"floor":21.0,"key":"Strength Potion"},{"floor":27.0,"key":"Swift Potion"},{"floor":33.0,"key":"PotionOfCapacity"},{"floor":35.0,"key":"Explosive Potion"},{"floor":46,"key":"SpeedPotion"}],"is_trial":false,"path_per_floor":["M","M","?","T","M","R","E","R","T","R","$","?","E","M","R","B",null,"M","?","?","M","$","R","E","R","T","M","T","M","?","M","R","B",null,"M","$","M","M","?","R","?","R","T","?","M","E","M","M","R","B","B"],"character_chosen":"DEFECT","items_purchased":["Runic Capacitor","Biased Cognition","Redo","Glacier","Ball Lightning","Toolbox","Defragment","Turbo","Finesse"],"campfire_rested":3,"item_purchase_floors":[11,11,11,22,22,22,36,36,36],"current_hp_per_floor":[60,60,53,53,52,52,14,35,45,45,45,45,16,5,29,1,61,39,39,21,4,4,28,28,28,28,17,17,17,17,17,17,17,35,35,35,28,24,24,24,24,24,24,53,53,53,55,57,57,40,0,0],"gold":92,"neow_bonus":"BOSS_RELIC","is_daily":false,"chose_seed":false,"campfire_upgraded":6,"win_rate":0.0,"timestamp":1613542610,"path_taken":["M","M","?","?","M","R","E","R","T","R","$","?","E","M","R","BOSS","M","?","?","?","$","R","E","R","T","M","?","M","?","M","R","BOSS","M","$","M","M","?","R","?","R","T","?","M","E","?","M","R","BOSS","BOSS"],"items_purchased_type":["Relic","Card","Card","Card","Card","Relic","Card","Card","Card"],"build_version":"2020-12-22","purchased_purges":1,"victory":false,"max_hp_per_floor":[71,71,71,71,71,71,71,71,81,81,81,81,81,81,81,81,81,81,81,81,81,81,81,81,81,81,83,83,83,41,41,41,41,41,41,41,43,43,43,43,43,43,43,53,53,53,55,57,57,57,57,57],"relic_stats":{"Singing Bowl":8,"counters":[23,139],"CeramicFish":198,"Nloth\u0027s Gift":3,"Orichalcum":[210],"obtain_stats":[{"Pear":9,"Singing Bowl":24,"CeramicFish":7,"Runic Capacitor":11,"Juzu Bracelet":13,"Orichalcum":28,"Empty Cage":0,"Old Coin":4,"SlaversCollar":17,"Toolbox":22,"Nloth\u0027s Gift":19,"Red Mask":39,"Bottled Lightning":26,"Cracked Core":0,"Runic Pyramid":34,"Meat on the Bone":46},{"Pear":4,"Singing Bowl":10,"CeramicFish":4,"Runic Capacitor":4,"Juzu Bracelet":5,"Orichalcum":11,"Empty Cage":0,"Old Coin":2,"SlaversCollar":7,"Toolbox":9,"Nloth\u0027s Gift":8,"Red Mask":17,"Bottled Lightning":10,"Cracked Core":0,"Runic Pyramid":14,"Meat on the Bone":19},{"Pear":13,"Singing Bowl":45,"CeramicFish":13,"Runic Capacitor":13,"Juzu Bracelet":20,"Orichalcum":50,"Empty Cage":0,"Old Coin":6,"SlaversCollar":30,"Toolbox":38,"Nloth\u0027s Gift":34,"Red Mask":83,"Bottled Lightning":45,"Cracked Core":0,"Runic Pyramid":66,"Meat on the Bone":104}],"Meat on the Bone":12},"card_choices":[{"not_picked":["Chaos","Stack"],"picked":"Conserve Battery","floor":1.0},{"not_picked":["Cold Snap","Compile Driver"],"picked":"Ball Lightning","floor":2.0},{"not_picked":["Chaos","Coolheaded"],"picked":"Genetic Algorithm","floor":5.0},{"not_picked":["Chill","Beam Cell"],"picked":"Reboot","floor":7.0},{"not_picked":["Sunder","Chaos"],"picked":"Consume","floor":13.0},{"not_picked":["Compile Driver","Reinforced Body"],"picked":"Rebound","floor":14.0},{"not_picked":["Electrodynamics","Buffer"],"picked":"Core Surge","floor":16.0},{"not_picked":["Streamline","Steam","Darkness"],"picked":"SKIP","floor":18.0},{"not_picked":["Barrage","Force Field+1","Conserve Battery"],"picked":"SKIP","floor":21.0},{"not_picked":["Force Field","Recycle"],"picked":"Buffer","floor":24.0},{"not_picked":["Recycle+1","Genetic Algorithm","Hologram"],"picked":"Singing Bowl","floor":27.0},{"not_picked":["Coolheaded","Beam Cell"],"picked":"Capacitor","floor":29.0},{"not_picked":["Auto Shields","Skim"],"picked":"Hologram","floor":31.0},{"not_picked":["Core Surge","Machine Learning"],"picked":"Reboot","floor":33.0},{"not_picked":["Sweeping Beam","Undo+1"],"picked":"Seek","floor":35.0},{"not_picked":["Hologram+1","Scrape","Sweeping Beam+1"],"picked":"Singing Bowl","floor":37.0},{"not_picked":["Genetic Algorithm+1","Gash"],"picked":"Self Repair","floor":38.0},{"not_picked":["Reinforced Body","Leap"],"picked":"Turbo","floor":45},{"not_picked":["Rainbow","Redo"],"picked":"Capacitor","floor":46},{"not_picked":["Go for the Eyes","Sweeping Beam","Fusion"],"picked":"Singing Bowl","floor":47},{"not_picked":["Go for the Eyes+1","Sunder","Sweeping Beam"],"picked":"Singing Bowl","floor":48}],"player_experience":1490583,"relics_obtained":[{"floor":4.0,"key":"Old Coin"},{"floor":7.0,"key":"CeramicFish"},{"floor":9.0,"key":"Pear"},{"floor":13.0,"key":"Juzu Bracelet"},{"floor":24.0,"key":"Singing Bowl"},{"floor":26.0,"key":"Bottled Lightning"},{"floor":28.0,"key":"Orichalcum"},{"floor":46,"key":"Meat on the Bone"}],"event_choices":[{"cards_removed":["Defend_B"],"damage_healed":0.0,"max_hp_gain":0.0,"max_hp_loss":0.0,"gold_gain":0.0,"event_name":"Golden Wing","player_choice":"Card Removal","floor":3.0,"gold_loss":0.0,"damage_taken":7.0},{"cards_removed":["Defend_B"],"damage_healed":0.0,"max_hp_gain":0.0,"max_hp_loss":0.0,"gold_gain":0.0,"event_name":"Purifier","player_choice":"Purged","floor":12.0,"gold_loss":0.0,"damage_taken":0.0},{"damage_healed":0.0,"max_hp_gain":0.0,"max_hp_loss":0.0,"gold_gain":0.0,"event_name":"N\u0027loth","player_choice":"Traded Relic","floor":19.0,"relics_lost":["Juzu Bracelet"],"gold_loss":0.0,"damage_taken":0.0,"relics_obtained":["Nloth\u0027s Gift"]},{"damage_healed":0.0,"max_hp_gain":0.0,"max_hp_loss":0.0,"gold_gain":90.0,"event_name":"Knowing Skull","player_choice":"GOLD POTION ","floor":20.0,"potions_obtained":["Dexterity Potion"],"gold_loss":0.0,"damage_taken":18.0,"cards_obtained":[]},{"damage_healed":0.0,"max_hp_gain":0.0,"max_hp_loss":42.0,"gold_gain":0.0,"event_name":"Ghosts","player_choice":"Became a Ghost","floor":30.0,"gold_loss":0.0,"damage_taken":0.0,"cards_obtained":["Ghostly","Ghostly","Ghostly"]},{"damage_healed":0.0,"max_hp_gain":0.0,"max_hp_loss":0.0,"gold_gain":0.0,"event_name":"Tomb of Lord Red Mask","player_choice":"Paid","floor":39.0,"gold_loss":60.0,"damage_taken":0.0,"relics_obtained":["Red Mask"]},{"damage_healed":0.0,"max_hp_gain":0.0,"max_hp_loss":0.0,"gold_gain":0.0,"event_name":"Mysterious Sphere","player_choice":"Ignored","floor":41.0,"gold_loss":0.0,"damage_taken":0.0},{"cards_removed":["Reboot"],"damage_healed":19.0,"max_hp_gain":10.0,"max_hp_loss":0.0,"gold_gain":0.0,"event_name":"Bonfire Elementals","player_choice":"Offered Rare","floor":44.0,"gold_loss":0.0,"damage_taken":0.0}],"is_beta":false,"boss_relics":[{"not_picked":["Busted Crown","Ectoplasm"],"picked":"SlaversCollar"},{"not_picked":["Tiny House","Runic Dome"],"picked":"Runic Pyramid"}],"items_purged_floors":[11],"is_endless":false,"potions_floor_spawned":[1,5,13,21,27,33,35,37,46],"killed_by":"Awakened One","ascension_level":20}}