{"host":"2hea6pl5vmah38iy","time":1613528651,"event":{"mods":["AchievementEnabler","BaseMod","Colored Map","DeckTracker","Keyboard Shortcuts","Minty Spire (QoL Compilation)","Rare Cards Sparkle","StSLib","SuperFastMode","everything is the same but u backflip on backflip"],"gold_per_floor":[119,44,44,44,62,62,95,114,114,14,42,42,42,142,142,214,214,232,107,124,141,152,152,172,172,172,188,201,201,221,221,221,295,295,315,144,196,196,211,239,251,264,264,264,114,162,162,189,189,189,189,189,14,42,42],"floor_reached":56,"language":"KOR","playtime":3280,"items_purged":["Doubt","Strike_R","Strike_R","Strike_R","Strike_R"],"score":2254,"play_id":"8d514a53-3ecd-4761-9d4b-ed71695af10e","local_time":"20210217112411","is_ascension_mode":true,"campfire_choices":[{"data":"Armaments","floor":6.0,"key":"SMITH"},{"data":"Burning Pact","floor":12.0,"key":"SMITH"},{"floor":15.0,"key":"REST"},{"floor":23.0,"key":"REST"},{"data":"Offering","floor":25.0,"key":"SMITH"},{"floor":32.0,"key":"REST"},{"floor":44.0,"key":"RECALL"},{"data":"Pommel Strike","floor":49.0,"key":"SMITH"},{"data":"Burning Pact","floor":52.0,"key":"SMITH"}],"circlet_count":0,"master_deck":["AscendersBane","Defend_R","Defend_R","Defend_R","Defend_R","Bash","Offering+1","Dropkick","Armaments+1","Burning Pact+1","Barricade","Rampage","Pommel Strike+1","Sentinel","Burning Pact+1","Sentinel","Offering","Feel No Pain"],"relics":["Burning Blood","Sundial","Mercury Hourglass","Lantern","Runic Dome","Incense Burner","Runic Pyramid","TheAbacus","Unceasing Top","Regal Pillow","Meat on the Bone","Art of War","Pantograph","Letter Opener"],"acts_visited":["Exordium","TheCity","TheBeyond","TheEnding"],"potions_floor_usage":[],"damage_taken":[{"damage":7.0,"enemies":"Small Slimes","floor":1.0,"turns":4.0},{"damage":15.0,"enemies":"2 Louse","floor":5.0,"turns":2.0},{"damage":19.0,"enemies":"Gremlin Nob","floor":7.0,"turns":4.0},{"damage":1.0,"enemies":"Cultist","floor":8.0,"turns":3.0},{"damage":13.0,"enemies":"Lagavulin","floor":11.0,"turns":8.0},{"damage":29.0,"enemies":"The Guardian","floor":16.0,"turns":10.0},{"damage":6.0,"enemies":"Chosen","floor":18.0,"turns":5.0},{"damage":20.0,"enemies":"2 Thieves","floor":20.0,"turns":4.0},{"damage":35.0,"enemies":"Chosen and Byrds","floor":21.0,"turns":6.0},{"damage":16.0,"enemies":"Centurion and Healer","floor":22.0,"turns":3.0},{"damage":5.0,"enemies":"Snecko","floor":24.0,"turns":4.0},{"damage":20.0,"enemies":"Sentry and Sphere","floor":27.0,"turns":4.0},{"damage":1.0,"enemies":"Centurion and Healer","floor":28.0,"turns":4.0},{"damage":27.0,"enemies":"Snake Plant","floor":30.0,"turns":3.0},{"damage":10.0,"enemies":"Automaton","floor":33.0,"turns":6.0},{"damage":18.0,"enemies":"3 Shapes","floor":35.0,"turns":3.0},{"damage":18.0,"enemies":"2 Orb Walkers","floor":37.0,"turns":3.0},{"damage":12.0,"enemies":"3 Darklings","floor":39.0,"turns":2.0},{"damage":12.0,"enemies":"Giant Head","floor":40.0,"turns":2.0},{"damage":12.0,"enemies":"Spire Growth","floor":41.0,"turns":2.0},{"damage":2.0,"enemies":"4 Shapes","floor":42.0,"turns":2.0},{"damage":6.0,"enemies":"Reptomancer","floor":48.0,"turns":2.0},{"damage":49.0,"enemies":"Time Eater","floor":50.0,"turns":5.0},{"damage":12.0,"enemies":"Shield and Spear","floor":54.0,"turns":2.0},{"damage":63,"enemies":"The Heart","floor":55,"turns":6}],"seed_played":"4134102924974653996","potions_obtained":[{"floor":1.0,"key":"Ancient Potion"},{"floor":4.0,"key":"EntropicBrew"},{"floor":4.0,"key":"Weak Potion"},{"floor":22.0,"key":"DistilledChaos"},{"floor":24.0,"key":"SkillPotion"},{"floor":30.0,"key":"Regen Potion"},{"floor":33.0,"key":"ColorlessPotion"},{"floor":35.0,"key":"Fire Potion"},{"floor":39.0,"key":"Strength Potion"},{"floor":41.0,"key":"DuplicationPotion"},{"floor":54.0,"key":"SpeedPotion"}],"is_trial":false,"path_per_floor":["M","$","?","?","M","R","E","M","T","$","E","R","?","?","R","B",null,"M","$","M","M","M","R","M","R","T","M","M","?","M","?","R","B",null,"M","$","?","?","M","E","M","M","T","R","$","T","?","E","R","B",null,"R","$","E","B",null],"character_chosen":"IRONCLAD","items_purchased":["TheAbacus"],"campfire_rested":3,"item_purchase_floors":[36],"current_hp_per_floor":[67,67,72,72,63,63,50,55,55,55,48,48,22,22,46,23,66,66,66,52,23,13,37,38,38,38,24,29,29,8,8,32,43,71,59,59,47,47,41,35,29,33,33,33,33,33,33,45,45,39,67,67,67,61,31],"gold":42,"neow_bonus":"THREE_RARE_CARDS","is_daily":false,"chose_seed":false,"campfire_upgraded":5,"win_rate":0.0,"timestamp":1613528651,"path_taken":["M","$","?","?","M","R","E","?","T","$","E","R","?","?","R","BOSS","M","?","M","M","M","R","M","R","T","?","M","?","M","?","R","BOSS","M","$","?","?","M","E","M","M","T","R","?","?","?","E","R","BOSS","R","$","E","BOSS"],"items_purchased_type":["Relic"],"build_version":"2020-12-22","purchased_purges":5,"victory":true,"max_hp_per_floor":[75,75,80,80,80,80,80,80,80,80,80,80,80,80,80,80,80,80,80,80,80,80,80,80,80,80,80,80,80,80,80,80,80,80,80,80,80,76,76,76,76,76,76,76,76,76,76,76,76,76,76,76,76,76,76],"card_choices":[{"not_picked":["Reaper","Impervious"],"picked":"Offering","floor":0.0},{"not_picked":["Havoc","Headbutt"],"picked":"Dropkick","floor":1.0},{"not_picked":["True Grit","Heavy Blade"],"picked":"Armaments","floor":5.0},{"not_picked":["Dark Embrace","Sword Boomerang"],"picked":"Burning Pact","floor":7.0},{"not_picked":["Flex","Pommel Strike","Searing Blow"],"picked":"SKIP","floor":8.0},{"not_picked":["Flex","Pommel Strike","Searing Blow"],"picked":"SKIP","floor":8.0},{"not_picked":["Reckless Charge","Clothesline","Heavy Blade"],"picked":"SKIP","floor":11.0},{"not_picked":["Berserk","Brutality"],"picked":"Barricade","floor":16.0},{"not_picked":["Warcry","Flex"],"picked":"Rampage","floor":18.0},{"not_picked":["Blood for Blood","Sever Soul","True Grit"],"picked":"SKIP","floor":20.0},{"not_picked":["Perfected Strike","Iron Wave","Anger"],"picked":"SKIP","floor":21.0},{"not_picked":["Pommel Strike","Feel No Pain","Thunderclap+1"],"picked":"SKIP","floor":22.0},{"not_picked":["Havoc","Clash","Cleave"],"picked":"SKIP","floor":24.0},{"not_picked":["Havoc","Clash","Cleave"],"picked":"SKIP","floor":24.0},{"not_picked":["Havoc","Clash","Cleave"],"picked":"SKIP","floor":24.0},{"not_picked":["Havoc","Clash","Cleave"],"picked":"SKIP","floor":24.0},{"not_picked":["Armaments+1","Havoc"],"picked":"Pommel Strike","floor":27.0},{"not_picked":["Ghostly Armor","Metallicize"],"picked":"Sentinel","floor":28.0},{"not_picked":["Cleave","Intimidate"],"picked":"Sentinel","floor":30.0},{"not_picked":["Brutality","Fiend Fire"],"picked":"Offering","floor":33.0},{"not_picked":["Headbutt","Pommel Strike+1","Flex"],"picked":"SKIP","floor":35.0},{"not_picked":["Uppercut","Twin Strike","Infernal Blade+1"],"picked":"SKIP","floor":39.0},{"not_picked":["Cleave","Clothesline+1","Feel No Pain"],"picked":"SKIP","floor":40.0},{"not_picked":["Feel No Pain+1","Cleave","Wild Strike"],"picked":"SKIP","floor":41.0},{"not_picked":["Headbutt+1","Barricade","Sword Boomerang+1"],"picked":"SKIP","floor":42.0},{"not_picked":["Iron Wave","Carnage","Cleave"],"picked":"SKIP","floor":48.0},{"not_picked":["True Grit","Wild Strike"],"picked":"Feel No Pain","floor":54.0}],"player_experience":580878,"relics_obtained":[{"floor":7.0,"key":"Sundial"},{"floor":11.0,"key":"Mercury Hourglass"},{"floor":26.0,"key":"Incense Burner"},{"floor":37.0,"key":"Unceasing Top"},{"floor":40.0,"key":"Regal Pillow"},{"floor":43.0,"key":"Meat on the Bone"},{"floor":46.0,"key":"Art of War"},{"floor":48.0,"key":"Pantograph"},{"floor":54.0,"key":"Letter Opener"}],"event_choices":[{"damage_healed":0.0,"max_hp_gain":5.0,"max_hp_loss":0.0,"gold_gain":0.0,"event_name":"Big Fish","player_choice":"Donut","floor":3.0,"gold_loss":0.0,"damage_taken":0.0},{"damage_healed":0.0,"max_hp_gain":0.0,"max_hp_loss":0.0,"gold_gain":0.0,"event_name":"Lab","player_choice":"Got Potions","floor":4.0,"gold_loss":0.0,"damage_taken":0.0},{"damage_healed":0.0,"max_hp_gain":0.0,"max_hp_loss":0.0,"gold_gain":0.0,"event_name":"Scrap Ooze","player_choice":"Success","floor":13.0,"gold_loss":0.0,"damage_taken":26.0,"relics_obtained":["Lantern"]},{"damage_healed":0.0,"max_hp_gain":0.0,"max_hp_loss":0.0,"gold_gain":100.0,"event_name":"Wheel of Change","player_choice":"Gold","floor":14.0,"gold_loss":0.0,"damage_taken":0.0},{"damage_healed":0.0,"max_hp_gain":0.0,"max_hp_loss":0.0,"gold_gain":0.0,"event_name":"The Library","player_choice":"Read","floor":29.0,"gold_loss":0.0,"damage_taken":0.0,"cards_obtained":["Burning Pact"]},{"cards_removed":["Strike_R"],"damage_healed":0.0,"max_hp_gain":0.0,"max_hp_loss":0.0,"gold_gain":0.0,"event_name":"Back to Basics","player_choice":"Elegance","floor":31.0,"gold_loss":0.0,"damage_taken":0.0},{"damage_healed":0.0,"max_hp_gain":0.0,"max_hp_loss":0.0,"gold_gain":0.0,"event_name":"Mysterious Sphere","player_choice":"Fight","floor":37.0,"gold_loss":0.0,"damage_taken":0.0},{"damage_healed":0.0,"max_hp_gain":0.0,"max_hp_loss":4.0,"gold_gain":0.0,"event_name":"Winding Halls","player_choice":"Max HP","floor":38.0,"gold_loss":0.0,"damage_taken":0.0},{"damage_healed":0.0,"max_hp_gain":0.0,"max_hp_loss":0.0,"gold_gain":0.0,"event_name":"The Moai Head","player_choice":"Ignored","floor":47.0,"gold_loss":0.0,"damage_taken":0.0}],"is_beta":false,"boss_relics":[{"not_picked":["Sozu","Mark of Pain"],"picked":"Runic Dome"},{"not_picked":["SacredBark","Philosopher\u0027s Stone"],"picked":"Runic Pyramid"}],"items_purged_floors":[2,10,19,45,53],"is_endless":false,"potions_floor_spawned":[1,5,22,24,30,33,35,39,41,54],"ascension_level":19}}