{"host":"oehe2dxjvdgux73m","time":1613572848,"event":{"mods":["AchievementEnabler","BaseMod","Colored Map","Colored Powertips","DeckTracker","Keyboard Shortcuts","Minty Spire (QoL Compilation)","Permanent Neow","Quick Restart","StSLib","SuperFastMode"],"gold_per_floor":[15,33,43,63,63,63,63,63,63,91,91,16,46,46,46,46,46],"floor_reached":16,"language":"KOR","playtime":293,"items_purged":["Parasite"],"score":130,"play_id":"2c5ed040-ee30-4c68-b9e6-e0bcea705d5d","local_time":"20210217234048","is_ascension_mode":true,"campfire_choices":[{"data":"Sunder","floor":6.0,"key":"SMITH"},{"data":"Zap","floor":8.0,"key":"SMITH"},{"data":"Steam Power","floor":15,"key":"SMITH"}],"circlet_count":0,"master_deck":["Strike_B","Strike_B","Strike_B+1","Defend_B","Defend_B","Defend_B","Zap+1","Dualcast+1","Defragment","Steam Power+1","Gash","Sunder+1","Rebound","Sweeping Beam"],"relics":["Cracked Core","Cables","Eternal Feather","Letter Opener"],"acts_visited":["Exordium"],"potions_floor_usage":[16],"damage_taken":[{"damage":6.0,"enemies":"Cultist","floor":1.0,"turns":3.0},{"damage":5.0,"enemies":"2 Louse","floor":2.0,"turns":2.0},{"damage":2.0,"enemies":"Small Slimes","floor":3.0,"turns":3.0},{"damage":8.0,"enemies":"Blue Slaver","floor":4.0,"turns":3.0},{"damage":15.0,"enemies":"3 Sentries","floor":10.0,"turns":4.0},{"damage":25,"enemies":"Lagavulin","floor":13,"turns":5},{"damage":24,"enemies":"The Guardian","floor":16,"turns":4}],"seed_played":"-4437606798236437211","potions_obtained":[{"floor":1.0,"key":"GamblersBrew"},{"floor":2.0,"key":"Ancient Potion"},{"floor":13,"key":"SteroidPotion"}],"is_trial":false,"path_per_floor":["M","M","M","M","$","R","?","R","T","E","?","$","E","$","R","B"],"character_chosen":"DEFECT","items_purchased":[],"campfire_rested":0,"item_purchase_floors":[],"current_hp_per_floor":[69,64,62,54,54,54,39,39,39,24,42,42,17,17,23,0,0],"gold":46,"neow_bonus":"REMOVE_TWO","is_daily":false,"chose_seed":false,"campfire_upgraded":3,"win_rate":0.0,"timestamp":1613572848,"path_taken":["M","M","?","M","$","R","?","R","T","E","?","$","E","?","R","BOSS"],"items_purchased_type":[],"build_version":"2020-12-22","purchased_purges":1,"victory":false,"max_hp_per_floor":[75,75,75,75,75,75,75,75,75,75,75,72,72,72,72,72,72],"card_choices":[{"not_picked":["Rebound","Ball Lightning"],"picked":"Defragment","floor":1.0},{"not_picked":["Hello World","Stack"],"picked":"Steam Power","floor":2.0},{"not_picked":["Doom and Gloom","Barrage"],"picked":"Gash","floor":3.0},{"not_picked":["Redo","Coolheaded"],"picked":"Sunder","floor":4.0},{"not_picked":["Chill","Ball Lightning"],"picked":"Rebound","floor":10.0},{"not_picked":["Stack","Conserve Battery"],"picked":"Sweeping Beam","floor":13}],"player_experience":471374,"relics_obtained":[{"floor":9.0,"key":"Cables"},{"floor":10.0,"key":"Eternal Feather"},{"floor":13,"key":"Letter Opener"}],"event_choices":[{"damage_healed":0.0,"max_hp_gain":0.0,"max_hp_loss":0.0,"gold_gain":0.0,"event_name":"Shining Light","player_choice":"Entered Light","floor":7.0,"gold_loss":0.0,"damage_taken":15.0,"cards_upgraded":["Strike_B","Dualcast"]},{"damage_healed":18,"gold_gain":0,"player_choice":"Healed and dodged fight","damage_taken":0,"max_hp_gain":0,"max_hp_loss":0,"event_name":"Mushrooms","floor":11,"gold_loss":0,"cards_obtained":["Parasite"]}],"is_beta":false,"boss_relics":[],"items_purged_floors":[12],"is_endless":false,"potions_floor_spawned":[1,2,13],"killed_by":"The Guardian","ascension_level":4}}