{"host":"0z6l31g9ps0v9zzp","time":1613553937,"event":{"mods":["Act Like it!","BaseMod","CapriCore","Minty Spire (QoL Compilation)","MostiFishMod","StSLib"],"gold_per_floor":[110,35,35,55,55,81,81,81,81,99,99,115,148,169,169,262,262,278,278,278,107,107,107,143,143,143,186,200,233,283,308,308,402,402,423,483,497,522,522,566,566,600,600,624,651,984,1003,1003,1003,1003,1003],"floor_reached":50,"language":"ZHS","playtime":1728,"items_purged":["Defend_P"],"score":1386,"play_id":"d6e608cc-e2e5-4295-a973-f7745426161f","local_time":"20210217172537","is_ascension_mode":true,"campfire_choices":[{"data":"Eruption","floor":7.0,"key":"SMITH"},{"data":"Wallop","floor":11.0,"key":"SMITH"},{"data":"TalkToTheHand","floor":15.0,"key":"SMITH"},{"data":"Adaptation","floor":23.0,"key":"SMITH"},{"data":"TalkToTheHand","floor":25.0,"key":"SMITH"},{"floor":32.0,"key":"RECALL"},{"data":"Strike_P+1","floor":49,"key":"PURGE"}],"circlet_count":0,"master_deck":["AscendersBane","Defend_P+1","Defend_P+1","Eruption+1","Wallop+1","FlurryOfBlows+1","BowlingBash+1","FearNoEvil+1","TalkToTheHand+1","LessonLearned+1","TalkToTheHand+1","MostiFishMod:StarWish+1","Adaptation+1","MostiFishMod:PathToVictory+1","InnerPeace+1","MostiFishMod:PathToVictory+1","Vault+1","MostiFishMod:Speedup"],"relics":["PureWater","DaveBox","xbg","NeowsBlessing","SynthV:TestCard","Pantograph","Centennial Puzzle","Matryoshka","ImprovedEquipment","Black Star","DiscerningMonocle","ThornShield","Toxic Egg 2","Whetstone","Meat on the Bone","Smiling Mask","Sundial","MostiFishMod:Haymaker","Happy Flower","Blood Vial","StrikeDummy","Sozu","Peace Pipe","Bag of Preparation","Mercury Hourglass","White Beast Statue","Anchor","CeramicFish","Pear"],"acts_visited":["Exordium","TheCity","TheBeyond"],"potions_floor_usage":[],"damage_taken":[{"damage":0.0,"enemies":"Jaw Worm","floor":1.0,"turns":1.0},{"damage":0.0,"enemies":"Small Slimes","floor":4.0,"turns":1.0},{"damage":0.0,"enemies":"Lagavulin","floor":6.0,"turns":1.0},{"damage":0.0,"enemies":"2 Louse","floor":10.0,"turns":2.0},{"damage":0.0,"enemies":"Blue Slaver","floor":12.0,"turns":3.0},{"damage":15.0,"enemies":"3 Sentries","floor":13.0,"turns":4.0},{"damage":0.0,"enemies":"Looter","floor":14.0,"turns":1.0},{"damage":7.0,"enemies":"Hexaghost","floor":16.0,"turns":8.0},{"damage":3.0,"enemies":"Shell Parasite","floor":18.0,"turns":2.0},{"damage":1.0,"enemies":"Gremlin Leader","floor":24.0,"turns":4.0},{"damage":3.0,"enemies":"Book of Stabbing","floor":27.0,"turns":4.0},{"damage":0.0,"enemies":"Chosen","floor":28.0,"turns":4.0},{"damage":27.0,"enemies":"Slavers","floor":29.0,"turns":4.0},{"damage":0.0,"enemies":"3 Cultists","floor":31.0,"turns":4.0},{"damage":55.0,"enemies":"Champ","floor":33.0,"turns":9.0},{"damage":9.0,"enemies":"3 Shapes","floor":35.0,"turns":2.0},{"damage":39.0,"enemies":"2 Orb Walkers","floor":36.0,"turns":4.0},{"damage":11,"enemies":"3 Darklings","floor":37,"turns":2},{"damage":20,"enemies":"Spire Growth","floor":38,"turns":4},{"damage":0,"enemies":"Reptomancer","floor":40,"turns":3},{"damage":0,"enemies":"Giant Head","floor":42,"turns":5},{"damage":0,"enemies":"Jaw Worm Horde","floor":44,"turns":2},{"damage":11,"enemies":"Maw","floor":45,"turns":6},{"damage":0,"enemies":"Sphere and 2 Shapes","floor":47,"turns":3},{"damage":53,"enemies":"Time Eater","floor":50,"turns":8}],"seed_played":"-5140659983999038428","potions_obtained":[{"floor":1.0,"key":"EssenceOfSteel"},{"floor":6.0,"key":"Fire Potion"},{"floor":29.0,"key":"SteroidPotion"}],"is_trial":false,"path_per_floor":["M","?","?","M","T","E","R","?","T","M","R","M","E","M","R","B",null,"M","?","?","$","?","R","E","R","T","E","M","E","?","M","R","B",null,"M","?","M","M","?","E","?","E","T","M","M","?","M","T","R","B"],"character_chosen":"WATCHER","items_purchased":["DiscerningMonocle","ThornShield","Toxic Egg 2","DuplicationPotion"],"campfire_rested":0,"item_purchase_floors":[21,21,21,21],"current_hp_per_floor":[61,61,61,61,61,61,61,38,38,38,38,38,23,23,23,41,61,58,58,58,58,58,58,57,57,57,54,54,39,39,41,41,25,57,50,25,28,22,22,36,36,38,38,40,43,43,45,55,55,22,22],"gold":1003,"neow_bonus":"THREE_ENEMY_KILL","is_daily":false,"chose_seed":false,"campfire_upgraded":5,"win_rate":0.0,"timestamp":1613553937,"path_taken":["M","?","?","M","?","E","R","?","T","M","R","M","E","M","R","BOSS","M","?","?","$","?","R","E","R","T","E","M","E","?","?","R","BOSS","M","?","M","M","?","E","?","E","T","M","M","?","?","?","R","BOSS"],"items_purchased_type":["Relic","Relic","Relic","Potion"],"build_version":"2020-12-22","purchased_purges":1,"victory":false,"max_hp_per_floor":[68,68,68,68,68,68,68,68,68,68,68,68,68,68,68,68,68,68,68,68,68,68,68,68,68,68,68,68,68,68,68,68,68,68,68,68,68,68,65,65,65,65,65,65,65,65,65,75,75,75,75],"card_choices":[{"not_picked":["Nirvana","EmptyFist","Evaluate"],"picked":"SKIP","floor":1.0},{"not_picked":["Crescendo","WreathOfFlame","Evaluate","SashWhip","Protect"],"picked":"SKIP","floor":4.0},{"not_picked":["Consecrate","MostiFishMod:LegendTransform","Crescendo","Wireheading","MostiFishMod:StarLaLaLa"],"picked":"SKIP","floor":6.0},{"not_picked":["Halt","SignatureMove","Crescendo","Protect"],"picked":"FlurryOfBlows","floor":10.0},{"not_picked":["Consecrate","Protect","EmptyFist","Pray"],"picked":"BowlingBash","floor":12.0},{"not_picked":["FlyingSleeves","CutThroughFate","FlurryOfBlows","Crescendo"],"picked":"FearNoEvil","floor":13.0},{"not_picked":["BattleHymn","FlyingSleeves","EmptyFist","CutThroughFate"],"picked":"TalkToTheHand","floor":14.0},{"not_picked":["MostiFishMod:DisColor","MostiFishMod:Unraveling","MostiFishMod:StarOceanP","Devotion"],"picked":"LessonLearned","floor":16.0},{"not_picked":["SashWhip","Study","FlyingSleeves","WheelKick","MostiFishMod:LegendTransform"],"picked":"SKIP","floor":18.0},{"not_picked":["ClearTheMind+1","FollowUp","Protect+1","Collect+1","Halt+1"],"picked":"SKIP","floor":24.0},{"not_picked":["FollowUp","MasterReality","EmptyMind+1","ClearTheMind+1","Weave"],"picked":"SKIP","floor":27.0},{"not_picked":["FlyingSleeves","ThirdEye+1","EmptyFist+1","Crescendo+1"],"picked":"MostiFishMod:PathToVictory+1","floor":28.0},{"not_picked":["ClearTheMind+1","TalkToTheHand","SandsOfTime","MostiFishMod:DisColor+1"],"picked":"InnerPeace+1","floor":29.0},{"not_picked":["FlyingSleeves","BowlingBash+1","Evaluate+1","PathToVictory+1","JustLucky"],"picked":"SKIP","floor":31.0},{"not_picked":["Halt+1","CrushJoints+1","SignatureMove+1","ThirdEye+1","Crescendo+1"],"picked":"SKIP","floor":35.0},{"not_picked":["EmptyBody+1","Consecrate","FlyingSleeves+1","Protect+1"],"picked":"MostiFishMod:PathToVictory+1","floor":36.0},{"not_picked":["FollowUp","SandsOfTime","SashWhip","PathToVictory+1","ClearTheMind+1"],"picked":"SKIP","floor":37},{"not_picked":["BowlingBash","ThirdEye+1","BattleHymn+1","Wireheading","Consecrate"],"picked":"SKIP","floor":38},{"not_picked":["CrushJoints","Establishment","WindmillStrike","MostiFishMod:LegendTransform","Vengeance+1"],"picked":"SKIP","floor":40},{"not_picked":["ThirdEye+1","MentalFortress","Conclude","BattleHymn","FlyingSleeves"],"picked":"SKIP","floor":42},{"not_picked":["Evaluate+1","ThirdEye+1","Halt+1","BowlingBash+1"],"picked":"Vault+1","floor":44},{"not_picked":["Crescendo+1","MostiFishMod:ScryFuture","EmptyMind+1","FlurryOfBlows+1"],"picked":"MostiFishMod:Speedup","floor":45},{"not_picked":["ThirdEye+1","EmptyBody+1","Wallop","Weave+1","Vengeance+1"],"picked":"SKIP","floor":47}],"player_experience":289560,"relics_obtained":[{"floor":1.0,"key":"SynthV:TestCard"},{"floor":5.0,"key":"Pantograph"},{"floor":6.0,"key":"Centennial Puzzle"},{"floor":9.0,"key":"Matryoshka"},{"floor":13.0,"key":"ImprovedEquipment"},{"floor":24.0,"key":"Whetstone"},{"floor":24.0,"key":"Meat on the Bone"},{"floor":26.0,"key":"Smiling Mask"},{"floor":26.0,"key":"Sundial"},{"floor":27.0,"key":"MostiFishMod:Haymaker"},{"floor":27.0,"key":"Happy Flower"},{"floor":29.0,"key":"Blood Vial"},{"floor":29.0,"key":"StrikeDummy"},{"floor":36.0,"key":"Peace Pipe"},{"floor":40,"key":"Bag of Preparation"},{"floor":40,"key":"Mercury Hourglass"},{"floor":42,"key":"White Beast Statue"},{"floor":42,"key":"Anchor"},{"floor":43,"key":"CeramicFish"},{"floor":48,"key":"Pear"}],"event_choices":[{"cards_removed":["Strike_P"],"damage_healed":0.0,"max_hp_gain":0.0,"max_hp_loss":0.0,"gold_gain":0.0,"event_name":"The Cleric","player_choice":"Card Removal","floor":2.0,"gold_loss":75.0,"damage_taken":0.0},{"damage_healed":0.0,"max_hp_gain":0.0,"max_hp_loss":0.0,"gold_gain":0.0,"cards_transformed":["Strike_P"],"event_name":"Living Wall","player_choice":"Change","floor":3.0,"gold_loss":0.0,"damage_taken":0.0,"cards_obtained":["Wallop"]},{"damage_healed":0.0,"max_hp_gain":0.0,"max_hp_loss":0.0,"gold_gain":0.0,"event_name":"Golden Idol","player_choice":"Take Damage","floor":8.0,"gold_loss":0.0,"damage_taken":23.0,"relics_obtained":["Golden Idol"]},{"damage_healed":0.0,"max_hp_gain":0.0,"max_hp_loss":0.0,"gold_gain":0.0,"event_name":"The Library","player_choice":"Read","floor":19.0,"gold_loss":0.0,"damage_taken":0.0,"cards_obtained":["TalkToTheHand"]},{"damage_healed":0.0,"max_hp_gain":0.0,"max_hp_loss":0.0,"gold_gain":0.0,"cards_transformed":["Defend_P","Strike_P"],"event_name":"Drug Dealer","player_choice":"Became Test Subject","floor":20.0,"gold_loss":0.0,"damage_taken":0.0,"cards_obtained":["MostiFishMod:StarWish","Adaptation"]},{"damage_healed":0.0,"max_hp_gain":0.0,"max_hp_loss":0.0,"gold_gain":0.0,"event_name":"Ghosts","player_choice":"Ignored","floor":22.0,"gold_loss":0.0,"damage_taken":0.0},{"damage_healed":0.0,"max_hp_gain":0.0,"max_hp_loss":0.0,"gold_gain":50.0,"event_name":"Nest","player_choice":"Stole From Cult","floor":30.0,"gold_loss":0.0,"damage_taken":0.0},{"damage_healed":0.0,"max_hp_gain":0.0,"max_hp_loss":0.0,"gold_gain":0.0,"event_name":"Mysterious Sphere","player_choice":"Fight","floor":36.0,"gold_loss":0.0,"damage_taken":0.0},{"damage_healed":0,"gold_gain":0,"player_choice":"Max HP","damage_taken":0,"max_hp_gain":0,"max_hp_loss":3,"event_name":"Winding Halls","floor":39,"gold_loss":0},{"cards_removed":["Vigilance"],"damage_healed":0,"gold_gain":0,"player_choice":"Removed Skill","damage_taken":0,"max_hp_gain":0,"max_hp_loss":0,"event_name":"Falling","floor":41,"gold_loss":0},{"damage_healed":0,"gold_gain":333,"player_choice":"Gave Idol","damage_taken":0,"max_hp_gain":0,"max_hp_loss":0,"event_name":"The Moai Head","floor":46,"relics_lost":["Golden Idol"],"gold_loss":0}],"is_beta":false,"boss_relics":[{"not_picked":["GuanYuAspect","Calling Bell"],"picked":"Black Star"},{"not_picked":["FeatherPendant","HereWithMe"],"picked":"Sozu"}],"items_purged_floors":[21],"is_endless":false,"potions_floor_spawned":[1,6,10,14,24,28,29,36,44,45,47],"killed_by":"Time Eater","ascension_level":20}}