{"host":"ooetke516h53yqww","time":1613577725,"event":{"mods":["100% Spire Juice","2.2 Compatiblity","Abigail Mod","Act Like it!","Astrologer","Bartender","BaseMod","Beaked The Cultist","Better Match","Better Third Choice","Conspire","Elementarium","Friendly Minions","Hallownest","Hermit","HololiveMod","Hubris","Infinite Spire","Kiyohime????","Lobotomy","LobotomyExtend","Mari Mod (Legacy)","Mari\u0027s V1 Patch","Menagerie","Minty Spire (QoL Compilation)","Morshu Shopkeeper","Prisma Mod","Random Character Button","Reliquary","Replay The Spire","Robot Space Explorer","Ruina","Spicy Shops","StSLib","Td1madao Mod","The Alterego","The Bug Knight","The Marked","The Poker Player","The Senshi","TheSwordswoman","Uncapped","WarShipGirlsR/????R mod","Yakumo Yukari mod","Yohane!"],"gold_per_floor":[116,116,116,38,113,113,139,149,149,169,189,41,41,54,54,154,154,174,193,193,193,208,208,208],"floor_reached":23,"language":"ENG","playtime":855,"items_purged":[],"score":220,"play_id":"6fdf6968-768a-4a83-9fd8-239a62d7fb18","local_time":"20210217110205","is_ascension_mode":true,"campfire_choices":[{"data":"astrologer:Confirmation","floor":6,"key":"SMITH"},{"floor":13,"key":"REST"},{"floor":15,"key":"REST"}],"circlet_count":0,"master_deck":["astrologer:Strike","astrologer:Strike","astrologer:Strike","astrologer:Defend","astrologer:Defend","astrologer:Defend","astrologer:Defend","astrologer:NorthStar","astrologer:TheFool","astrologer:HeatDeath","astrologer:TheHermit","astrologer:Confirmation+1","astrologer:Fireball","astrologer:FrozenStar","astrologer:FrozenStar","astrologer:ShiningStar","astrologer:TheChariot","astrologer:Wish","hubris:Despair","rmod:basicallowance","astrologer:TheChariot","hubris:Ssssneak","infinitespire:FutureSight","astrologer:FrozenStar","astrologer:Stardust+1","Writhe","ruina:Smile","astrologer:Shine"],"relics":["astrologer:SkyMirror","LetterFromLob","hubris:Towel","infinitespire:EmpoweringShard","Anchor","Lantern","ReplayTheSpireMod:SealedPack","ruina:Goodbye"],"acts_visited":["Exordium","ruina:Briah"],"potions_floor_usage":[11,11,22],"damage_taken":[{"damage":0,"enemies":"Small Slimes","floor":1,"turns":3},{"damage":48,"enemies":"Gremlin Nob","floor":7,"turns":5},{"damage":0,"enemies":"Jaw Worm","floor":8,"turns":3},{"damage":0,"enemies":"Cultist","floor":10,"turns":3},{"damage":3,"enemies":"Lots of Slimes","floor":11,"turns":4},{"damage":10,"enemies":"Exordium Wildlife","floor":14,"turns":4},{"damage":30,"enemies":"The Guardian","floor":16,"turns":11},{"damage":10,"enemies":"ruina:2_Scarecrows","floor":18,"turns":6},{"damage":41,"enemies":"ruina:Nosferatu","floor":19,"turns":7},{"damage":3,"enemies":"ruina:KnightOfDespair","floor":22,"turns":4}],"seed_played":"-1296658130008253204","potions_obtained":[{"floor":7,"key":"EssenceOfSteel"},{"floor":10,"key":"Strength Potion"},{"floor":11,"key":"GamblersBrew"},{"floor":14,"key":"BlessingOfTheForge"},{"floor":18,"key":"Explosive Potion"},{"floor":19,"key":"DuplicationPotion"}],"is_trial":false,"path_per_floor":["M","?","?","$","?","R","E","M","T","M","M","$","R","M","R","B",null,"M","M","?","?","M","E"],"character_chosen":"ASTROLOGER","items_purchased":["astrologer:Confirmation","Lantern"],"campfire_rested":2,"item_purchase_floors":[4,12],"current_hp_per_floor":[70,70,63,63,52,52,4,4,4,4,1,1,22,12,33,3,70,60,19,19,19,16,0,0],"gold":208,"neow_bonus":"ONE_RANDOM_RARE_CARD","is_daily":false,"chose_seed":false,"campfire_upgraded":1,"win_rate":0.0,"timestamp":1613577725,"path_taken":["M","?","?","$","?","R","E","M","T","M","M","?","R","M","R","BOSS","M","?","?","?","M","E"],"items_purchased_type":["Card","Card"],"build_version":"2020-12-22","purchased_purges":0,"victory":false,"max_hp_per_floor":[70,70,70,70,70,70,70,70,70,70,70,70,70,70,70,70,70,70,70,70,65,65,65,65],"card_choices":[{"not_picked":["astrologer:Conjunction","astrologer:Prestidigitation"],"picked":"astrologer:TheHermit","floor":1},{"not_picked":["astrologer:CometStrike","astrologer:Still"],"picked":"astrologer:Fireball","floor":7},{"not_picked":["astrologer:Radiance","astrologer:Opposition"],"picked":"astrologer:FrozenStar","floor":8},{"not_picked":["astrologer:Strength","astrologer:Still"],"picked":"astrologer:FrozenStar","floor":10},{"not_picked":["astrologer:Observe","astrologer:SpaceDust"],"picked":"astrologer:ShiningStar","floor":11},{"not_picked":["astrologer:SolarFlare","astrologer:Opposition"],"picked":"astrologer:TheChariot","floor":14},{"not_picked":["astrologer:HeatDeath","astrologer:WheelofFortune"],"picked":"astrologer:Wish","floor":16},{"not_picked":["hubris:MerchantsHand","beaked:Ceremony"],"picked":"rmod:basicallowance","floor":17},{"not_picked":["astrologer:HeatDeath","astrologer:Trine"],"picked":"astrologer:TheChariot","floor":17},{"not_picked":["PanicButton","Good Instincts"],"picked":"hubris:Ssssneak","floor":17},{"not_picked":["infinitespire:TheBestDefense","hubris:Fate"],"picked":"infinitespire:FutureSight","floor":17},{"not_picked":["astrologer:Judgement+1","astrologer:TheEmpress"],"picked":"astrologer:FrozenStar","floor":18},{"not_picked":["astrologer:LonelyStar","astrologer:Moonlight"],"picked":"astrologer:Stardust+1","floor":19},{"not_picked":["ruina:Thirst","ruina:GoldRush"],"picked":"ruina:Smile","floor":21},{"not_picked":["astrologer:Opposition+1","astrologer:ReadTheStars"],"picked":"astrologer:Shine","floor":22}],"player_experience":1559496,"relics_obtained":[{"floor":1,"key":"LetterFromLob"},{"floor":7,"key":"infinitespire:EmpoweringShard"},{"floor":9,"key":"Anchor"}],"event_choices":[{"cards_removed":["astrologer:Strike"],"damage_healed":0,"gold_gain":0,"player_choice":"Card Removal","damage_taken":7,"max_hp_gain":0,"max_hp_loss":0,"event_name":"Golden Wing","floor":3,"gold_loss":0},{"damage_healed":0,"gold_gain":75,"player_choice":"Gold","damage_taken":11,"max_hp_gain":0,"max_hp_loss":0,"event_name":"betterThird:BetterGoop","floor":5,"gold_loss":0}],"is_beta":false,"boss_relics":[{"not_picked":["Replay:Drink Me","Tiny House"],"picked":"ReplayTheSpireMod:SealedPack"}],"items_purged_floors":[],"is_endless":false,"potions_floor_spawned":[7,10,11,14,18,19],"ascension_level":3}}