{"host":"0cm5wy4nhuju7tij","time":1613599916,"event":{"mods":["100% Spire Juice","2.2 Compatiblity","AchievementEnabler","Aspiration","BaseMod","Better Third Choice","BetterRewards","CCEM2","CapriCore","Colored Powertips","Curses Come First","Displayed Cursed Tome","Downfall","Energized Spire","Evolution","Filter the Spire","Fireblade Mod","Highlight Path","Jess\u0027s Bottle","Minty Spire (QoL Compilation)","Permanent Neow","Poor People Problems","Relic Filter Mod","Relic Stats","Shapeshifter Mod","Shop Mod","Spicy Shops","StSLib","The Cursed","The Servant 0.9.4","TheSurvivalist","TheVacant","Weighted Paths"],"gold_per_floor":[117,133,146,158,174,207,207,217,217,217,252,264,264,164,164,290,290,274,289,302,302,302,302,302],"floor_reached":23,"language":"ENG","playtime":1529,"items_purged":["StSShapeShifter:ShapeShifter_Defend"],"score":255,"play_id":"c7350965-b4d8-4e6d-bd79-02ba5a1a2d42","local_time":"20210217171156","is_ascension_mode":false,"campfire_choices":[{"data":"StSShapeShifter:Efflorescence","floor":7,"key":"SMITH"},{"data":"StSShapeShifter:ShiftingStrike","floor":10,"key":"SMITH"},{"floor":15,"key":"RECALL"}],"circlet_count":0,"master_deck":["StSShapeShifter:ShiftingStrike+1","StSShapeShifter:ShiftingStrike","StSShapeShifter:ShiftingStrike","StSShapeShifter:ShiftingStrike","StSShapeShifter:ShiftingStrike","StSShapeShifter:FallingLeaves","StSShapeShifter:FallingLeaves","StSShapeShifter:FallingLeaves","StSShapeShifter:Tortoise_Form","StSShapeShifter:Lynx_Form","StSShapeShifter:GoldenBerries","StSShapeShifter:Guard","StSShapeShifter:BloomingSlash","StSShapeShifter:BarkSkin","StSShapeShifter:Efflorescence+1","StSShapeShifter:BurstingSpore","StSShapeShifter:OakBlade","StSShapeShifter:ShiftingStrike","StSShapeShifter:PantherForm","StSShapeShifter:Maul","StSShapeShifter:BurrBomb","StSShapeShifter:AdaptiveStrikes","StSShapeShifter:Guard+1","StSShapeShifter:FallingLeaves","StSShapeShifter:BarkSkin","Writhe"],"relics":["StSShapeShifter:AnimalHeart","StSShapeShifter:TheShapeShiftersMagnolia","EVO:Axolotl","Lizard Tail","Strawberry","Bloody Idol","Pandora\u0027s Box","CCEMRelics:MissingSock"],"acts_visited":["Exordium","TheCity"],"potions_floor_usage":[],"damage_taken":[{"damage":0,"enemies":"2 Louse","floor":1,"turns":3},{"damage":0,"enemies":"Small Slimes","floor":2,"turns":3},{"damage":0,"enemies":"Cultist","floor":3,"turns":3},{"damage":12,"enemies":"3 Louse","floor":4,"turns":4},{"damage":0,"enemies":"2 Fungi Beasts","floor":5,"turns":3},{"damage":17,"enemies":"3 Sentries","floor":6,"turns":11},{"damage":0,"enemies":"Exordium Wildlife","floor":8,"turns":6},{"damage":20,"enemies":"Lagavulin","floor":11,"turns":8},{"damage":0,"enemies":"Large Slime","floor":12,"turns":6},{"damage":49,"enemies":"The Guardian","floor":16,"turns":14},{"damage":29,"enemies":"2 Thieves","floor":18,"turns":4},{"damage":0,"enemies":"Chosen","floor":19,"turns":4},{"damage":39,"enemies":"Centurion and Healer","floor":20,"turns":7},{"damage":75,"enemies":"Gremlin Leader","floor":23,"turns":7}],"seed_played":"7880074969533026937","potions_obtained":[{"floor":0,"key":"EssenceOfSteel"},{"floor":0,"key":"PowerPotion"},{"floor":0,"key":"SteroidPotion"},{"floor":6,"key":"SneckoOil"}],"is_trial":false,"path_per_floor":["M","M","M","M","M","E","R","M","T","R","E","M","?","$","R","B",null,"M","M","M","?","?","E"],"character_chosen":"SHAPESHIFTER","items_purchased":["StSShapeShifter:Maul"],"campfire_rested":0,"item_purchase_floors":[14],"current_hp_per_floor":[78,78,78,67,67,56,56,61,61,61,48,54,54,54,54,11,79,53,53,20,20,20,0,0],"gold":302,"neow_bonus":"THREE_SMALL_POTIONS","is_daily":false,"chose_seed":false,"campfire_upgraded":2,"win_rate":0.0,"timestamp":1613599916,"path_taken":["M","M","M","M","M","E","R","M","T","R","E","M","?","$","R","BOSS","M","M","M","?","?","E"],"items_purchased_type":["Card"],"build_version":"2020-12-22","purchased_purges":1,"victory":false,"max_hp_per_floor":[78,78,78,78,78,78,78,78,78,78,85,85,79,79,79,79,79,79,79,79,79,79,79,79],"relic_stats":{"Lizard Tail":39,"counters":[14,83],"Bloody Idol":0,"Pandora\u0027s Box":["StSShapeShifter:AdaptiveStrikes"],"obtain_stats":[{"StSShapeShifter:TheShapeShiftersMagnolia":0,"Lizard Tail":6,"StSShapeShifter:AnimalHeart":0,"Golden Idol":13,"Strawberry":11,"Bloody Idol":21,"Pandora\u0027s Box":17,"CCEMRelics:MissingSock":22,"EVO:Axolotl":0},{"StSShapeShifter:TheShapeShiftersMagnolia":0,"Lizard Tail":6,"StSShapeShifter:AnimalHeart":0,"Golden Idol":9,"Strawberry":8,"Bloody Idol":13,"Pandora\u0027s Box":10,"CCEMRelics:MissingSock":13,"EVO:Axolotl":0},{"StSShapeShifter:TheShapeShiftersMagnolia":0,"Lizard Tail":27,"StSShapeShifter:AnimalHeart":0,"Golden Idol":47,"Strawberry":41,"Bloody Idol":76,"Pandora\u0027s Box":61,"CCEMRelics:MissingSock":76,"EVO:Axolotl":0}]},"card_choices":[{"not_picked":["StSShapeShifter:FlowerShield","StSShapeShifter:Earthquake"],"picked":"StSShapeShifter:GoldenBerries","floor":1},{"not_picked":["StSShapeShifter:CursedApple","StSShapeShifter:Consume"],"picked":"StSShapeShifter:Guard","floor":2},{"not_picked":["StSShapeShifter:SunflowerShuriken","StSShapeShifter:VineHandcuffs"],"picked":"StSShapeShifter:BloomingSlash","floor":3},{"not_picked":["StSShapeShifter:ThornToss","StSShapeShifter:WiltingWrath"],"picked":"StSShapeShifter:BarkSkin","floor":4},{"not_picked":["StSShapeShifter:FesteringBite","StSShapeShifter:OwlForm"],"picked":"StSShapeShifter:Efflorescence","floor":5},{"not_picked":["StSShapeShifter:SkullBash","StSShapeShifter:BulwarkOfDiscovery"],"picked":"StSShapeShifter:BurstingSpore","floor":6},{"not_picked":["StSShapeShifter:Wildfire2","StSShapeShifter:SquirrelForm"],"picked":"StSShapeShifter:OakBlade","floor":8},{"not_picked":["StSShapeShifter:Rest","StSShapeShifter:MagicMushrooms"],"picked":"StSShapeShifter:ShiftingStrike","floor":11},{"not_picked":["StSShapeShifter:FesteringBite","StSShapeShifter:HippoForm"],"picked":"StSShapeShifter:PantherForm","floor":12},{"not_picked":["StSShapeShifter:RhinoCalfForm","StSShapeShifter:RestoreBalance"],"picked":"StSShapeShifter:BurrBomb","floor":16},{"not_picked":["StSShapeShifter:Consume+1","StSShapeShifter:ForestFire"],"picked":"StSShapeShifter:Guard+1","floor":18},{"not_picked":["StSShapeShifter:FesteringBite","StSShapeShifter:BladeOfGrass"],"picked":"StSShapeShifter:FallingLeaves","floor":19},{"not_picked":["StSShapeShifter:Sapling","StSShapeShifter:Winter"],"picked":"StSShapeShifter:BarkSkin","floor":20}],"player_experience":448245,"relics_obtained":[{"floor":6,"key":"Lizard Tail"},{"floor":11,"key":"Strawberry"}],"event_choices":[{"damage_healed":0,"gold_gain":0,"player_choice":"Lose Max HP","damage_taken":0,"relics_obtained":["Golden Idol"],"max_hp_gain":0,"max_hp_loss":6,"event_name":"Golden Idol","floor":13,"gold_loss":0},{"damage_healed":0,"gold_gain":0,"player_choice":"Gave Idol","damage_taken":0,"relics_obtained":["Bloody Idol"],"max_hp_gain":0,"max_hp_loss":0,"event_name":"Forgotten Altar","floor":21,"relics_lost":["Golden Idol"],"gold_loss":0},{"damage_healed":0,"gold_gain":0,"player_choice":"Opened","damage_taken":0,"relics_obtained":["CCEMRelics:MissingSock"],"max_hp_gain":0,"max_hp_loss":0,"event_name":"The Mausoleum","floor":22,"gold_loss":0,"cards_obtained":["Writhe"]}],"is_beta":false,"boss_relics":[{"not_picked":["Philosopher\u0027s Stone","Snecko Eye"],"picked":"Pandora\u0027s Box"}],"items_purged_floors":[14],"is_endless":false,"potions_floor_spawned":[1,2,6,11,18,19],"killed_by":"Gremlin Leader","ascension_level":0}}