{"host":"2d926qfvvz477zl6","time":1613594817,"event":{"mods":["Aspiration","BaseMod","Conspire","Downfall","GifTheSpireLib","Halation","Hermit","Hubris","Infinite Spire","Minty Spire (QoL Compilation)","Morshu Shopkeeper","Permanent Neow","Quick Restart","Rare Cards Sparkle","Reliquary","Replay The Spire","Shedinja","Somnambulant","Spicy Shops","StSLib","Stuff the Spire","Td1madao Mod","The Blue Laboratory","The Bug Knight","The Construct","The Cursed","The Disciple","The Forsaken","The Hierophant","The Senshi","TheFirefly","Wandering Minibosses","Wide Potions","everything is the same but u backflip on backflip","slay the spire mod where everything is the same but ironclad has a cowboy hat"],"gold_per_floor":[110,124,124,137,412,437,437,455,479,479,510,524,62,72,72,72,72],"floor_reached":16,"language":"ENG","playtime":478,"items_purged":[],"score":137,"play_id":"5e197754-7971-4c26-b679-d1efc9f2310c","local_time":"20210217154657","is_ascension_mode":false,"campfire_choices":[{"data":"TheCursedMod:TacticalStrike","floor":7,"key":"SMITH"},{"data":"Shedinja:AerialAce","floor":10,"key":"SMITH"},{"floor":15,"key":"DIG"}],"circlet_count":0,"master_deck":["TheCursedMod:Strike_TheCursed","TheCursedMod:Strike_TheCursed","TheCursedMod:Strike_TheCursed","TheCursedMod:Strike_TheCursed","TheCursedMod:Defend_TheCursed","TheCursedMod:Defend_TheCursed","TheCursedMod:Defend_TheCursed","TheCursedMod:Defend_TheCursed","TheCursedMod:CursedWand","TheCursedMod:CleanUpWorkshop","TheCursedMod:Dregs","TheCursedMod:RavingStaff","TheCursedMod:CircleOfFlame","Shedinja:AerialAce+1","TheCursedMod:CircleOfCorruption","Regret","TheCursedMod:TacticalStrike+1","TheCursedMod:SpitefulStrike","TheCursedMod:CursedRelics","TheCursedMod:ReleasedStrength","TheCursedMod:HellfireBreathing","TheCursedMod:CursedRelics","TheCursedMod:Stigma"],"relics":["TheCursedMod:BlackMagic101","aspiration:Nostalgia","infinitespire:DarkRift","Shedinja:EnergyLoss","aspiration:TomeofQuesting","HollowMod:PaleOreRelic","Gremlin Food","Replay:Mystery Machine","halation:QuantumPhysicsTextbook","DollysMirror","Sundial"],"acts_visited":["Exordium"],"potions_floor_usage":[6,11,16],"damage_taken":[{"damage":0,"enemies":"Cultist","floor":1,"turns":4},{"damage":4,"enemies":"2 Louse","floor":2,"turns":3},{"damage":5,"enemies":"Jaw Worm","floor":4,"turns":3},{"damage":14,"enemies":"Gremlin Nob","floor":6,"turns":3},{"damage":7,"enemies":"Red Slaver","floor":8,"turns":4},{"damage":0,"enemies":"3 Sentries","floor":11,"turns":4},{"damage":22,"enemies":"Gremlin Gang","floor":12,"turns":3},{"damage":0,"enemies":"2 Fungi Beasts","floor":14,"turns":2},{"damage":23,"enemies":"Hexaghost","floor":16,"turns":4}],"seed_played":"-2322935579368126176","potions_obtained":[{"floor":1,"key":"Guardian:BlockOnCardUsePotion"},{"floor":4,"key":"AttackPotion"},{"floor":12,"key":"SkillPotion"}],"is_trial":false,"path_per_floor":["M","M","?","M","?","E","R","M","T","R","E","M","$","M","R","B"],"character_chosen":"THE_CURSED","items_purchased":["Replay:Mystery Machine","TheCursedMod:HellfireBreathing","halation:QuantumPhysicsTextbook","DollysMirror"],"campfire_rested":0,"item_purchase_floors":[13,13,13,13],"current_hp_per_floor":[75,71,71,66,66,52,52,45,45,45,45,23,23,23,23,0,0],"gold":72,"neow_bonus":"NOSTALGIA","is_daily":false,"chose_seed":false,"campfire_upgraded":2,"win_rate":0.0,"timestamp":1613594817,"path_taken":["M","?","?","M","?","E","R","?","T","R","E","M","$","M","R","BOSS"],"items_purchased_type":["Relic","Card","Relic","Relic"],"build_version":"2020-12-22","purchased_purges":0,"victory":false,"max_hp_per_floor":[75,75,75,75,75,75,75,75,75,75,75,75,75,75,75,75,75],"card_choices":[{"not_picked":["TheCursedMod:AbyssShockwave","TheCursedMod:CursedMace"],"picked":"TheCursedMod:RavingStaff","floor":1},{"not_picked":["TheCursedMod:ReleasedStrength","TheCursedMod:RavingStaff"],"picked":"TheCursedMod:CircleOfFlame","floor":2},{"not_picked":["TheCursedMod:SoulCrush","TheCursedMod:Evocation"],"picked":"TheCursedMod:CircleOfCorruption","floor":4},{"not_picked":["TheCursedMod:AbyssShockwave","TheCursedMod:CursedBlade"],"picked":"TheCursedMod:TacticalStrike","floor":6},{"not_picked":["TheCursedMod:BlessingInDisguise","TheCursedMod:BloodBarrier"],"picked":"TheCursedMod:SpitefulStrike","floor":8},{"not_picked":["TheCursedMod:BlessingInDisguise","TheCursedMod:SmokeScreen"],"picked":"TheCursedMod:CursedRelics","floor":11},{"not_picked":["TheCursedMod:CircleOfFlame","TheCursedMod:Wield"],"picked":"TheCursedMod:ReleasedStrength","floor":12},{"not_picked":["TheCursedMod:SaltUponWound","TheCursedMod:CursedAmulet"],"picked":"TheCursedMod:Stigma","floor":14}],"player_experience":469170,"relics_obtained":[{"floor":6,"key":"aspiration:TomeofQuesting"},{"floor":9,"key":"HollowMod:PaleOreRelic"},{"floor":11,"key":"Gremlin Food"},{"floor":15,"key":"Sundial"}],"event_choices":[{"damage_healed":0,"gold_gain":275,"player_choice":"Desecrate","damage_taken":0,"max_hp_gain":0,"max_hp_loss":0,"event_name":"Golden Shrine","floor":5,"gold_loss":0,"cards_obtained":["Regret"]}],"is_beta":false,"boss_relics":[],"items_purged_floors":[],"is_endless":false,"potions_floor_spawned":[1,2,4,12],"killed_by":"Hexaghost","ascension_level":0}}