{"host":"Oniwa","time":1613562218,"event":{"mods":["BaseMod","Colored Map","Colored Powertips","DeckTracker","Minty Spire (QoL Compilation)","Relic Stats","SpireBot","StSLib","Weighted Paths","ojb\u0027s Better Paths Mod","ojb\u0027s Info Mod"],"gold_per_floor":[115,115,129,129,139,139,158,158,183,183,209,220,252,252,252,326,326,338,338,338,338,354,388,32,32,32,46,46,78,97,111,111,182,182,198,198,215,228,245,260,279,312,362,362,362,386,417,428,428,428,428,428,428,8,38,38],"floor_reached":57,"language":"JPN","playtime":8461,"items_purged":[],"score":2878,"play_id":"dbf05069-cdae-47e4-b577-dbd23cb09c16","local_time":"20210217204338","is_ascension_mode":true,"campfire_choices":[{"data":"TalkToTheHand","floor":6,"key":"SMITH"},{"data":"BattleHymn","floor":8,"key":"SMITH"},{"data":"Fasting2","floor":10,"key":"SMITH"},{"data":"Wireheading","floor":15,"key":"SMITH"},{"floor":25,"key":"REST"},{"floor":32,"key":"REST"},{"floor":44,"key":"RECALL"},{"floor":49,"key":"REST"},{"floor":53,"key":"REST"}],"circlet_count":0,"master_deck":["AscendersBane","Strike_P+1","Strike_P+1","Strike_P+1","Strike_P+1","Defend_P+1","Defend_P+1","Defend_P+1","Eruption","Vigilance","Wireheading+1","BattleHymn+1","TalkToTheHand+1","Adaptation","Fasting2+1","Wallop","JustLucky","Omniscience","Ghostly","Ghostly","Ghostly","EmptyFist+1","Consecrate+1","Conclude+1","JustLucky+1","Halt","TalkToTheHand+1","Vengeance","Vault","FlurryOfBlows+1","ThirdEye+1","DeceiveReality","Tantrum+1","Weave+1"],"relics":["Sozu","Oddly Smooth Stone","Orichalcum","Ancient Tea Set","InkBottle","War Paint","Fusion Hammer","Molten Egg 2","Art of War","Frozen Eye","Bag of Preparation","Bottled Tornado","Pantograph","Tiny Chest","Busted Crown","Calipers","Bronze Scales","Dead Branch","Membership Card","Happy Flower","Centennial Puzzle","Unceasing Top"],"acts_visited":["Exordium","TheCity","TheBeyond","TheEnding"],"potions_floor_usage":[],"damage_taken":[{"damage":2,"enemies":"Jaw Worm","floor":1,"turns":4},{"damage":0,"enemies":"Cultist","floor":3,"turns":3},{"damage":0,"enemies":"2 Louse","floor":5,"turns":4},{"damage":0,"enemies":"Large Slime","floor":7,"turns":4},{"damage":0,"enemies":"Lagavulin","floor":11,"turns":4},{"damage":2,"enemies":"Looter","floor":12,"turns":3},{"damage":17,"enemies":"Gremlin Nob","floor":13,"turns":4},{"damage":31,"enemies":"The Guardian","floor":16,"turns":11},{"damage":5,"enemies":"3 Byrds","floor":18,"turns":6},{"damage":0,"enemies":"Chosen","floor":22,"turns":6},{"damage":12,"enemies":"Gremlin Leader","floor":23,"turns":4},{"damage":0,"enemies":"Centurion and Healer","floor":27,"turns":5},{"damage":28,"enemies":"Slavers","floor":29,"turns":5},{"damage":0,"enemies":"Shelled Parasite and Fungi","floor":30,"turns":4},{"damage":0,"enemies":"3 Cultists","floor":31,"turns":3},{"damage":7,"enemies":"Collector","floor":33,"turns":8},{"damage":0,"enemies":"Orb Walker","floor":35,"turns":4},{"damage":2,"enemies":"3 Darklings","floor":37,"turns":4},{"damage":0,"enemies":"Spire Growth","floor":38,"turns":4},{"damage":0,"enemies":"Writhing Mass","floor":39,"turns":6},{"damage":2,"enemies":"Sphere and 2 Shapes","floor":40,"turns":4},{"damage":0,"enemies":"Spire Growth","floor":41,"turns":5},{"damage":1,"enemies":"Giant Head","floor":42,"turns":9},{"damage":0,"enemies":"Reptomancer","floor":47,"turns":5},{"damage":0,"enemies":"Transient","floor":48,"turns":6},{"damage":0,"enemies":"Awakened One","floor":50,"turns":14},{"damage":14,"enemies":"Time Eater","floor":51,"turns":16},{"damage":1,"enemies":"Shield and Spear","floor":55,"turns":5},{"damage":1,"enemies":"The Heart","floor":56,"turns":8}],"seed_played":"4603911150816218918","potions_obtained":[],"is_trial":false,"path_per_floor":["M","?","M","?","M","R","M","R","T","R","E","M","E","?","R","B",null,"M","?","?","T","M","E","$","R","T","M","?","E","M","M","R","B",null,"M","?","M","M","M","M","M","E","T","R","?","T","E","M","R","B","B",null,"R","$","E","B",null],"character_chosen":"WATCHER","items_purchased":["Frozen Eye","Bag of Preparation","Conclude+1","Membership Card","Tantrum+1","Weave+1","Happy Flower","Centennial Puzzle"],"campfire_rested":4,"item_purchase_floors":[24,24,24,54,54,54,54,54],"current_hp_per_floor":[59,59,59,54,54,54,54,54,54,54,54,52,35,35,35,4,52,47,34,34,34,34,22,22,32,32,32,32,4,4,4,14,27,32,32,32,30,30,30,28,28,27,27,27,27,27,27,27,34,34,20,31,34,34,33,33],"gold":38,"neow_bonus":"BOSS_RELIC","is_daily":false,"chose_seed":false,"campfire_upgraded":4,"win_rate":0.0,"timestamp":1613562218,"path_taken":["M","?","?","?","M","R","M","R","T","R","E","M","E","?","R","BOSS","M","?","?","?","M","E","$","R","T","M","?","E","M","M","R","BOSS","M","?","M","M","?","M","M","E","T","R","?","?","E","M","R","BOSS","BOSS","R","$","E","BOSS"],"items_purchased_type":["Relic","Relic","Card","Relic","Card","Card","Relic","Relic"],"build_version":"2020-12-18","purchased_purges":0,"victory":true,"max_hp_per_floor":[68,68,68,68,68,68,68,68,68,68,68,68,68,68,68,68,68,68,34,34,34,34,34,34,34,34,34,34,34,34,34,34,34,34,34,34,34,34,34,34,34,34,34,34,34,34,34,34,34,34,34,34,34,34,34,34],"relic_stats":{"Happy Flower":[4],"counters":[29,168],"Dead Branch":[67],"Bag of Preparation":[36],"Orichalcum":[120],"War Paint":["Defend_P","Defend_P"],"Sozu":12,"Centennial Puzzle":[6],"Busted Crown":20,"Pantograph":21,"Bronze Scales":[284],"Tiny Chest":1,"Art of War":[10],"obtain_stats":[{"Calipers":42,"Happy Flower":54,"Dead Branch":47,"Oddly Smooth Stone":4,"Bag of Preparation":24,"Orichalcum":9,"War Paint":14,"Bottled Tornado":26,"Ancient Tea Set":11,"Sozu":0,"Frozen Eye":24,"Centennial Puzzle":54,"Busted Crown":34,"Pantograph":28,"Bronze Scales":46,"Molten Egg 2":21,"Tiny Chest":29,"Fusion Hammer":17,"Art of War":23,"Membership Card":54,"PureWater":0,"InkBottle":13,"Unceasing Top":55},{"Calipers":23,"Happy Flower":27,"Dead Branch":24,"Oddly Smooth Stone":2,"Bag of Preparation":11,"Orichalcum":4,"War Paint":7,"Bottled Tornado":11,"Ancient Tea Set":5,"Sozu":0,"Frozen Eye":11,"Centennial Puzzle":27,"Busted Crown":16,"Pantograph":12,"Bronze Scales":23,"Molten Egg 2":9,"Tiny Chest":13,"Fusion Hammer":8,"Art of War":11,"Membership Card":27,"PureWater":0,"InkBottle":7,"Unceasing Top":28},{"Calipers":114,"Happy Flower":155,"Dead Branch":119,"Oddly Smooth Stone":7,"Bag of Preparation":53,"Orichalcum":15,"War Paint":26,"Bottled Tornado":53,"Ancient Tea Set":19,"Sozu":0,"Frozen Eye":53,"Centennial Puzzle":155,"Busted Crown":78,"Pantograph":58,"Bronze Scales":114,"Molten Egg 2":43,"Tiny Chest":63,"Fusion Hammer":37,"Art of War":53,"Membership Card":155,"PureWater":0,"InkBottle":26,"Unceasing Top":160}],"InkBottle":[67],"Unceasing Top":[0]},"card_choices":[{"not_picked":["Nirvana","WaveOfTheHand"],"picked":"Wireheading","floor":1},{"not_picked":["CrushJoints","Prostrate"],"picked":"TalkToTheHand","floor":3},{"not_picked":["Halt","SashWhip"],"picked":"Adaptation","floor":5},{"not_picked":["FlurryOfBlows","BowlingBash"],"picked":"Fasting2","floor":7},{"not_picked":["Consecrate","FlyingSleeves"],"picked":"Wallop","floor":11},{"not_picked":["SandsOfTime","LikeWater","CrushJoints"],"picked":"SKIP","floor":12},{"not_picked":["Wish","Crescendo"],"picked":"JustLucky","floor":13},{"not_picked":["MasterReality","LessonLearned"],"picked":"Omniscience","floor":16},{"not_picked":["Crescendo","FollowUp","BattleHymn"],"picked":"SKIP","floor":18},{"not_picked":["Adaptation","Protect"],"picked":"EmptyFist+1","floor":22},{"not_picked":["SignatureMove+1","WreathOfFlame"],"picked":"Consecrate+1","floor":23},{"not_picked":["FlyingSleeves+1","SashWhip+1"],"picked":"JustLucky+1","floor":27},{"not_picked":["WreathOfFlame+1","Vengeance"],"picked":"Halt","floor":29},{"not_picked":["FlyingSleeves+1","Protect"],"picked":"TalkToTheHand+1","floor":30},{"not_picked":["EmptyBody","ClearTheMind"],"picked":"Vengeance","floor":31},{"not_picked":["Devotion","Wish"],"picked":"Vault","floor":33},{"not_picked":["BowlingBash+1"],"picked":"SKIP","floor":35},{"not_picked":["CrushJoints+1"],"picked":"SKIP","floor":37},{"not_picked":[],"picked":"FlurryOfBlows+1","floor":38},{"not_picked":["CarveReality+1"],"picked":"SKIP","floor":39},{"not_picked":[],"picked":"ThirdEye+1","floor":40},{"not_picked":[],"picked":"DeceiveReality","floor":41},{"not_picked":["ReachHeaven+1"],"picked":"SKIP","floor":42},{"not_picked":["ReachHeaven+1"],"picked":"SKIP","floor":42},{"not_picked":["FlyingSleeves+1"],"picked":"SKIP","floor":47},{"not_picked":["Prostrate"],"picked":"SKIP","floor":48},{"not_picked":["Prostrate"],"picked":"SKIP","floor":48},{"not_picked":["Swivel"],"picked":"SKIP","floor":55}],"player_experience":2730477,"relics_obtained":[{"floor":9,"key":"Orichalcum"},{"floor":11,"key":"Ancient Tea Set"},{"floor":13,"key":"InkBottle"},{"floor":21,"key":"Molten Egg 2"},{"floor":23,"key":"Art of War"},{"floor":26,"key":"Bottled Tornado"},{"floor":29,"key":"Tiny Chest"},{"floor":42,"key":"Calipers"},{"floor":46,"key":"Bronze Scales"},{"floor":47,"key":"Dead Branch"},{"floor":55,"key":"Unceasing Top"}],"event_choices":[{"damage_healed":0,"gold_gain":0,"cards_transformed":["Defend_P"],"player_choice":"Transformed","damage_taken":0,"max_hp_gain":0,"max_hp_loss":0,"event_name":"Transmorgrifier","floor":2,"gold_loss":0,"cards_obtained":["BattleHymn"]},{"damage_healed":0,"gold_gain":0,"player_choice":"Success","damage_taken":5,"relics_obtained":["Oddly Smooth Stone"],"max_hp_gain":0,"max_hp_loss":0,"event_name":"Scrap Ooze","floor":4,"gold_loss":0},{"damage_healed":0,"gold_gain":0,"player_choice":"Searched \u00271\u0027 times","damage_taken":0,"relics_obtained":["War Paint"],"max_hp_gain":0,"max_hp_loss":0,"event_name":"Dead Adventurer","floor":14,"gold_loss":0},{"damage_healed":0,"gold_gain":0,"player_choice":"Became a Ghost","damage_taken":0,"max_hp_gain":0,"max_hp_loss":34,"event_name":"Ghosts","floor":19,"gold_loss":0,"cards_obtained":["Ghostly","Ghostly","Ghostly"]},{"damage_healed":0,"gold_gain":0,"player_choice":"Simplicity","damage_taken":0,"max_hp_gain":0,"max_hp_loss":0,"event_name":"Back to Basics","floor":20,"gold_loss":0,"cards_upgraded":["Strike_P","Strike_P","Strike_P","Strike_P","Defend_P"]},{"damage_healed":0,"gold_gain":0,"player_choice":"Stole Relic","damage_taken":0,"relics_obtained":["Pantograph"],"max_hp_gain":0,"max_hp_loss":0,"event_name":"Addict","floor":28,"gold_loss":0,"cards_obtained":["Shame"]},{"cards_removed":["Shame"],"damage_healed":0,"gold_gain":0,"player_choice":"Purged","damage_taken":0,"max_hp_gain":0,"max_hp_loss":0,"event_name":"Purifier","floor":36,"gold_loss":0},{"damage_healed":0,"gold_gain":0,"player_choice":"Ignored","damage_taken":0,"max_hp_gain":0,"max_hp_loss":0,"event_name":"Tomb of Lord Red Mask","floor":45,"gold_loss":0}],"is_beta":true,"boss_relics":[{"not_picked":["Coffee Dripper","Ectoplasm"],"picked":"Fusion Hammer"},{"not_picked":["Snecko Eye","Pandora\u0027s Box"],"picked":"Busted Crown"}],"items_purged_floors":[],"is_endless":false,"potions_floor_spawned":[1,3,5,16,18,22,30,33,35,37,47,48],"ascension_level":20}}