{"host":"91blwi3hgehj6ch9","time":1613571700,"event":{"mods":["2.2 Compatiblity","AchievementEnabler","BaseMod","Colored Map","DeckTracker","Keyboard Shortcuts","Minty Spire (QoL Compilation)","Permanent Neow","StSLib","SuperFastMode","everything is the same but u backflip on backflip"],"gold_per_floor":[12,12,32,52,71,71,96,21,89,105,117,152,152,165,165,268,268,284,295,38,38,38,38,58,58,81,114,114,114,128,144,144,249,249,266,36,51,51,65,99,111,111,179,195,211,211,86,99,99,99],"floor_reached":51,"language":"KOR","playtime":2647,"items_purged":["Strike_R","Reckless Charge","Wild Strike"],"score":1116,"play_id":"11688096-ba3d-4908-ae1e-f9e5bbae05f5","local_time":"20210217232140","is_ascension_mode":true,"campfire_choices":[{"data":"Uppercut","floor":6,"key":"SMITH"},{"floor":13,"key":"REST"},{"data":"Bludgeon","floor":15,"key":"SMITH"},{"floor":23,"key":"REST"},{"data":"Barricade","floor":25,"key":"SMITH"},{"data":"Corruption","floor":28,"key":"SMITH"},{"floor":32,"key":"REST"},{"floor":42,"key":"REST"},{"floor":49,"key":"REST"}],"circlet_count":0,"master_deck":["AscendersBane","Bash","Uppercut+1","Battle Trance+1","Rage","Reckless Charge","Pommel Strike","Spot Weakness","Bludgeon+1","Barricade+1","Carnage","Exhume","Feed","Corruption+1","Flame Barrier+1","Shrug It Off+1","Dropkick","Burning Pact","Shrug It Off+1","Feel No Pain","Power Through+1","Reaper","Heavy Blade+1","Fiend Fire","Dark Embrace+1","Ghostly Armor","Feel No Pain+1","Dropkick","True Grit+1","Ghostly Armor","Flash of Steel","Sever Soul+1"],"relics":["Burning Blood","Ginger","Ancient Tea Set","White Beast Statue","Question Card","Pandora\u0027s Box","Anchor","Lantern","Regal Pillow","War Paint","Fusion Hammer","Ornamental Fan"],"acts_visited":["Exordium","TheCity","TheBeyond"],"potions_floor_usage":[7,11,12,16,16,27,27,33,45,45,48,50],"damage_taken":[{"damage":3,"enemies":"2 Louse","floor":1,"turns":4},{"damage":5,"enemies":"Cultist","floor":3,"turns":5},{"damage":3,"enemies":"Jaw Worm","floor":4,"turns":5},{"damage":8,"enemies":"Large Slime","floor":5,"turns":5},{"damage":36,"enemies":"Gremlin Nob","floor":7,"turns":5},{"damage":3,"enemies":"Looter","floor":10,"turns":4},{"damage":24,"enemies":"Gremlin Gang","floor":11,"turns":6},{"damage":25,"enemies":"3 Sentries","floor":12,"turns":9},{"damage":4,"enemies":"Blue Slaver","floor":14,"turns":3},{"damage":38,"enemies":"The Guardian","floor":16,"turns":13},{"damage":44,"enemies":"3 Byrds","floor":18,"turns":5},{"damage":22,"enemies":"Spheric Guardian","floor":19,"turns":4},{"damage":20,"enemies":"Cultist and Chosen","floor":24,"turns":5},{"damage":16,"enemies":"Book of Stabbing","floor":27,"turns":5},{"damage":6,"enemies":"Shelled Parasite and Fungi","floor":30,"turns":4},{"damage":7,"enemies":"Snake Plant","floor":31,"turns":5},{"damage":9,"enemies":"Champ","floor":33,"turns":12},{"damage":21,"enemies":"3 Darklings","floor":35,"turns":10},{"damage":39,"enemies":"3 Shapes","floor":37,"turns":8},{"damage":7,"enemies":"Maw","floor":39,"turns":11},{"damage":5,"enemies":"Nemesis","floor":40,"turns":11},{"damage":51,"enemies":"Spire Growth","floor":41,"turns":8},{"damage":56,"enemies":"Transient","floor":44,"turns":5},{"damage":9,"enemies":"Jaw Worm Horde","floor":45,"turns":6},{"damage":6,"enemies":"Writhing Mass","floor":48,"turns":5},{"damage":17,"enemies":"Time Eater","floor":50,"turns":12}],"seed_played":"4506366609510341816","potions_obtained":[{"floor":3,"key":"Energy Potion"},{"floor":4,"key":"SpeedPotion"},{"floor":5,"key":"Block Potion"},{"floor":10,"key":"SkillPotion"},{"floor":11,"key":"SpeedPotion"},{"floor":12,"key":"Block Potion"},{"floor":16,"key":"BloodPotion"},{"floor":18,"key":"PowerPotion"},{"floor":24,"key":"Block Potion"},{"floor":27,"key":"CultistPotion"},{"floor":30,"key":"Energy Potion"},{"floor":33,"key":"BlessingOfTheForge"},{"floor":45,"key":"AttackPotion"},{"floor":48,"key":"SneckoOil"}],"is_trial":false,"path_per_floor":["M","?","M","M","M","R","E","$","T","M","M","E","R","M","R","B",null,"M","M","$","?","?","R","M","R","T","E","R","?","M","M","R","B",null,"M","$","M","?","M","E","M","R","T","M","M","?","$","M","R","B",null],"character_chosen":"IRONCLAD","items_purchased":["Anchor","Fiend Fire","Dark Embrace"],"campfire_rested":5,"item_purchase_floors":[20,36,36],"current_hp_per_floor":[75,75,76,79,77,77,47,47,47,50,32,13,37,39,39,7,62,27,11,11,11,11,35,21,21,21,30,30,30,33,32,73,70,84,83,83,50,50,56,57,25,67,67,17,14,14,14,24,66,59],"gold":99,"neow_bonus":"REMOVE_TWO","is_daily":false,"chose_seed":false,"campfire_upgraded":4,"win_rate":0.0,"timestamp":1613571700,"path_taken":["M","?","?","M","M","R","E","$","T","M","M","E","R","M","R","BOSS","M","M","$","?","?","R","M","R","T","E","R","?","?","M","R","BOSS","M","$","M","?","M","E","M","R","T","?","?","?","?","M","R","BOSS"],"items_purchased_type":["Relic","Card","Card"],"build_version":"2020-12-22","purchased_purges":3,"victory":true,"max_hp_per_floor":[80,80,80,80,80,80,80,80,80,80,80,80,80,80,80,80,80,83,83,83,83,83,83,83,83,83,86,86,86,89,89,89,89,89,89,89,89,89,89,89,92,92,92,92,92,92,92,92,92,92],"card_choices":[{"not_picked":["Thunderclap","Clash"],"picked":"Sword Boomerang","floor":1},{"not_picked":["Bloodletting","Anger"],"picked":"Uppercut","floor":3},{"not_picked":["Sentinel","Iron Wave"],"picked":"Battle Trance","floor":4},{"not_picked":["Flex","Perfected Strike"],"picked":"Rage","floor":5},{"not_picked":["Clothesline","Heavy Blade","Reaper"],"picked":"SKIP","floor":7},{"not_picked":["Sever Soul","Perfected Strike"],"picked":"Reckless Charge","floor":10},{"not_picked":["Clash","Infernal Blade"],"picked":"Pommel Strike","floor":11},{"not_picked":["Bloodletting","Dark Embrace"],"picked":"Spot Weakness","floor":12},{"not_picked":["Sentinel","Headbutt","Warcry"],"picked":"Bludgeon","floor":14},{"not_picked":["Corruption","Demon Form","Reaper"],"picked":"Barricade","floor":16},{"not_picked":["Warcry","Sever Soul+1","Headbutt"],"picked":"Flame Barrier","floor":18},{"not_picked":["Clash","Armaments","Havoc"],"picked":"Shrug It Off+1","floor":19},{"not_picked":["Rampage","Fire Breathing","Thunderclap+1"],"picked":"Dropkick","floor":24},{"not_picked":["Wild Strike+1","Havoc","True Grit"],"picked":"Burning Pact","floor":27},{"not_picked":["Wild Strike","Fiend Fire","Pummel"],"picked":"Feel No Pain","floor":30},{"not_picked":["Blood for Blood","Iron Wave","Infernal Blade"],"picked":"Power Through+1","floor":31},{"not_picked":["Juggernaut","Corruption","Impervious"],"picked":"Reaper","floor":33},{"not_picked":["Metallicize","Wild Strike","Thunderclap+1"],"picked":"Heavy Blade+1","floor":35},{"not_picked":["Pommel Strike","Pummel","Dropkick"],"picked":"Ghostly Armor","floor":37},{"not_picked":["Cleave","Havoc+1","Flex","Corruption"],"picked":"SKIP","floor":39},{"not_picked":["True Grit","Warcry","Clash+1"],"picked":"Feel No Pain+1","floor":40},{"not_picked":["Uppercut+1","True Grit","Cleave+1"],"picked":"Dropkick","floor":41},{"not_picked":["Feed","Dual Wield+1","Inflame"],"picked":"True Grit+1","floor":44},{"not_picked":["Thunderclap+1","Bloodletting+1","Flex+1"],"picked":"Ghostly Armor","floor":45},{"not_picked":["Blind","Good Instincts","Impatience"],"picked":"Flash of Steel","floor":46},{"not_picked":["Bloodletting","Thunderclap+1","Perfected Strike"],"picked":"Sever Soul+1","floor":48}],"player_experience":282258,"relics_obtained":[{"floor":7,"key":"Ancient Tea Set"},{"floor":9,"key":"White Beast Statue"},{"floor":12,"key":"Question Card"},{"floor":26,"key":"Regal Pillow"},{"floor":27,"key":"War Paint"},{"floor":40,"key":"Ornamental Fan"}],"event_choices":[{"cards_removed":["Sword Boomerang"],"damage_healed":0,"gold_gain":0,"player_choice":"Gave Card","damage_taken":0,"relics_obtained":["Ginger"],"max_hp_gain":0,"max_hp_loss":0,"event_name":"WeMeetAgain","floor":2,"gold_loss":0},{"damage_healed":0,"gold_gain":0,"player_choice":"Opened","damage_taken":0,"relics_obtained":["Lantern"],"max_hp_gain":0,"max_hp_loss":0,"event_name":"The Mausoleum","floor":22,"gold_loss":0},{"damage_healed":0,"gold_gain":0,"player_choice":"Copied","damage_taken":0,"max_hp_gain":0,"max_hp_loss":0,"event_name":"Duplicator","floor":29,"gold_loss":0,"cards_obtained":["Shrug It Off"]},{"damage_healed":0,"gold_gain":0,"player_choice":"Forge","damage_taken":0,"max_hp_gain":0,"max_hp_loss":0,"event_name":"Accursed Blacksmith","floor":38,"gold_loss":0,"cards_upgraded":["Dark Embrace"]},{"damage_healed":0,"gold_gain":0,"player_choice":"Memory 1","damage_taken":0,"max_hp_gain":0,"max_hp_loss":0,"event_name":"SensoryStone","floor":46,"gold_loss":0}],"is_beta":false,"boss_relics":[{"not_picked":["Ectoplasm","Sozu"],"picked":"Pandora\u0027s Box"},{"not_picked":["Tiny House","Black Star"],"picked":"Fusion Hammer"}],"items_purged_floors":[8,20,47],"is_endless":false,"potions_floor_spawned":[3,4,5,10,11,12,14,16,18,19,24,27,30,31,33,35,37,39,40,41,44,45,48],"ascension_level":11}}