{"host":"bg8va46pgqgvtzim","time":1613569234,"event":{"mods":["BaseMod","Minty Spire (QoL Compilation)","Quick Restart","StSLib","SuperFastMode"],"gold_per_floor":[113,113,127,127,127,147,147,172,62,79,111,188,212,224,252,275,304,330,342,354,395,407,516,528,559,47,60,76,76,76,76,102,120,146,146,215,225,245,245,264,291,305,305,400,400,420,470,486,486,500,520,520,548,548,548,548,579,605,605,617,345,360,379,399,399,414,432,126,126,126,126,126,126,161,161],"floor_reached":76,"language":"ZHS","playtime":2516,"items_purged":["Strike_B","Sweeping Beam","Zap+1","Turbo"],"score":1881,"play_id":"2e7d4bde-fd57-4352-9a15-1647dad9cc17","local_time":"20210217214034","is_ascension_mode":true,"campfire_choices":[{"data":"Zap","floor":7.0,"key":"SMITH"},{"data":"Recycle","floor":14.0,"key":"SMITH"},{"floor":19.0,"key":"REST"},{"data":"Defragment","floor":22.0,"key":"SMITH"},{"data":"Apotheosis","floor":31,"key":"SMITH"},{"floor":35,"key":"RECALL"},{"data":"Deep Breath","floor":39,"key":"SMITH"},{"data":"Coolheaded","floor":43,"key":"SMITH"},{"data":"Fission","floor":52,"key":"SMITH"},{"data":"Coolheaded","floor":54,"key":"SMITH"},{"data":"Skim","floor":56,"key":"SMITH"},{"data":"Biased Cognition","floor":69,"key":"SMITH"},{"data":"Panacea","floor":72,"key":"SMITH"}],"circlet_count":0,"master_deck":["Dualcast","All For One+1","Recycle+1","Defragment+1","Undo","Gash+1","Fission+1","Turbo","Sunder","Genetic Algorithm","Beam Cell","Coolheaded+1","Apotheosis+1","Deep Breath+1","Hologram","Coolheaded+1","Defragment+1","Skim+1","Core Surge","Gash+1","Panacea+1","Finesse","Biased Cognition+1","Seek"],"relics":["Cracked Core","StrikeDummy","CaptainsWheel","MawBank","Ginger","Bag of Preparation","Pandora\u0027s Box","DataDisk","InkBottle","Whetstone","Blood Vial","Kunai","MealTicket","Black Star","Calipers","Turnip","Mercury Hourglass","Bird Faced Urn","Art of War","Cables","ClockworkSouvenir","OrangePellets","Lizard Tail","TungstenRod"],"acts_visited":["Exordium","TheCity","TheBeyond","TheEnding"],"potions_floor_usage":[75,75],"damage_taken":[{"damage":1.0,"enemies":"2 Louse","floor":1.0,"turns":2.0},{"damage":0.0,"enemies":"Small Slimes","floor":3.0,"turns":3.0},{"damage":4.0,"enemies":"Cultist","floor":6.0,"turns":4.0},{"damage":18.0,"enemies":"Gremlin Nob","floor":8.0,"turns":3.0},{"damage":0.0,"enemies":"Exordium Thugs","floor":10.0,"turns":4.0},{"damage":16.0,"enemies":"3 Sentries","floor":11.0,"turns":7.0},{"damage":4.0,"enemies":"Looter","floor":15.0,"turns":2.0},{"damage":1.0,"enemies":"2 Fungi Beasts","floor":16.0,"turns":2.0},{"damage":0.0,"enemies":"Lots of Slimes","floor":17.0,"turns":3.0},{"damage":0.0,"enemies":"Looter","floor":18.0,"turns":3.0},{"damage":0.0,"enemies":"Gremlin Nob","floor":21.0,"turns":3.0},{"damage":14.0,"enemies":"The Guardian","floor":23.0,"turns":9.0},{"damage":0,"enemies":"Spheric Guardian","floor":25,"turns":4},{"damage":0,"enemies":"Chosen","floor":27,"turns":3},{"damage":4,"enemies":"Snake Plant","floor":28,"turns":3},{"damage":0,"enemies":"Slavers","floor":32,"turns":1},{"damage":0,"enemies":"Cultist and Chosen","floor":33,"turns":2},{"damage":0,"enemies":"Book of Stabbing","floor":34,"turns":4},{"damage":0,"enemies":"Sentry and Sphere","floor":37,"turns":2},{"damage":0,"enemies":"Snake Plant","floor":38,"turns":2},{"damage":0,"enemies":"3 Cultists","floor":40,"turns":2},{"damage":0,"enemies":"Slavers","floor":41,"turns":2},{"damage":0,"enemies":"Snecko","floor":42,"turns":2},{"damage":0,"enemies":"Champ","floor":44,"turns":2},{"damage":0,"enemies":"3 Darklings","floor":46,"turns":2},{"damage":0,"enemies":"Mind Bloom Boss Battle","floor":47,"turns":2},{"damage":0,"enemies":"3 Shapes","floor":48,"turns":1},{"damage":0,"enemies":"Jaw Worm Horde","floor":50,"turns":2},{"damage":0,"enemies":"Sphere and 2 Shapes","floor":51,"turns":3},{"damage":0,"enemies":"Reptomancer","floor":53,"turns":2},{"damage":0,"enemies":"Giant Head","floor":57,"turns":3},{"damage":0,"enemies":"Writhing Mass","floor":60,"turns":2},{"damage":0,"enemies":"3 Darklings","floor":62,"turns":3},{"damage":0,"enemies":"Spire Growth","floor":63,"turns":2},{"damage":0,"enemies":"Transient","floor":64,"turns":2},{"damage":0,"enemies":"3 Darklings","floor":66,"turns":2},{"damage":0,"enemies":"Sphere and 2 Shapes","floor":67,"turns":2},{"damage":0,"enemies":"Awakened One","floor":70,"turns":2},{"damage":0,"enemies":"Shield and Spear","floor":74,"turns":1},{"damage":0,"enemies":"The Heart","floor":75,"turns":4}],"seed_played":"-7775467023542973678","potions_obtained":[{"floor":1.0,"key":"LiquidBronze"},{"floor":3.0,"key":"Strength Potion"},{"floor":5.0,"key":"Fire Potion"},{"floor":5.0,"key":"Swift Potion"},{"floor":11.0,"key":"EntropicBrew"},{"floor":17.0,"key":"Regen Potion"},{"floor":21.0,"key":"SpeedPotion"},{"floor":25,"key":"FocusPotion"},{"floor":28,"key":"Block Potion"},{"floor":33,"key":"PowerPotion"},{"floor":62,"key":"LiquidMemories"}],"is_trial":false,"path_per_floor":["M","?","M","?","?","M","R","E","$","M","E","T","T","R","M","M","M","M","R","T","E","R","B",null,"M","$","M","M","?","?","R","E","M","E","R","T","M","M","R","M","E","M","R","B",null,"M","?","M","?","M","M","R","E","R","?","R","E","T","T","M","$","M","M","M","?","M","M","$","R","B",null,"R","$","E","B",null],"character_chosen":"DEFECT","items_purchased":["Defragment","DataDisk","Apotheosis","Deep Breath","ClockworkSouvenir","OrangePellets"],"campfire_rested":1,"item_purchase_floors":[9,26,26,26,61,68],"current_hp_per_floor":[53,46,46,46,46,42,42,24,24,24,8,8,8,8,4,3,3,3,25,25,34,34,20,75,75,75,75,71,71,71,71,71,71,71,71,71,73,75,75,75,75,75,75,75,75,75,75,75,71,71,71,71,71,71,61,61,63,63,63,69,71,71,71,71,71,71,71,71,71,71,71,71,71,71,71],"gold":161,"neow_bonus":"THREE_RARE_CARDS","is_daily":false,"chose_seed":false,"campfire_upgraded":11,"win_rate":0.0,"timestamp":1613569234,"path_taken":["M","?","M","?","?","M","R","E","$","M","E","T","T","R","M","?","M","M","R","?","E","R","BOSS","M","$","M","M","?","?","R","E","M","E","R","T","M","M","R","M","E","?","R","BOSS","M","?","M","?","M","M","R","E","R","?","R","E","T","T","M","$","M","?","M","?","M","M","?","R","BOSS","R","$","E","BOSS"],"items_purchased_type":["Card","Relic","Card","Card","Relic","Relic"],"build_version":"2020-12-22","purchased_purges":4,"victory":true,"max_hp_per_floor":[75,75,75,75,75,75,75,75,75,75,75,75,75,75,75,75,75,75,75,75,75,75,75,75,75,75,75,75,75,75,75,75,75,75,75,75,75,75,75,75,75,75,75,75,75,75,75,75,71,71,71,71,71,71,71,71,71,71,71,71,71,71,71,71,71,71,71,71,71,71,71,71,71,71,71],"card_choices":[{"not_picked":["Hyperbeam","Fission"],"picked":"All For One","floor":0.0},{"not_picked":["Darkness","Stack","Steam Power"],"picked":"SKIP","floor":1.0},{"not_picked":["Fusion","Redo"],"picked":"Recycle","floor":3.0},{"not_picked":["Capacitor","Stack","Conserve Battery"],"picked":"SKIP","floor":6.0},{"not_picked":["Melter","Sweeping Beam"],"picked":"Steam","floor":8.0},{"not_picked":["Conserve Battery","Go for the Eyes"],"picked":"Turbo","floor":10.0},{"not_picked":["Chaos","Rebound","Darkness"],"picked":"SKIP","floor":11.0},{"not_picked":["Force Field","Chaos","Melter"],"picked":"SKIP","floor":15.0},{"not_picked":["Leap","Rainbow"],"picked":"Undo","floor":16.0},{"not_picked":["BootSequence","Hologram"],"picked":"Gash","floor":17.0},{"not_picked":["Barrage","Storm","Streamline"],"picked":"SKIP","floor":18.0},{"not_picked":["Redo","Meteor Strike","Double Energy"],"picked":"SKIP","floor":21.0},{"not_picked":["Reboot","Rainbow"],"picked":"Fission","floor":23.0},{"not_picked":["Stack","Consume"],"picked":"Coolheaded","floor":25},{"not_picked":["FTL+1","Streamline","Force Field"],"picked":"SKIP","floor":27},{"not_picked":["Heatsinks","Aggregate+1"],"picked":"Hologram","floor":28},{"not_picked":["Hologram","Barrage","Scrape"],"picked":"SKIP","floor":32},{"not_picked":["Coolheaded","Redo"],"picked":"Defragment+1","floor":33},{"not_picked":["Redo","Hello World","Self Repair"],"picked":"SKIP","floor":34},{"not_picked":["Reinforced Body","Steam","Heatsinks"],"picked":"SKIP","floor":37},{"not_picked":["Rip and Tear+1","Sweeping Beam"],"picked":"Skim","floor":38},{"not_picked":["Reprogram","Hello World","Melter"],"picked":"SKIP","floor":40},{"not_picked":["Conserve Battery+1","Heatsinks","Sweeping Beam"],"picked":"SKIP","floor":41},{"not_picked":["Steam","Chaos","Recycle"],"picked":"SKIP","floor":42},{"not_picked":["Seek","All For One"],"picked":"Core Surge","floor":44},{"not_picked":["Conserve Battery","BootSequence+1","Darkness+1"],"picked":"SKIP","floor":46},{"not_picked":["Conserve Battery+1","Hologram+1","Streamline+1"],"picked":"SKIP","floor":48},{"not_picked":["Scrape+1","Beam Cell"],"picked":"Gash+1","floor":50},{"not_picked":["Stack+1","Beam Cell+1","Reinforced Body+1"],"picked":"SKIP","floor":51},{"not_picked":["Consume","Heatsinks+1","Hologram"],"picked":"SKIP","floor":53},{"not_picked":["Enlightenment","Swift Strike"],"picked":"Panacea","floor":55},{"not_picked":["Purity","Swift Strike"],"picked":"Finesse","floor":55},{"not_picked":["Heatsinks+1","Leap","Stack+1"],"picked":"SKIP","floor":57},{"not_picked":["Fusion","Lockon","Compile Driver"],"picked":"SKIP","floor":60},{"not_picked":["Loop","Leap+1","Auto Shields"],"picked":"SKIP","floor":62},{"not_picked":["Thunder Strike","Turbo","Redo+1"],"picked":"SKIP","floor":63},{"not_picked":["Go for the Eyes+1","Ball Lightning+1","Self Repair+1"],"picked":"SKIP","floor":64},{"not_picked":["Gash","Blizzard","Scrape"],"picked":"SKIP","floor":66},{"not_picked":["Conserve Battery+1","Gash+1"],"picked":"Biased Cognition","floor":67},{"not_picked":["Hologram","Darkness"],"picked":"Seek","floor":74}],"player_experience":2488978,"relics_obtained":[{"floor":8.0,"key":"StrikeDummy"},{"floor":11.0,"key":"CaptainsWheel"},{"floor":13.0,"key":"MawBank"},{"floor":20.0,"key":"Ginger"},{"floor":21.0,"key":"Bag of Preparation"},{"floor":32,"key":"Whetstone"},{"floor":34,"key":"Blood Vial"},{"floor":36,"key":"Kunai"},{"floor":41,"key":"MealTicket"},{"floor":47,"key":"Calipers"},{"floor":53,"key":"Turnip"},{"floor":57,"key":"Mercury Hourglass"},{"floor":57,"key":"Bird Faced Urn"},{"floor":58,"key":"Art of War"},{"floor":59,"key":"Cables"},{"floor":74,"key":"Lizard Tail"},{"floor":74,"key":"TungstenRod"}],"event_choices":[{"cards_removed":["Strike_B"],"damage_healed":0.0,"max_hp_gain":0.0,"max_hp_loss":0.0,"gold_gain":0.0,"event_name":"Golden Wing","player_choice":"Card Removal","floor":2.0,"gold_loss":0.0,"damage_taken":7.0},{"damage_healed":0.0,"max_hp_gain":0.0,"max_hp_loss":0.0,"gold_gain":0.0,"event_name":"Liars Game","player_choice":"Ignored","floor":4.0,"gold_loss":0.0,"damage_taken":0.0},{"damage_healed":0.0,"max_hp_gain":0.0,"max_hp_loss":0.0,"gold_gain":0.0,"event_name":"Lab","player_choice":"Got Potions","floor":5.0,"gold_loss":0.0,"damage_taken":0.0},{"damage_healed":0,"gold_gain":0,"player_choice":"Read","damage_taken":0,"max_hp_gain":0,"max_hp_loss":0,"event_name":"The Library","floor":29,"gold_loss":0,"cards_obtained":["Coolheaded"]},{"cards_removed":["Steam"],"damage_healed":0,"gold_gain":0,"player_choice":"Gave Card","damage_taken":0,"relics_obtained":["InkBottle"],"max_hp_gain":0,"max_hp_loss":0,"event_name":"WeMeetAgain","floor":30,"gold_loss":0},{"damage_healed":0,"gold_gain":0,"player_choice":"Fight","damage_taken":0,"max_hp_gain":0,"max_hp_loss":0,"event_name":"MindBloom","floor":47,"gold_loss":0},{"damage_healed":0,"gold_gain":0,"player_choice":"Max HP","damage_taken":0,"max_hp_gain":0,"max_hp_loss":4,"event_name":"Winding Halls","floor":49,"gold_loss":0},{"damage_healed":0,"gold_gain":0,"player_choice":"Memory 3","damage_taken":10,"max_hp_gain":0,"max_hp_loss":0,"event_name":"SensoryStone","floor":55,"gold_loss":0},{"cards_removed":["Steam"],"damage_healed":0,"gold_gain":0,"player_choice":"Removed Skill","damage_taken":0,"max_hp_gain":0,"max_hp_loss":0,"event_name":"Falling","floor":65,"gold_loss":0}],"is_beta":false,"boss_relics":[{"not_picked":["Philosopher\u0027s Stone","Coffee Dripper"],"picked":"Pandora\u0027s Box"},{"not_picked":["Inserter","SacredBark"],"picked":"Black Star"}],"items_purged_floors":[9,26,61,68],"is_endless":false,"potions_floor_spawned":[1,3,11,17,18,21,25,28,33,40,42,46,50,57,62,63,64],"ascension_level":1}}