{"host":"gf8hyl7jhl0is674","time":1613528922,"event":{"mods":["2.2 Compatiblity","Act Like it!","BaseMod","CapriCore","Chen","Colored Map","Gensokyo","Hallownest","KinomotoSakuraMod(????)","Koishi","Marisa????????","Minty Spire (QoL Compilation)","Permanent Neow","Reimu??????","StSLib","The Administrix","The Blue Laboratory","The Immortal","The Servant 0.9.4","Waifu the Spire"],"gold_per_floor":[114,126,126,206,46,46,65,65,134,8,20,20,38,38,38],"floor_reached":14,"language":"ENG","playtime":3524,"items_purged":[],"score":80,"play_id":"25429d6b-bc3a-4191-8d60-71ca48e03681","local_time":"20210216192842","is_ascension_mode":false,"campfire_choices":[{"data":"Koishi:MassHysteria","floor":6,"key":"SMITH"},{"data":"Koishi:Provoke","floor":12,"key":"SMITH"}],"circlet_count":0,"master_deck":["Koishi:BasicStrike","Koishi:BasicStrike","Koishi:BasicStrike","Koishi:BasicDefend","Koishi:BasicDefend","Koishi:BasicDefend","Koishi:Provoke+1","Koishi:HauntingSlash","Koishi:MassHysteria+1","Koishi:FadingMemory","Koishi:DreadfulBlow","Koishi:SubterraneanRose","Koishi:SuperEgo","Gensokyo:BlemishedSteel","Koishi:UnconsciousUprising+1","Koishi:Prune"],"relics":["Koishi:ImaginaryFriend","Koishi:ImperfectMetamorphosis","Gensokyo:CelestialsFlawlessClothing","Gensokyo:Bombinomicon","Toxic Egg 2","Kunai","MealTicket"],"acts_visited":["Gensokyo:Gensokyo"],"potions_floor_usage":[14],"damage_taken":[{"damage":21,"enemies":"Gensokyo:Python","floor":1,"turns":6},{"damage":4,"enemies":"Gensokyo:2_Kodama","floor":2,"turns":4},{"damage":0,"enemies":"Gensokyo:3_Fairies","floor":7,"turns":3},{"damage":2,"enemies":"Gensokyo:VengefulSpirit","floor":11,"turns":3},{"damage":0,"enemies":"Gensokyo:Python_and_Kodama","floor":13,"turns":4},{"damage":36,"enemies":"Gensokyo:Cirno","floor":14,"turns":13}],"seed_played":"8944986435754840372","potions_obtained":[{"floor":2,"key":"BlessingOfTheForge"},{"floor":13,"key":"blueLaboratory:NullPotion"}],"is_trial":false,"path_per_floor":["M","M","?","?","?","R","M","T","T","COS","M","R","M","E"],"character_chosen":"KOISHI","items_purchased":[],"campfire_rested":0,"item_purchase_floors":[],"current_hp_per_floor":[22,20,5,5,5,5,5,5,5,5,3,3,4,0,0],"gold":38,"neow_bonus":"ONE_RARE_RELIC","is_daily":false,"chose_seed":false,"campfire_upgraded":2,"win_rate":0.0,"timestamp":1613528922,"path_taken":["M","M","?","?","?","R","M","?","T","COS","?","R","M","E"],"items_purchased_type":[],"build_version":"2020-12-22","purchased_purges":0,"victory":false,"max_hp_per_floor":[60,60,60,60,60,60,60,60,60,60,60,60,60,60,60],"card_choices":[{"not_picked":["Koishi:FleetingPhantom","Koishi:EmbryosDream"],"picked":"Koishi:DreadfulBlow","floor":1},{"not_picked":["Koishi:UnseenTerror","Koishi:BloodcurdlingScream"],"picked":"Koishi:SubterraneanRose","floor":2},{"not_picked":["Koishi:UnansweredLove","Koishi:DreadfulBlow"],"picked":"Koishi:SuperEgo","floor":7},{"not_picked":["Koishi:RacingHeart","Koishi:UnansweredLove+1"],"picked":"Koishi:UnconsciousUprising+1","floor":11},{"not_picked":["Koishi:IdleWhim+1","Koishi:JumpScare+1"],"picked":"Koishi:Prune","floor":13}],"player_experience":447105,"relics_obtained":[{"floor":8,"key":"Toxic Egg 2"},{"floor":9,"key":"Kunai"}],"event_choices":[],"is_beta":false,"boss_relics":[],"items_purged_floors":[],"is_endless":false,"potions_floor_spawned":[2,13],"killed_by":"Gensokyo:Cirno","ascension_level":0}}