{"host":"0luxfixkkfk9wck3","time":1613606250,"event":{"mods":["BaseMod","DeckTracker","Downfall","Highlight Path","Minty Spire (QoL Compilation)","StSLib"],"gold_per_floor":[199,215,234,234,253,253,322,222,14,14,30,61,91,135,167,277,289,201,226,253,277,274,286,324,336,374,386,106,139,139,157,174,270,270,270,281,292,315,326,344,368,368,368,379,407,407,407,407,417,417],"floor_reached":51,"language":"ENG","playtime":3606,"items_purged":["champ:Strike","champ:Strike"],"score":975,"play_id":"720932dc-456e-44ed-a1d3-122ca57d692b","local_time":"20210217175730","is_ascension_mode":true,"campfire_choices":[{"data":"champ:Execute","floor":1,"key":"SMITH"},{"data":"champ:EnragedBash","floor":6,"key":"SMITH"},{"data":"champ:Taunt","floor":8,"key":"SMITH"},{"data":"champ:EnragedBash","floor":10,"key":"SMITH"},{"data":"champ:ShieldWall","floor":18,"key":"SMITH"},{"floor":23,"key":"REST"},{"data":"champ:MurderStrike","floor":25,"key":"SMITH"},{"data":"champ:ShieldWall","floor":35,"key":"SMITH"},{"floor":42,"key":"REST"},{"data":"champ:GutPunch","floor":47,"key":"SMITH"}],"circlet_count":0,"master_deck":["champ:Defend","champ:Defend","champ:Defend","champ:Execute+1","champ:Taunt+1","champ:EnGarde","champ:EnragedBash+1","champ:BringItOn","champ:LastStand","champ:EnragedBash+1","champ:BerserkerStyle","champ:FocusedBerserking","champ:ShieldWall+1","champ:EndlessRage","champ:CrownThrow","champ:MurderStrike+1","champ:RisingSlash+1","champ:BladeFlurry","champ:IgnorePain","champ:AdrenalArmor+1","champ:VampiricStrike","champ:ShieldWall+1","champ:RageSigil","champ:GutPunch+1","champ:LastStand","champ:CrookedStrike+1","champ:ShieldSlam+1","champ:LastStand+1","champ:FocusedBerserking+1","expansioncontent:Chronoboost","champ:StanceDance+1"],"relics":["champ:ChampionCrown","champ:LiftRelic","downfall:HeartBlessingBlue","MawBank","Pantograph","Snecko Eye","downfall:HeartBlessingGreen","Tiny Chest","Bag of Preparation","bronze:DecasWashers","downfall:KnowingSkull","Astrolabe","Guardian:PocketSentry","Orichalcum","Toy Ornithopter","Mummified Hand","champ:DefensiveTrainingManual"],"acts_visited":["Exordium","TheCity","TheBeyond"],"potions_floor_usage":[15,29,31,33,33,40,45,50,50],"damage_taken":[{"damage":10,"enemies":"2 Louse","floor":2,"turns":2},{"damage":22,"enemies":"Jaw Worm","floor":3,"turns":4},{"damage":20,"enemies":"Cultist","floor":5,"turns":3},{"damage":30,"enemies":"downfall:FleeingMerchant","floor":9,"turns":4},{"damage":39,"enemies":"Large Slime","floor":11,"turns":5},{"damage":51,"enemies":"Lagavulin","floor":12,"turns":6},{"damage":26,"enemies":"Lots of Slimes","floor":13,"turns":4},{"damage":50,"enemies":"3 Sentries","floor":14,"turns":8},{"damage":31,"enemies":"Exordium Thugs","floor":15,"turns":4},{"damage":63,"enemies":"WA_ARCHETYPE_RETAIN","floor":16,"turns":6},{"damage":44,"enemies":"Shell Parasite","floor":19,"turns":5},{"damage":26,"enemies":"Spheric Guardian","floor":20,"turns":3},{"damage":31,"enemies":"Snecko","floor":21,"turns":4},{"damage":35,"enemies":"downfall:FleeingMerchant","floor":22,"turns":4},{"damage":43,"enemies":"Book of Stabbing","floor":26,"turns":5},{"damage":9,"enemies":"downfall:FleeingMerchant","floor":28,"turns":4},{"damage":34,"enemies":"Gremlin Leader","floor":29,"turns":4},{"damage":40,"enemies":"Sentry and Sphere","floor":31,"turns":3},{"damage":52,"enemies":"Chosen and Byrds","floor":32,"turns":3},{"damage":83,"enemies":"DF_ARCHETYPE_CLAW","floor":33,"turns":7},{"damage":25,"enemies":"3 Shapes","floor":36,"turns":4},{"damage":16,"enemies":"Orb Walker","floor":37,"turns":3},{"damage":83,"enemies":"Writhing Mass","floor":39,"turns":6},{"damage":74,"enemies":"Transient","floor":40,"turns":5},{"damage":79,"enemies":"Maw","floor":44,"turns":5},{"damage":95,"enemies":"Reptomancer","floor":45,"turns":7},{"damage":51,"enemies":"3 Darklings","floor":49,"turns":5},{"damage":132,"enemies":"IC_BLOCK_ARCHETYPE","floor":50,"turns":10}],"seed_played":"5614259899427725884","potions_obtained":[{"floor":3,"key":"Energy Potion"},{"floor":11,"key":"SpeedPotion"},{"floor":13,"key":"Block Potion"},{"floor":19,"key":"Explosive Potion"},{"floor":21,"key":"sneckomod:MuddlingPotion"},{"floor":31,"key":"Block Potion"},{"floor":36,"key":"Slimebound:ThreeZeroPotion"},{"floor":39,"key":"FairyPotion"},{"floor":40,"key":"EntropicBrew"}],"is_trial":false,"path_per_floor":["R","M","M","?","M","R","T","R","$","R","M","E","M","E","M","B",null,"R","M","M","M","$","R","T","R","E","?","$","E","?","M","M","B",null,"R","M","M","T","M","M","T","R","T","M","E","T","R","?","M","B",null],"character_chosen":"THE_CHAMP","items_purchased":["champ:EnragedBash","champ:BerserkerStyle","champ:VampiricStrike","champ:ShieldWall"],"campfire_rested":2,"item_purchase_floors":[9,9,28,28],"current_hp_per_floor":[81,81,79,79,79,79,79,89,89,89,89,77,71,58,56,55,89,89,60,49,33,18,48,48,48,25,58,54,75,66,61,58,56,89,89,98,100,100,82,70,70,100,100,81,71,71,71,71,45,35],"gold":417,"neow_bonus":"HUNDRED_GOLD","is_daily":false,"chose_seed":false,"campfire_upgraded":8,"win_rate":0.0,"timestamp":1613606250,"path_taken":["R","M","M","?","M","R","T","R","$","R","M","E","M","E","M","BOSS","R","M","M","M","$","R","T","R","E","?","$","E","?","?","M","BOSS","R","M","M","?","?","M","T","R","?","?","E","?","R","?","M","BOSS"],"items_purchased_type":["Card","Card","Card","Card"],"build_version":"2020-12-22","purchased_purges":2,"victory":true,"max_hp_per_floor":[90,90,90,90,90,90,90,100,100,100,100,100,100,100,100,100,100,100,100,100,100,100,100,100,100,100,100,100,100,100,100,100,100,100,100,100,100,100,100,100,100,100,100,100,100,100,100,100,100,100],"card_choices":[{"not_picked":["champ:FanOfKnives","champ:BringItOn"],"picked":"champ:EnGarde","floor":2},{"not_picked":["champ:FalseCounter","champ:RecklessLeap"],"picked":"champ:EnragedBash","floor":3},{"not_picked":["champ:FancyFootwork","champ:Shatter"],"picked":"champ:BringItOn","floor":5},{"not_picked":["champ:TornadoPunch","champ:Backstep"],"picked":"champ:LastStand","floor":9},{"not_picked":["champ:BerserkerStyle","champ:PreciseThrust"],"picked":"champ:FocusedBerserking","floor":11},{"not_picked":["champ:EnGarde","champ:PreciseThrust"],"picked":"champ:ShieldWall","floor":12},{"not_picked":["champ:BringItOn","champ:FalseCounter"],"picked":"champ:EndlessRage","floor":13},{"not_picked":["champ:DefensiveShout","champ:FalseCounter","champ:BringItOn"],"picked":"SKIP","floor":14},{"not_picked":["champ:Haymaker","champ:CalledShot"],"picked":"champ:CrownThrow","floor":15},{"not_picked":["champ:HoldFirm","champ:IgnorePain"],"picked":"champ:MurderStrike","floor":16},{"not_picked":["champ:CrownThrow+1","champ:DefensiveShout"],"picked":"champ:RisingSlash+1","floor":19},{"not_picked":["champ:PreemptiveStrike","champ:TornadoPunch"],"picked":"champ:BladeFlurry","floor":20},{"not_picked":["champ:DeathBlow","champ:FlashCut"],"picked":"champ:IgnorePain","floor":21},{"not_picked":["champ:Circumvent","champ:PreciseThrust","champ:BringItOn"],"picked":"SKIP","floor":22},{"not_picked":["champ:FalseCounter+1","champ:ViciousMockery","champ:DefensiveStyle+1"],"picked":"SKIP","floor":26},{"not_picked":["champ:TornadoPunch","champ:BerserkersShout"],"picked":"champ:AdrenalArmor+1","floor":28},{"not_picked":["champ:PreciseThrust+1","champ:BringItOn+1","champ:Improvising"],"picked":"SKIP","floor":29},{"not_picked":["champ:FanOfKnives","champ:FlashCut"],"picked":"champ:RageSigil","floor":31},{"not_picked":["champ:AdrenalArmor","champ:CrookedStrike"],"picked":"champ:GutPunch","floor":32},{"not_picked":["champ:EnchantShield","champ:VampiricStrike"],"picked":"champ:LastStand","floor":33},{"not_picked":["champ:PreciseThrust+1","champ:AdrenalArmor+1","champ:Parry"],"picked":"SKIP","floor":36},{"not_picked":["champ:BerserkerStyle+1","champ:BringItOn+1","champ:TornadoPunch"],"picked":"SKIP","floor":37},{"not_picked":["champ:AdrenalArmor","champ:FlashCut+1","champ:EnchantCrown"],"picked":"SKIP","floor":39},{"not_picked":["champ:GutPunch","champ:CrownThrow"],"picked":"champ:FocusedBerserking+1","floor":40},{"not_picked":["champ:FocusedDefense","champ:Parry+1","champ:BladeFlurry"],"picked":"SKIP","floor":44},{"not_picked":["champ:BladeFlurry","champ:Backstep","champ:EnragedBash"],"picked":"SKIP","floor":45},{"not_picked":["expansioncontent:YouAreMine","expansioncontent:PolyBeam"],"picked":"expansioncontent:Chronoboost","floor":48},{"not_picked":["champ:FaceSlap","champ:IronFortress+1"],"picked":"champ:StanceDance+1","floor":49}],"player_experience":11905652,"relics_obtained":[{"floor":12,"key":"MawBank"},{"floor":14,"key":"Pantograph"},{"floor":24,"key":"Tiny Chest"},{"floor":26,"key":"Bag of Preparation"},{"floor":29,"key":"bronze:DecasWashers"},{"floor":38,"key":"Guardian:PocketSentry"},{"floor":41,"key":"Orichalcum"},{"floor":43,"key":"Toy Ornithopter"},{"floor":45,"key":"Mummified Hand"},{"floor":46,"key":"champ:DefensiveTrainingManual"}],"event_choices":[{"damage_healed":33,"gold_gain":0,"player_choice":"Heal","damage_taken":0,"max_hp_gain":0,"max_hp_loss":0,"event_name":"The Library","floor":27,"gold_loss":0}],"is_beta":false,"boss_relics":[{"not_picked":["champ:ChampionCrownUpgraded","Coffee Dripper"],"picked":"Snecko Eye"},{"not_picked":["Empty Cage","champ:PowerArmor"],"picked":"Astrolabe"}],"items_purged_floors":[9,28],"is_endless":false,"potions_floor_spawned":[3,11,13,14,19,21,31,32,36,39,40],"ascension_level":7}}