{"host":"7zq0fgva91iwgkd5","time":1613522713,"event":{"mods":["AchievementEnabler","BaseMod","Bestiary","Colored Map","Curses Come First","DeckTracker","Minty Spire (QoL Compilation)","Rare Cards Sparkle","StSLib","Unceasing Turn Reminder"],"gold_per_floor":[109,127,127,74,86,117,117,117,117,148,50,76,88,103,103,177,177,197,231,231,243,253,253,278,278,278,278,293,293,293,293,293,370,370,390,415,415,305,320,351,351,351,351],"floor_reached":42,"language":"ENG","playtime":1569,"items_purged":["Strike_R"],"score":841,"play_id":"60a1dae9-2362-4497-9393-5be559639e65","local_time":"20210217014513","is_ascension_mode":true,"campfire_choices":[{"floor":8,"key":"REST"},{"floor":15,"key":"REST"},{"floor":23,"key":"REST"},{"data":"Armaments","floor":25,"key":"SMITH"},{"data":"Cleave","floor":27,"key":"SMITH"},{"data":"Inflame","floor":32,"key":"SMITH"}],"circlet_count":0,"master_deck":["AscendersBane","Defend_R+1","Defend_R+1","Defend_R+1","Defend_R+1","Bash","Flex+1","Anger","Pommel Strike","Cleave+1","Inflame+1","Shrug It Off","Armaments+1","Clothesline","Feed+1","Shrug It Off+1","Impervious","Bite","Bite","Bite+1","Bite","Bite","Barricade+1","Carnage+1","Headbutt+1","Writhe"],"relics":["Black Blood","HornCleat","Pantograph","Lantern","Vajra","Smiling Mask","Anchor","Sozu","Red Mask","Frozen Egg 2","War Paint","Champion Belt","Peace Pipe","PreservedInsect"],"acts_visited":["Exordium","TheCity","TheBeyond"],"potions_floor_usage":[6,14,19,33],"damage_taken":[{"damage":6,"enemies":"Cultist","floor":1,"turns":4},{"damage":7,"enemies":"Small Slimes","floor":2,"turns":5},{"damage":7,"enemies":"Jaw Worm","floor":5,"turns":3},{"damage":30,"enemies":"Lagavulin","floor":6,"turns":8},{"damage":15,"enemies":"Gremlin Nob","floor":10,"turns":4},{"damage":0,"enemies":"Red Slaver","floor":13,"turns":3},{"damage":0,"enemies":"3 Louse","floor":14,"turns":1},{"damage":77,"enemies":"Slime Boss","floor":16,"turns":12},{"damage":4,"enemies":"Shell Parasite","floor":18,"turns":4},{"damage":0,"enemies":"Masked Bandits","floor":19,"turns":3},{"damage":14,"enemies":"3 Byrds","floor":21,"turns":5},{"damage":16,"enemies":"3 Cultists","floor":22,"turns":6},{"damage":25,"enemies":"Gremlin Leader","floor":24,"turns":7},{"damage":5,"enemies":"Centurion and Healer","floor":28,"turns":5},{"damage":87,"enemies":"Collector","floor":33,"turns":12},{"damage":17,"enemies":"3 Shapes","floor":35,"turns":6},{"damage":6,"enemies":"Mind Bloom Boss Battle","floor":36,"turns":10},{"damage":43,"enemies":"Orb Walker","floor":39,"turns":7},{"damage":47,"enemies":"Reptomancer","floor":40,"turns":9},{"damage":57,"enemies":"Nemesis","floor":42,"turns":10}],"seed_played":"-4870416339603512236","potions_obtained":[{"floor":1,"key":"Explosive Potion"},{"floor":2,"key":"SpeedPotion"},{"floor":10,"key":"GamblersBrew"},{"floor":16,"key":"SteroidPotion"}],"is_trial":false,"path_per_floor":["M","M","?","?","M","E","?","R","T","E","$","T","M","M","R","B",null,"M","?","?","M","M","R","E","R","T","R","M","?","?","?","R","B",null,"M","?","?","?","M","E","?","E"],"character_chosen":"IRONCLAD","items_purchased":["Shrug It Off"],"campfire_rested":3,"item_purchase_floors":[11],"current_hp_per_floor":[75,74,74,74,73,49,38,62,62,53,53,53,59,65,82,11,64,69,75,75,71,65,92,73,73,73,73,74,74,65,65,65,10,51,56,65,65,65,40,21,34,0,0],"gold":351,"neow_bonus":"TEN_PERCENT_HP_BONUS","is_daily":false,"chose_seed":false,"campfire_upgraded":3,"win_rate":0.0,"timestamp":1613522713,"path_taken":["M","?","?","?","?","E","?","R","T","E","$","?","M","M","R","BOSS","M","?","?","?","M","R","E","R","T","R","M","?","?","?","R","BOSS","M","?","?","?","?","E","?","E"],"items_purchased_type":["Card"],"build_version":"2020-12-22","purchased_purges":1,"victory":false,"max_hp_per_floor":[82,82,82,82,82,82,82,82,82,82,82,82,82,82,82,82,82,85,85,85,89,93,93,93,93,93,93,93,93,65,65,65,65,65,65,65,65,65,65,65,65,65,65],"card_choices":[{"not_picked":["Dropkick","Power Through"],"picked":"Flex","floor":1},{"not_picked":["Body Slam","Sword Boomerang"],"picked":"Anger","floor":2},{"not_picked":["Pummel","True Grit"],"picked":"Pommel Strike","floor":5},{"not_picked":["Warcry","Shockwave"],"picked":"Cleave","floor":6},{"not_picked":["Heavy Blade","Pommel Strike"],"picked":"Inflame","floor":10},{"not_picked":["Power Through","Blood for Blood"],"picked":"Armaments","floor":13},{"not_picked":["Perfected Strike","Twin Strike"],"picked":"Clothesline","floor":14},{"not_picked":["Corruption","Barricade"],"picked":"Feed","floor":16},{"not_picked":["Perfected Strike","True Grit"],"picked":"Twin Strike","floor":18},{"not_picked":["Headbutt","Sword Boomerang"],"picked":"Shrug It Off+1","floor":19},{"not_picked":["Feel No Pain","Twin Strike","Anger"],"picked":"SKIP","floor":21},{"not_picked":["Havoc","Intimidate","Warcry"],"picked":"SKIP","floor":22},{"not_picked":["Body Slam","Blood for Blood"],"picked":"Impervious","floor":24},{"not_picked":["Body Slam","Havoc","Pommel Strike"],"picked":"SKIP","floor":28},{"not_picked":["Exhume","Berserk+1"],"picked":"Barricade+1","floor":33},{"not_picked":["Anger","Shrug It Off","True Grit"],"picked":"SKIP","floor":35},{"not_picked":["Flex","Thunderclap"],"picked":"Carnage+1","floor":36},{"not_picked":["Evolve+1","Cleave"],"picked":"Headbutt+1","floor":39},{"not_picked":["Body Slam","Pommel Strike","Wild Strike"],"picked":"SKIP","floor":40}],"player_experience":172159,"relics_obtained":[{"floor":6,"key":"Pantograph"},{"floor":9,"key":"Vajra"},{"floor":10,"key":"Smiling Mask"},{"floor":12,"key":"Anchor"},{"floor":19,"key":"Red Mask"},{"floor":24,"key":"Frozen Egg 2"},{"floor":26,"key":"War Paint"},{"floor":36,"key":"Peace Pipe"},{"floor":40,"key":"PreservedInsect"}],"event_choices":[{"damage_healed":0,"gold_gain":0,"player_choice":"Ignored","damage_taken":0,"max_hp_gain":0,"max_hp_loss":0,"event_name":"Golden Wing","floor":3,"gold_loss":0},{"damage_healed":0,"gold_gain":0,"player_choice":"Paid Gold","damage_taken":0,"relics_obtained":["HornCleat"],"max_hp_gain":0,"max_hp_loss":0,"event_name":"WeMeetAgain","floor":4,"gold_loss":53},{"damage_healed":0,"gold_gain":0,"player_choice":"Success","damage_taken":11,"relics_obtained":["Lantern"],"max_hp_gain":0,"max_hp_loss":0,"event_name":"Scrap Ooze","floor":7,"gold_loss":0},{"damage_healed":0,"gold_gain":0,"player_choice":"Fought Bandits","damage_taken":0,"max_hp_gain":0,"max_hp_loss":0,"event_name":"Masked Bandits","floor":19,"gold_loss":0},{"damage_healed":0,"gold_gain":0,"player_choice":"Upgraded","damage_taken":0,"max_hp_gain":0,"max_hp_loss":0,"event_name":"Upgrade Shrine","floor":20,"gold_loss":0,"cards_upgraded":["Feed"]},{"damage_healed":0,"gold_gain":0,"player_choice":"Simplicity","damage_taken":0,"max_hp_gain":0,"max_hp_loss":0,"event_name":"Back to Basics","floor":29,"gold_loss":0,"cards_upgraded":["Strike_R","Strike_R","Strike_R","Strike_R","Defend_R","Defend_R","Defend_R"]},{"damage_healed":0,"gold_gain":0,"player_choice":"Became a vampire","damage_taken":0,"max_hp_gain":0,"max_hp_loss":28,"event_name":"Vampires","floor":30,"gold_loss":0,"cards_obtained":["Bite","Bite","Bite","Bite","Bite"]},{"damage_healed":0,"gold_gain":0,"player_choice":"Opened","damage_taken":0,"relics_obtained":["Champion Belt"],"max_hp_gain":0,"max_hp_loss":0,"event_name":"The Mausoleum","floor":31,"gold_loss":0,"cards_obtained":["Writhe"]},{"damage_healed":0,"gold_gain":0,"player_choice":"Fight","damage_taken":0,"max_hp_gain":0,"max_hp_loss":0,"event_name":"MindBloom","floor":36,"gold_loss":0},{"cards_removed":["Twin Strike"],"damage_healed":0,"gold_gain":0,"player_choice":"Removed Attack","damage_taken":0,"max_hp_gain":0,"max_hp_loss":0,"event_name":"Falling","floor":37,"gold_loss":0},{"cards_removed":["Writhe"],"damage_healed":0,"gold_gain":0,"player_choice":"Upgrade and Remove","damage_taken":0,"max_hp_gain":0,"max_hp_loss":0,"event_name":"Designer","floor":38,"gold_loss":110,"cards_upgraded":["Bite"]},{"damage_healed":13,"gold_gain":0,"player_choice":"Writhe","damage_taken":0,"max_hp_gain":0,"max_hp_loss":0,"event_name":"Winding Halls","floor":41,"gold_loss":0,"cards_obtained":["Writhe"]}],"is_beta":false,"boss_relics":[{"not_picked":["SlaversCollar","Velvet Choker"],"picked":"Sozu"},{"not_picked":["Tiny House","Coffee Dripper"],"picked":"Black Blood"}],"items_purged_floors":[11],"is_endless":false,"potions_floor_spawned":[1,2,5,10,16,19,24,28,40],"killed_by":"Nemesis","ascension_level":15}}