{"host":"uxjsgyia3bdyayt0","time":1613530888,"event":{"mods":["Act Like it!","BaseMod","Downfall","Gensokyo","Marisa（霧雨　魔理沙）","Minty Spire (QoL Compilation)","Prisma Mod","Reimu（博??梦）","Remilia（蕾米莉?）","StSLib","The Animator","The Servant 0.9.4","Yakumo Yukari mod","Youmu（魂魄妖梦）","Yuyuko"],"gold_per_floor":[99,117,117,133,64,64,64,64,75,93,113,113,113,123,141,141,141,141],"floor_reached":16,"language":"ENG","playtime":769,"items_purged":[],"score":94,"play_id":"241b96bd-0de7-41ed-b7c8-926a9cb718cd","local_time":"20210217030128","is_ascension_mode":false,"campfire_choices":[{"data":"Slimebound:CorrosiveSpit","floor":1,"key":"SMITH"},{"floor":6,"key":"REST"},{"data":"Slimebound:ViciousTackle","floor":8,"key":"SMITH"},{"floor":12,"key":"REST"}],"circlet_count":0,"master_deck":["Slimebound:Strike_Slimebound","Slimebound:Strike_Slimebound","Slimebound:Strike_Slimebound","Slimebound:Tackle","Slimebound:Defend_Slimebound","Slimebound:Split","Slimebound:CorrosiveSpit+1","Slimebound:LeechEnergy","Pain","Slimebound:ViciousTackle+1","Slimebound:Equalize","Slimebound:SplitMire","Slimebound:LeechingTouch","Slimebound:HauntingLick","Slimebound:ProtectTheBoss+1","Slimebound:SplitBruiser","Slimebound:SlimeBrawl"],"relics":["Slimebound:AbsorbEndCombat","Frozen Egg 2"],"acts_visited":["Exordium"],"potions_floor_usage":[5],"damage_taken":[{"damage":11,"enemies":"2 Louse","floor":2,"turns":2},{"damage":9,"enemies":"Cultist","floor":4,"turns":3},{"damage":28,"enemies":"downfall:FleeingMerchant","floor":5,"turns":4},{"damage":21,"enemies":"Small Slimes","floor":9,"turns":3},{"damage":22,"enemies":"3 Louse","floor":10,"turns":3},{"damage":36,"enemies":"Exordium Thugs","floor":11,"turns":3},{"damage":14,"enemies":"downfall:LooterAlt","floor":14,"turns":2},{"damage":10,"enemies":"Large Slime","floor":15,"turns":5},{"damage":29,"enemies":"DF_ARCHETYPE_STREAMLINE","floor":16,"turns":3}],"seed_played":"309766118691558056","potions_obtained":[{"floor":2,"key":"Explosive Potion"},{"floor":9,"key":"PowerPotion"},{"floor":10,"key":"Dexterity Potion"},{"floor":13,"key":"downfall:CursedFountainPotion"}],"is_trial":false,"path_per_floor":["R","M","?","M","$","R","T","R","M","M","M","R","?","M","M","B"],"character_chosen":"SLIMEBOUND","items_purchased":["Slimebound:SplitMire"],"campfire_rested":2,"item_purchase_floors":[5],"current_hp_per_floor":[71,62,62,55,33,54,54,54,47,33,5,26,26,14,18,0,0,0],"gold":141,"neow_bonus":"TEN_PERCENT_HP_BONUS","is_daily":false,"chose_seed":false,"campfire_upgraded":2,"win_rate":0.0,"timestamp":1613530888,"path_taken":["R","M","?","M","?","R","T","R","M","M","M","R","?","M","M","BOSS"],"items_purchased_type":["Card"],"build_version":"2020-12-22","purchased_purges":0,"victory":false,"max_hp_per_floor":[71,71,71,71,71,71,71,71,71,71,71,71,71,71,71,71,71,71],"card_choices":[{"not_picked":["Slimebound:LeadByExample","Slimebound:SlimeSpikes"],"picked":"Slimebound:LeechEnergy","floor":2},{"not_picked":["Slimebound:Prepare","Slimebound:ComboTackle"],"picked":"Slimebound:ViciousTackle","floor":4},{"not_picked":["Slimebound:SlimeBarrage","Slimebound:LeechingTouch"],"picked":"Slimebound:Equalize","floor":5},{"not_picked":["Slimebound:FinishingTackle","Slimebound:ItLooksTasty"],"picked":"Slimebound:LeechingTouch","floor":9},{"not_picked":["Slimebound:ComboTackle","Slimebound:FormOfPuddle"],"picked":"Slimebound:HauntingLick","floor":10},{"not_picked":["Slimebound:LivingWall","Slimebound:SlimeSpikes"],"picked":"Slimebound:ProtectTheBoss+1","floor":11},{"not_picked":["Slimebound:PressTheAttack","Slimebound:SplitLeeching"],"picked":"Slimebound:SplitBruiser","floor":14},{"not_picked":["Slimebound:BestDefense+1","Slimebound:RollThrough"],"picked":"Slimebound:SlimeBrawl","floor":15}],"player_experience":9739,"relics_obtained":[{"floor":7,"key":"Frozen Egg 2"}],"event_choices":[],"is_beta":false,"boss_relics":[],"items_purged_floors":[],"is_endless":false,"potions_floor_spawned":[2,9,10],"killed_by":"DF_ARCHETYPE_STREAMLINE","ascension_level":0}}