{"host":"9glxjasd35ghdaim","time":1613527960,"event":{"mods":["Act Like it!","AlwaysNeverKeys","Aspiration","Bard","BaseMod","Better Third Choice","CCEM2","CapriCore","Colored Map","Colored Powertips","Dark Map","Displayed Cursed Tome","Energized Spire","GifTheSpireLib","Halation","Hermit","Infinite Spire","Jorbs\u0027s Wanderer Trilogy","Luminous","Marisa????????","Minty Spire (QoL Compilation)","Permanent Neow","Quick Restart","Random Character Button","Rare Cards Sparkle","Reliquary","Replay The Spire","Shade Mod","Spicy Shops","StS++","StSLib","Stuff the Spire","The Administrix","The Animator","The Blue Laboratory","The Bug Knight","The Construct","The Cursed","The Disciple","The Florist","The Hierophant","The Problem Sleuth","The Senshi","The Servant 0.9.4","The Wild Card","TheSwordswoman","Unceasing Turn Reminder","Wandering Minibosses"],"gold_per_floor":[117,117,62,78,95,122,122,135,162,175,175,192,225,236,236,236,236],"floor_reached":16,"language":"ENG","playtime":1443,"items_purged":[],"score":114,"play_id":"bcefa02e-2234-4c69-9d6b-6f3b2ff178e7","local_time":"20210216211240","is_ascension_mode":false,"campfire_choices":[{"floor":11,"key":"REST"},{"floor":15,"key":"REST"}],"circlet_count":0,"master_deck":["hermit:Strike_Hermit","hermit:Strike_Hermit","hermit:Strike_Hermit","hermit:Strike_Hermit","hermit:Defend_Hermit","hermit:Defend_Hermit","hermit:Defend_Hermit","hermit:Defend_Hermit","hermit:Snapshot","hermit:Covet","hermit:BlackWind","hermit:FlashPowder","hermit:Showdown","hermit:Showdown","hermit:HighCaliber","hermit:LowProfile","hermit:CalledShot","theWildCard:Alice","hermit:Headshot","hermit:Determination","hermit:CalledShot","hermit:LuckOfTheDraw","hermit:HoleUp"],"relics":["hermit:Momento","CCEMRelics:SelfSharpeningBlade","Bag of Marbles","reliquary:Boomerang","CCEMRelics:JestersCrown"],"acts_visited":["Exordium"],"potions_floor_usage":[16],"damage_taken":[{"damage":4,"enemies":"2 Louse","floor":1,"turns":3},{"damage":5,"enemies":"Small Slimes","floor":4,"turns":6},{"damage":0,"enemies":"Jaw Worm","floor":5,"turns":1},{"damage":19,"enemies":"3 Sentries","floor":6,"turns":7},{"damage":0,"enemies":"Large Slime","floor":8,"turns":2},{"damage":0,"enemies":"Looter","floor":10,"turns":1},{"damage":20,"enemies":"Gremlin Gang","floor":12,"turns":5},{"damage":7,"enemies":"HollowMod:MossKnight","floor":13,"turns":3},{"damage":8,"enemies":"Red Slaver","floor":14,"turns":2},{"damage":28,"enemies":"Hexaghost","floor":16,"turns":15}],"seed_played":"-862039485928839802","potions_obtained":[{"floor":1,"key":"blueLaboratory:Moonshine"},{"floor":10,"key":"blueLaboratory:HeartbeatPotion"},{"floor":14,"key":"LifebloodPotion"}],"is_trial":false,"path_per_floor":["M","?","$","M","M","E","?","M","T","M","R","M","E","M","R","B"],"character_chosen":"HERMIT","items_purchased":["hermit:Showdown"],"campfire_rested":2,"item_purchase_floors":[3],"current_hp_per_floor":[71,38,38,33,33,14,14,14,14,14,36,16,9,1,23,0,0],"gold":236,"neow_bonus":"ONE_RANDOM_RARE_CARD","is_daily":false,"chose_seed":false,"campfire_upgraded":0,"win_rate":0.0,"timestamp":1613527960,"path_taken":["M","?","$","M","M","E","?","M","T","M","R","M","E","M","R","BOSS"],"items_purchased_type":["Card"],"build_version":"2020-12-22","purchased_purges":0,"victory":false,"max_hp_per_floor":[75,75,75,75,75,75,75,75,75,75,75,75,75,75,75,75,75],"card_choices":[{"not_picked":["hermit:SprayPray","hermit:Ricochet"],"picked":"hermit:FlashPowder","floor":1},{"not_picked":["hermit:Spite","hermit:Vantage"],"picked":"hermit:HighCaliber","floor":4},{"not_picked":["hermit:Gestalt","hermit:Desperado"],"picked":"hermit:LowProfile","floor":5},{"not_picked":["hermit:TrackingShot","hermit:Maintenance"],"picked":"hermit:CalledShot","floor":6},{"not_picked":["hermit:Dive","hermit:Manifest"],"picked":"hermit:Headshot","floor":8},{"not_picked":["hermit:Deadeye","hermit:Glare"],"picked":"hermit:Determination","floor":10},{"not_picked":["hermit:TrackingShot","hermit:Spite"],"picked":"hermit:CalledShot","floor":12},{"not_picked":["hermit:Glare","hermit:Gambit"],"picked":"hermit:LuckOfTheDraw","floor":13},{"not_picked":["hermit:Spite","hermit:Brawl"],"picked":"hermit:HoleUp","floor":14}],"player_experience":259254,"relics_obtained":[{"floor":6,"key":"Bag of Marbles"},{"floor":9,"key":"reliquary:Boomerang"},{"floor":13,"key":"CCEMRelics:JestersCrown"}],"event_choices":[{"damage_healed":0,"gold_gain":0,"player_choice":"Relic ","damage_taken":33,"max_hp_gain":0,"max_hp_loss":0,"event_name":"betterThird:BetterScrap","floor":2,"gold_loss":0,"cards_obtained":["Buffer"]}],"is_beta":false,"boss_relics":[],"items_purged_floors":[],"is_endless":false,"potions_floor_spawned":[1,10,14],"killed_by":"Hexaghost","ascension_level":0}}