{"host":"e2ju6k0wppswbhbd","time":1613573377,"event":{"mods":["BaseMod","Minty Spire (QoL Compilation)","Rare Cards Sparkle","StSLib"],"gold_per_floor":[116,127,141,155,155,181,196,196,196,196,213,233,233,266,266,366,366,376,376,388,404,416,441,441,474,474,474,485,21,21,121,121,219,219,230,230,244,262,278,278,313,313,613,630,78,93,93,118,118,118,118,118,22,50,50,50],"floor_reached":55,"language":"FRA","playtime":9341,"items_purged":["Expertise"],"score":856,"play_id":"5f278fcf-6515-4a07-b738-44e07612579a","local_time":"20210217154937","is_ascension_mode":false,"campfire_choices":[{"floor":13,"key":"RECALL"},{"data":"Leg Sweep","floor":15,"key":"SMITH"},{"data":"Dash","floor":24,"key":"SMITH"},{"data":"Bullet Time","floor":30,"key":"SMITH"},{"floor":32,"key":"REST"},{"data":"Blade Dance","floor":40,"key":"SMITH"},{"data":"Neutralize","floor":42,"key":"SMITH"},{"data":"Blur","floor":49,"key":"SMITH"},{"data":"Adrenaline","floor":52,"key":"SMITH"}],"circlet_count":0,"master_deck":["Strike_G","Defend_G+1","Defend_G","Survivor","Neutralize+1","Dash+1","PiercingWail","Deadly Poison","After Image","Backflip+1","Leg Sweep+1","Well Laid Plans","Calculated Gamble","Deadly Poison","Dagger Spray","A Thousand Cuts","After Image+1","Noxious Fumes+1","Dodge and Roll+1","Heel Hook","Flying Knee+1","Underhanded Strike+1","Backstab","Bullet Time+1","Tools of the Trade","Catalyst+1","Prepared","Blur+1","Adrenaline+1","Slice","Terror+1","Infinite Blades","Blade Dance+1","Die Die Die","Outmaneuver+1","Bandage Up","Dagger Throw+1","Bullet Time","Bane+1","PiercingWail","Poisoned Stab"],"relics":["Ring of the Snake","Matryoshka","Pear","Astrolabe","Nloth\u0027s Gift","Bronze Scales","The Specimen","Dream Catcher","Pen Nib","Vajra","ClockworkSouvenir","Gambling Chip","Ninja Scroll","SlaversCollar","Darkstone Periapt","Old Coin","Oddly Smooth Stone","Toy Ornithopter","Bird Faced Urn","Strawberry","Tough Bandages"],"acts_visited":["Exordium","TheCity","TheBeyond","TheEnding"],"potions_floor_usage":[4,7,14,28,31,31,50,54,55,55],"damage_taken":[{"damage":0,"enemies":"Jaw Worm","floor":1,"turns":5},{"damage":0,"enemies":"Small Slimes","floor":2,"turns":3},{"damage":0,"enemies":"2 Louse","floor":3,"turns":3},{"damage":2,"enemies":"Gremlin Gang","floor":4,"turns":7},{"damage":0,"enemies":"Lagavulin","floor":6,"turns":9},{"damage":4,"enemies":"Exordium Thugs","floor":7,"turns":8},{"damage":1,"enemies":"Blue Slaver","floor":11,"turns":5},{"damage":0,"enemies":"2 Fungi Beasts","floor":12,"turns":5},{"damage":8,"enemies":"3 Sentries","floor":14,"turns":13},{"damage":17,"enemies":"Hexaghost","floor":16,"turns":10},{"damage":0,"enemies":"3 Byrds","floor":18,"turns":5},{"damage":1,"enemies":"Spheric Guardian","floor":20,"turns":5},{"damage":4,"enemies":"Centurion and Healer","floor":21,"turns":12},{"damage":0,"enemies":"Snake Plant","floor":22,"turns":6},{"damage":12,"enemies":"Gremlin Leader","floor":23,"turns":8},{"damage":0,"enemies":"Book of Stabbing","floor":25,"turns":6},{"damage":0,"enemies":"3 Cultists","floor":28,"turns":4},{"damage":0,"enemies":"Colosseum Slavers","floor":31,"turns":3},{"damage":6,"enemies":"Colosseum Nobs","floor":31,"turns":5},{"damage":40,"enemies":"Automaton","floor":33,"turns":9},{"damage":0,"enemies":"3 Shapes","floor":35,"turns":3},{"damage":0,"enemies":"3 Darklings","floor":37,"turns":5},{"damage":0,"enemies":"Spire Growth","floor":38,"turns":5},{"damage":1,"enemies":"Jaw Worm Horde","floor":39,"turns":4},{"damage":6,"enemies":"Reptomancer","floor":41,"turns":7},{"damage":0,"enemies":"4 Shapes","floor":44,"turns":6},{"damage":9,"enemies":"Sphere and 2 Shapes","floor":46,"turns":5},{"damage":0,"enemies":"Giant Head","floor":48,"turns":8},{"damage":72,"enemies":"Donu and Deca","floor":50,"turns":9},{"damage":47,"enemies":"Shield and Spear","floor":54,"turns":8},{"damage":70,"enemies":"The Heart","floor":55,"turns":6}],"seed_played":"3044296002274152733","potions_obtained":[{"floor":2,"key":"LiquidMemories"},{"floor":3,"key":"BlessingOfTheForge"},{"floor":4,"key":"GhostInAJar"},{"floor":14,"key":"Weak Potion"},{"floor":23,"key":"GhostInAJar"},{"floor":28,"key":"DistilledChaos"},{"floor":31,"key":"SmokeBomb"},{"floor":37,"key":"Dexterity Potion"},{"floor":41,"key":"Ancient Potion"},{"floor":54,"key":"SkillPotion"}],"is_trial":false,"path_per_floor":["M","M","M","M","?","E","M","?","T","?","M","M","R","E","R","B",null,"M","?","M","M","M","E","R","E","T","?","M","$","R","?","R","B",null,"M","?","M","M","M","R","E","R","T","M","$","M","?","E","R","B",null,"R","$","E","B"],"character_chosen":"THE_SILENT","items_purchased":["Prepared","Vajra","Blur","ClockworkSouvenir","Toy Ornithopter","Bird Faced Urn","Bandage Up","PiercingWail","AttackPotion"],"campfire_rested":1,"item_purchase_floors":[29,29,29,29,45,45,45,53,53],"current_hp_per_floor":[63,63,63,61,48,48,44,44,44,41,40,40,40,42,42,25,73,73,73,72,68,68,56,56,56,56,50,50,50,50,44,65,25,73,73,73,73,73,72,72,66,66,66,66,66,67,67,80,80,22,80,80,80,46,0,0],"gold":50,"neow_bonus":"TRANSFORM_TWO_CARDS","is_daily":false,"chose_seed":false,"campfire_upgraded":7,"win_rate":0.0,"timestamp":1613573377,"path_taken":["M","M","M","M","?","E","M","?","T","?","M","M","R","E","R","BOSS","M","?","M","M","?","E","R","E","T","?","?","$","R","?","R","BOSS","M","?","M","M","M","R","E","R","T","M","$","?","?","E","R","BOSS","R","$","E","BOSS"],"items_purchased_type":["Card","Relic","Card","Relic","Relic","Relic","Card","Card","Potion"],"build_version":"2020-12-22","purchased_purges":1,"victory":false,"max_hp_per_floor":[63,63,63,63,63,63,63,63,63,63,63,63,63,73,73,73,73,73,73,73,73,73,73,73,73,73,73,73,73,73,73,73,73,73,73,73,73,73,73,73,73,73,73,73,73,73,73,80,80,80,80,80,80,80,80,80],"card_choices":[{"not_picked":["Cloak And Dagger","Terror"],"picked":"PiercingWail","floor":1},{"not_picked":["Outmaneuver","Acrobatics"],"picked":"Deadly Poison","floor":2},{"not_picked":["Dagger Throw","Cloak And Dagger"],"picked":"After Image","floor":3},{"not_picked":["Quick Slash","Dash"],"picked":"Backflip","floor":4},{"not_picked":["Calculated Gamble","Outmaneuver"],"picked":"Leg Sweep","floor":6},{"not_picked":["Dodge and Roll","Acrobatics"],"picked":"Well Laid Plans","floor":7},{"not_picked":["Masterful Stab","PiercingWail"],"picked":"Calculated Gamble","floor":11},{"not_picked":["Underhanded Strike","Bane"],"picked":"Deadly Poison","floor":12},{"not_picked":["Bullet Time","Escape Plan"],"picked":"Dagger Spray","floor":14},{"not_picked":["Phantasmal Killer","Grand Finale"],"picked":"A Thousand Cuts","floor":16},{"not_picked":["Sucker Punch","Quick Slash+1"],"picked":"Heel Hook","floor":18},{"not_picked":["Well Laid Plans","Phantasmal Killer"],"picked":"Flying Knee+1","floor":20},{"not_picked":["Poisoned Stab+1","All Out Attack"],"picked":"Underhanded Strike+1","floor":21},{"not_picked":["Acrobatics","Wraith Form v2"],"picked":"Backstab","floor":22},{"not_picked":["Dash","Unload"],"picked":"Bullet Time","floor":23},{"not_picked":["Calculated Gamble","Blur"],"picked":"Tools of the Trade","floor":25},{"not_picked":["Deadly Poison","Concentrate"],"picked":"Catalyst","floor":28},{"not_picked":["Corpse Explosion","A Thousand Cuts"],"picked":"Adrenaline","floor":33},{"not_picked":["PiercingWail","Underhanded Strike+1"],"picked":"Slice","floor":35},{"not_picked":["Deflect+1","Accuracy"],"picked":"Terror+1","floor":37},{"not_picked":["Endless Agony","Underhanded Strike"],"picked":"Infinite Blades","floor":38},{"not_picked":["Terror","Dodge and Roll+1"],"picked":"Blade Dance","floor":39},{"not_picked":["Catalyst","Heel Hook"],"picked":"Die Die Die","floor":41},{"not_picked":["Heel Hook+1","Flechettes"],"picked":"Outmaneuver+1","floor":44},{"not_picked":["Backflip","Finisher+1"],"picked":"Dagger Throw+1","floor":46},{"not_picked":["Acrobatics+1","Unload"],"picked":"Bane+1","floor":48},{"not_picked":["Doppelganger","Bullet Time"],"picked":"Poisoned Stab","floor":54}],"player_experience":2873253,"relics_obtained":[{"floor":6,"key":"Ancient Tea Set"},{"floor":14,"key":"Pear"},{"floor":23,"key":"Bronze Scales"},{"floor":25,"key":"The Specimen"},{"floor":26,"key":"Dream Catcher"},{"floor":26,"key":"Pen Nib"},{"floor":31,"key":"Gambling Chip"},{"floor":31,"key":"Ninja Scroll"},{"floor":41,"key":"Darkstone Periapt"},{"floor":43,"key":"Old Coin"},{"floor":43,"key":"Oddly Smooth Stone"},{"floor":48,"key":"Strawberry"},{"floor":54,"key":"Tough Bandages"}],"event_choices":[{"damage_healed":0,"gold_gain":0,"player_choice":"Entered Light","damage_taken":13,"max_hp_gain":0,"max_hp_loss":0,"event_name":"Shining Light","floor":5,"gold_loss":0,"cards_upgraded":["Backflip","Defend_G"]},{"cards_removed":["Defend_G"],"damage_healed":0,"gold_gain":0,"player_choice":"Forget","damage_taken":0,"max_hp_gain":0,"max_hp_loss":0,"event_name":"Living Wall","floor":8,"gold_loss":0},{"damage_healed":0,"gold_gain":0,"player_choice":"Success","damage_taken":3,"relics_obtained":["Matryoshka"],"max_hp_gain":0,"max_hp_loss":0,"event_name":"Scrap Ooze","floor":10,"gold_loss":0},{"damage_healed":0,"gold_gain":0,"player_choice":"Traded Relic","damage_taken":0,"relics_obtained":["Nloth\u0027s Gift"],"max_hp_gain":0,"max_hp_loss":0,"event_name":"N\u0027loth","floor":19,"relics_lost":["Ancient Tea Set"],"gold_loss":0},{"damage_healed":0,"gold_gain":0,"player_choice":"","damage_taken":6,"max_hp_gain":0,"max_hp_loss":0,"event_name":"Knowing Skull","floor":27,"potions_obtained":[],"gold_loss":0,"cards_obtained":[]},{"damage_healed":0,"gold_gain":0,"player_choice":"Fight","damage_taken":0,"max_hp_gain":0,"max_hp_loss":0,"event_name":"Colosseum","floor":31,"gold_loss":0},{"damage_healed":0,"gold_gain":0,"player_choice":"Fought Nobs","damage_taken":0,"max_hp_gain":0,"max_hp_loss":0,"event_name":"Colosseum","floor":31,"gold_loss":0},{"damage_healed":0,"gold_gain":0,"player_choice":"Upgraded","damage_taken":0,"max_hp_gain":0,"max_hp_loss":0,"event_name":"Upgrade Shrine","floor":36,"gold_loss":0,"cards_upgraded":["Catalyst"]},{"damage_healed":0,"gold_gain":0,"cards_transformed":["Strike_G"],"player_choice":"Transformed","damage_taken":0,"max_hp_gain":0,"max_hp_loss":0,"event_name":"Transmorgrifier","floor":47,"gold_loss":0,"cards_obtained":["Bullet Time"]}],"is_beta":false,"boss_relics":[{"not_picked":["Snecko Eye","HoveringKite"],"picked":"Astrolabe"},{"not_picked":["Velvet Choker","Runic Pyramid"],"picked":"SlaversCollar"}],"items_purged_floors":[29],"is_endless":false,"potions_floor_spawned":[2,3,4,14,20,23,28,31,37,41,48,54],"killed_by":"The Heart","ascension_level":0}}