{"host":"126yiuos2nq86se7","time":1613540831,"event":{"mods":["2.2 Compatiblity","AchievementEnabler","Act Like it!","BaseMod","Colored Map","Colored Powertips","Friendly Minions","Hermit","Highlight Path","KomeijiMod","Minty Spire (QoL Compilation)","StSLib","SuperFastMode","The Bug Knight","The Hierophant"],"gold_per_floor":[20,37,37,37,48,48,80,94,94,94,104,122,122,23,23,118,118,128,28,28,28,39,39,80,109,109,109,109,128,149,175,175,289,289,307,307,323,323,323],"floor_reached":38,"language":"ENG","playtime":2029,"items_purged":["hermit:Strike_Hermit","hermit:Defend_Hermit"],"score":468,"play_id":"99e2fac7-fc6c-486e-b037-3d2fb21c1c65","local_time":"20210217164711","is_ascension_mode":true,"campfire_choices":[{"data":"hermit:Snapshot","floor":6,"key":"SMITH"},{"data":"hermit:ItchyTrigger","floor":15,"key":"SMITH"},{"floor":23,"key":"REST"},{"floor":27,"key":"REST"},{"floor":32,"key":"REST"}],"circlet_count":0,"master_deck":["hermit:Defend_Hermit","hermit:Defend_Hermit","hermit:Defend_Hermit","hermit:Snapshot+1","hermit:Covet+1","hermit:ItchyTrigger+1","hermit:Feint","hermit:Headshot","hermit:Midnight","hermit:LowProfile","hermit:Vantage+1","hermit:Ricochet","hermit:Glare+1","hermit:Reprieve+1","hermit:LoneWolf+1","hermit:Roughhouse","hermit:Combo+1","hermit:Malice+1","hermit:Manifest+1","hermit:TrackingShot+1","hermit:HeroicBravado+1"],"relics":["hermit:Momento","Kunai","Toxic Egg 2","Lantern","hermit:DentedPlate","Enchiridion","CeramicFish","Bottled Flame","GremlinMask","Sozu"],"acts_visited":["Exordium","TheCity","TheBeyond"],"potions_floor_usage":[16,16,16,33,33,33],"damage_taken":[{"damage":1,"enemies":"Cultist","floor":1,"turns":4},{"damage":1,"enemies":"2 Louse","floor":2,"turns":3},{"damage":0,"enemies":"Jaw Worm","floor":5,"turns":6},{"damage":14,"enemies":"Lagavulin","floor":7,"turns":5},{"damage":1,"enemies":"Large Slime","floor":8,"turns":10},{"damage":0,"enemies":"Lots of Slimes","floor":11,"turns":2},{"damage":0,"enemies":"Looter","floor":12,"turns":3},{"damage":41,"enemies":"Hexaghost","floor":16,"turns":11},{"damage":1,"enemies":"Shell Parasite","floor":18,"turns":7},{"damage":40,"enemies":"3 Byrds","floor":22,"turns":8},{"damage":16,"enemies":"HollowMod:Nosk","floor":24,"turns":10},{"damage":8,"enemies":"Centurion and Healer","floor":25,"turns":4},{"damage":18,"enemies":"Snecko","floor":29,"turns":7},{"damage":4,"enemies":"Cultist and Chosen","floor":30,"turns":8},{"damage":4,"enemies":"Snake Plant","floor":31,"turns":5},{"damage":27,"enemies":"Collector","floor":33,"turns":9},{"damage":0,"enemies":"3 Shapes","floor":35,"turns":4},{"damage":26,"enemies":"3 Darklings","floor":37,"turns":6},{"damage":34,"enemies":"Maw","floor":38,"turns":8}],"seed_played":"1465183551025585258","potions_obtained":[{"floor":8,"key":"Energy Potion"},{"floor":11,"key":"EssenceOfSteel"},{"floor":12,"key":"LiquidMemories"},{"floor":18,"key":"LiquidBronze"},{"floor":29,"key":"DistilledChaos"},{"floor":31,"key":"PowerPotion"},{"floor":33,"key":"AttackPotion"}],"is_trial":false,"path_per_floor":["M","M","?","?","M","R","E","M","T","T","M","M","?","$","R","B",null,"M","$","$","?","M","R","E","M","T","R","?","M","M","M","R","B",null,"M","?","M","M"],"character_chosen":"HERMIT","items_purchased":["hermit:Glare+1"],"campfire_rested":3,"item_purchase_floors":[14],"current_hp_per_floor":[74,73,73,73,73,73,59,58,58,58,58,58,58,58,58,17,49,52,52,52,36,4,36,24,20,20,52,52,34,34,30,62,39,39,39,39,17,0,0],"gold":323,"neow_bonus":"REMOVE_TWO","is_daily":false,"chose_seed":false,"campfire_upgraded":2,"win_rate":0.0,"timestamp":1613540831,"path_taken":["M","M","?","?","M","R","E","M","T","?","M","M","?","$","R","BOSS","M","?","$","?","M","R","E","M","T","R","?","?","M","M","R","BOSS","M","?","M","M"],"items_purchased_type":["Card"],"build_version":"2020-12-22","purchased_purges":2,"victory":false,"max_hp_per_floor":[75,75,75,75,75,75,75,75,75,75,75,75,75,75,75,75,107,107,107,107,107,107,107,107,107,107,107,107,107,107,107,107,107,107,107,107,107,107,107],"card_choices":[{"not_picked":["hermit:Feint","hermit:LowProfile"],"picked":"hermit:ItchyTrigger","floor":1},{"not_picked":["hermit:Manifest","hermit:Misfire"],"picked":"hermit:Feint","floor":2},{"not_picked":["hermit:Glare","hermit:Feint"],"picked":"hermit:Headshot","floor":5},{"not_picked":["hermit:Dissolve","hermit:ItchyTrigger"],"picked":"hermit:Midnight","floor":7},{"not_picked":["hermit:Misfire","hermit:Coalescence"],"picked":"hermit:LowProfile","floor":8},{"not_picked":["hermit:Desperado","hermit:Spite"],"picked":"hermit:Vantage+1","floor":11},{"not_picked":["hermit:HighCaliber","hermit:HoleUp+1"],"picked":"hermit:Ricochet","floor":12},{"not_picked":["hermit:DeadOrAlive","hermit:Gambit+1"],"picked":"hermit:Reprieve+1","floor":16},{"not_picked":["hermit:Deadeye","hermit:Glare+1"],"picked":"hermit:LoneWolf+1","floor":18},{"not_picked":["hermit:Snipe+1","hermit:WideOpen","hermit:BodyArmor+1"],"picked":"SKIP","floor":22},{"not_picked":["hermit:Roulette","hermit:Deadeye"],"picked":"hermit:Roughhouse","floor":24},{"not_picked":["hermit:ShadowCloak","hermit:LuckOfTheDraw+1"],"picked":"hermit:Combo+1","floor":25},{"not_picked":["hermit:Glare+1","hermit:BigShot"],"picked":"hermit:Malice+1","floor":29},{"not_picked":["hermit:SprayPray","hermit:ItchyTrigger"],"picked":"hermit:Manifest+1","floor":30},{"not_picked":["hermit:Roulette","hermit:Grudge"],"picked":"hermit:TrackingShot+1","floor":31},{"not_picked":["hermit:HighNoon","hermit:RoundhouseKick"],"picked":"hermit:HeroicBravado+1","floor":33},{"not_picked":["hermit:HighCaliber+1","hermit:Feint+1","hermit:Cheat+1"],"picked":"SKIP","floor":35},{"not_picked":["hermit:LuckOfTheDraw+1","hermit:Midnight+1","hermit:BodyArmor+1"],"picked":"SKIP","floor":37}],"player_experience":1547338,"relics_obtained":[{"floor":7,"key":"Kunai"},{"floor":9,"key":"Toxic Egg 2"},{"floor":10,"key":"Lantern"},{"floor":21,"key":"Enchiridion"},{"floor":24,"key":"CeramicFish"},{"floor":26,"key":"Bottled Flame"}],"event_choices":[{"damage_healed":0,"gold_gain":0,"player_choice":"Leave","damage_taken":0,"max_hp_gain":0,"max_hp_loss":0,"event_name":"The Cleric","floor":3,"gold_loss":0},{"cards_removed":["hermit:Strike_Hermit"],"damage_healed":0,"gold_gain":0,"player_choice":"Forget","damage_taken":0,"max_hp_gain":0,"max_hp_loss":0,"event_name":"Living Wall","floor":4,"gold_loss":0},{"damage_healed":0,"gold_gain":0,"player_choice":"Upgraded","damage_taken":0,"max_hp_gain":0,"max_hp_loss":0,"event_name":"Upgrade Shrine","floor":13,"gold_loss":0,"cards_upgraded":["hermit:Covet"]},{"damage_healed":0,"gold_gain":0,"player_choice":"Obtained Book","damage_taken":16,"max_hp_gain":0,"max_hp_loss":0,"event_name":"Cursed Tome","floor":21,"gold_loss":0},{"damage_healed":0,"gold_gain":0,"player_choice":"Trade","damage_taken":0,"relics_obtained":["GremlinMask"],"max_hp_gain":0,"max_hp_loss":0,"event_name":"FaceTrader","floor":28,"gold_loss":0},{"damage_healed":0,"gold_gain":0,"player_choice":"Ignored","damage_taken":0,"max_hp_gain":0,"max_hp_loss":0,"event_name":"Mysterious Sphere","floor":36,"gold_loss":0}],"is_beta":false,"boss_relics":[{"not_picked":["hermit:ClaspedLocket","Coffee Dripper"],"picked":"hermit:DentedPlate"},{"not_picked":["hermit:BartenderGlass","Cursed Key"],"picked":"Sozu"}],"items_purged_floors":[14,19],"is_endless":false,"potions_floor_spawned":[8,11,12,18,29,31,33,37],"killed_by":"Maw","ascension_level":1}}