{"host":"dhk5e65fhht6ttq3","time":1613573621,"event":{"mods":["BaseMod","Lobotomy","LobotomyExtend","Minty Spire (QoL Compilation)","Replay The Spire","StSLib","[IsaacMod]ÒÔÈö¼âËþ"],"gold_per_floor":[274,349,349,365,378,378,408,408,435,241,267,282,302,322,322,417,417,437,450,463,463,463],"floor_reached":21,"language":"ZHS","playtime":1641,"items_purged":["Strike_R","BigBadWolf"],"score":183,"play_id":"0b804d2e-b998-493e-9b77-201fc6cc0054","local_time":"20210217225341","is_ascension_mode":false,"campfire_choices":[{"data":"Armaments","floor":6.0,"key":"SMITH"},{"floor":8,"key":"REST"},{"floor":15,"key":"DIG"}],"circlet_count":0,"master_deck":["Strike_R","Strike_R","Defend_R","Defend_R","Defend_R","Bash","Battle Trance","Armaments+1","MeatLantern","Evolve","SnowQueen","Flame Barrier","Replay:Many Hands","NakedNest","OldLady","Demonic Infusion","Fire Breathing","Shrug It Off","OSAHOGD","LongBird","Body Slam"],"relics":["Burning Blood","HushsDoor","Leech","CogitoBucket","LetterFromLob","Potion Belt","Boot","Juzu Bracelet","AspirationHeart","HowToJump","ReplayTheSpireMod:DimensionalGlitch","GuppysHairball","Theresia"],"acts_visited":["Exordium","TheCity"],"potions_floor_usage":[13,16,16,20,20],"damage_taken":[{"damage":2.0,"enemies":"2 Louse","floor":1.0,"turns":3.0},{"damage":0.0,"enemies":"Small Slimes","floor":4.0,"turns":3.0},{"damage":1.0,"enemies":"Cultist","floor":5.0,"turns":3.0},{"damage":59,"enemies":"Gremlin Nob","floor":7,"turns":3},{"damage":0,"enemies":"Exordium Wildlife","floor":12,"turns":3},{"damage":14,"enemies":"Gremlin Gang","floor":13,"turns":9},{"damage":0,"enemies":"2 Fungi Beasts","floor":14,"turns":3},{"damage":55,"enemies":"The Guardian","floor":16,"turns":8},{"damage":5,"enemies":"3 Byrds","floor":18,"turns":4},{"damage":0,"enemies":"Chosen","floor":19,"turns":3},{"damage":74,"enemies":"Shelled Parasite and Fungi","floor":20,"turns":5},{"damage":15,"enemies":"Snake Plant","floor":21,"turns":2}],"seed_played":"-5824189221954616376","potions_obtained":[{"floor":3.0,"key":"EssenceOfSteel"},{"floor":3.0,"key":"Regen Potion"},{"floor":3.0,"key":"Block Potion"},{"floor":4.0,"key":"PowerPotion"},{"floor":7,"key":"SpeedPotion"},{"floor":12,"key":"BloodPotion"},{"floor":19,"key":"AttackPotion"},{"floor":20,"key":"FearPotion"}],"is_trial":false,"path_per_floor":["M","?","?","M","M","R","E","R","T","$","T","M","M","M","R","B",null,"M","M","M","M"],"character_chosen":"IRONCLAD","items_purchased":["Shrug It Off","Evolve","Fire Breathing","GuppysHairball"],"campfire_rested":1,"item_purchase_floors":[10,10,17,17],"current_hp_per_floor":[80,69,69,77,80,80,28,52,52,52,52,60,68,77,77,52,73,73,73,8,0,0],"gold":463,"neow_bonus":"","is_daily":false,"chose_seed":false,"campfire_upgraded":1,"win_rate":0.0,"timestamp":1613573621,"path_taken":["M","?","?","M","M","R","E","R","T","$","?","M","M","M","R","BOSS","M","M","M","M"],"items_purchased_type":["Card","Card","Card","Relic"],"build_version":"2020-12-22","purchased_purges":2,"victory":false,"max_hp_per_floor":[80,80,80,80,80,80,80,80,80,80,80,80,90,90,90,90,73,73,73,73,73,73],"card_choices":[{"not_picked":[],"picked":"Bomb","floor":0.0},{"not_picked":["Sentinel","Sword Boomerang"],"picked":"Battle Trance","floor":1.0},{"not_picked":["BigBird","Scorched"],"picked":"BigBadWolf","floor":1.0},{"not_picked":["Thunderclap","Heavy Blade"],"picked":"Armaments","floor":4.0},{"not_picked":["Bloodbath","FairyFestival","VoidDream"],"picked":"Singing Bowl","floor":4.0},{"not_picked":["CrumblingArmor","ShyLook"],"picked":"Freischutz","floor":4.0},{"not_picked":["Juggernaut","Wild Strike"],"picked":"Body Slam","floor":5.0},{"not_picked":["Murderer","ShyLook"],"picked":"MeatLantern","floor":5.0},{"not_picked":["QueenBee","LittleHelper"],"picked":"BigBird","floor":7},{"not_picked":["Armaments","Iron Wave","Intimidate"],"picked":"SKIP","floor":7},{"not_picked":["Armaments","Iron Wave","Intimidate"],"picked":"SKIP","floor":7},{"not_picked":["Thunderclap","Sword Boomerang"],"picked":"Headbutt","floor":12},{"not_picked":["Murderer","Mercenary"],"picked":"SnowQueen","floor":12},{"not_picked":["Spot Weakness","Pommel Strike"],"picked":"Flame Barrier","floor":13},{"not_picked":["Wild Strike","Life Link"],"picked":"Replay:Many Hands","floor":14},{"not_picked":["SingingMachine","Scorched"],"picked":"NakedNest","floor":14},{"not_picked":["Murderer","BeautyBeast"],"picked":"OldLady","floor":16},{"not_picked":["Demon Form","Juggernaut"],"picked":"Demonic Infusion","floor":16},{"not_picked":["Uppercut","ReplayTheSpireMod:Strike From Hell+1"],"picked":"Shrug It Off","floor":18},{"not_picked":["RedShoes","VoidDream","Rudolta"],"picked":"Singing Bowl","floor":19},{"not_picked":["Variant","MHz"],"picked":"OSAHOGD","floor":19},{"not_picked":["Searing Blow","Entrench","Heavy Blade"],"picked":"SKIP","floor":19},{"not_picked":["MeltingLove","QueenOfHatred"],"picked":"LongBird","floor":20},{"not_picked":["Demon Form","Evolve"],"picked":"Body Slam","floor":20}],"player_experience":975416,"relics_obtained":[{"floor":1.0,"key":"LetterFromLob"},{"floor":7,"key":"Potion Belt"},{"floor":9,"key":"Boot"},{"floor":11,"key":"Juzu Bracelet"},{"floor":15,"key":"HowToJump"}],"event_choices":[{"damage_healed":0.0,"max_hp_gain":0.0,"max_hp_loss":0.0,"gold_gain":75.0,"event_name":"World of Goop","player_choice":"Gather Gold","floor":2.0,"gold_loss":0.0,"damage_taken":11.0},{"damage_healed":0.0,"max_hp_gain":0.0,"max_hp_loss":0.0,"gold_gain":0.0,"event_name":"Lab","player_choice":"Got Potions","floor":3.0,"gold_loss":0.0,"damage_taken":0.0}],"is_beta":false,"boss_relics":[{"not_picked":["Coffee Dripper","Cursed Key"],"picked":"ReplayTheSpireMod:DimensionalGlitch"},{"not_picked":[]}],"items_purged_floors":[10,17],"is_endless":false,"potions_floor_spawned":[4,7,12,19,20],"killed_by":"Snake Plant","ascension_level":0}}