{"host":"fevvm7bbzuh4s1jc","time":1613604898,"event":{"mods":["BaseMod","Highlight Path","Minty Spire (QoL Compilation)","Relic Stats"],"gold_per_floor":[364,27,177,177,222,222,236,236,262,262,18,18,57,76,76,169,169,187,203,216,234,90,131,131,181,227,227,250,250,340,34,34,34,34],"floor_reached":33,"language":"ENG","playtime":1158,"items_purged":["Strike_R","Doubt","Strike_R"],"score":647,"play_id":"8062ca73-a5a2-4400-b4b0-de457416f884","local_time":"20210217183458","is_ascension_mode":true,"campfire_choices":[{"data":"Bash","floor":6.0,"key":"SMITH"},{"data":"Whirlwind","floor":8.0,"key":"SMITH"},{"data":"Fire Breathing","floor":10.0,"key":"SMITH"},{"data":"Pommel Strike","floor":12.0,"key":"SMITH"},{"data":"Clothesline","floor":15.0,"key":"SMITH"},{"data":"Disarm","floor":24.0,"key":"SMITH"},{"data":"Fiend Fire","floor":27.0,"key":"SMITH"},{"data":"Reaper","floor":29.0,"key":"SMITH"},{"floor":32.0,"key":"REST"}],"circlet_count":0,"master_deck":["AscendersBane","Strike_R","Strike_R","Strike_R","Defend_R","Defend_R","Defend_R","Defend_R","Bash+1","Fire Breathing+1","Whirlwind+1","Pommel Strike+1","Reaper+1","Clothesline+1","Fiend Fire+1","Disarm+1","Rampage"],"relics":["Burning Blood","Membership Card","Letter Opener","Golden Idol","Ancient Tea Set","Torii","Boot","Snecko Eye","ClockworkSouvenir","Dream Catcher","Centennial Puzzle","Paper Frog","Strawberry","Strange Spoon"],"acts_visited":["Exordium","TheCity"],"potions_floor_usage":[33,33],"damage_taken":[{"damage":7.0,"enemies":"Small Slimes","floor":1.0,"turns":4.0},{"damage":11.0,"enemies":"Jaw Worm","floor":7.0,"turns":4.0},{"damage":32.0,"enemies":"Gremlin Nob","floor":13.0,"turns":4.0},{"damage":1.0,"enemies":"Cultist","floor":14.0,"turns":3.0},{"damage":0.0,"enemies":"Slime Boss","floor":16.0,"turns":5.0},{"damage":12.0,"enemies":"2 Thieves","floor":18.0,"turns":4.0},{"damage":17.0,"enemies":"Shell Parasite","floor":19.0,"turns":3.0},{"damage":1.0,"enemies":"Snecko","floor":20.0,"turns":3.0},{"damage":33.0,"enemies":"Sentry and Sphere","floor":21.0,"turns":4.0},{"damage":21.0,"enemies":"Gremlin Leader","floor":23.0,"turns":5.0},{"damage":0.0,"enemies":"3 Cultists","floor":28.0,"turns":3.0},{"damage":106,"enemies":"Collector","floor":33,"turns":10}],"seed_played":"-2747914344589402745","potions_obtained":[{"floor":1.0,"key":"Swift Potion"},{"floor":13.0,"key":"Regen Potion"},{"floor":18.0,"key":"Strength Potion"},{"floor":20.0,"key":"FearPotion"},{"floor":28.0,"key":"SkillPotion"}],"is_trial":false,"path_per_floor":["M","$","?","?","T","R","M","R","T","R","$","R","E","M","R","B",null,"M","M","M","M","$","E","R","?","T","R","M","R","?","$","R","B"],"character_chosen":"IRONCLAD","items_purchased":["Membership Card","Letter Opener","Torii","Pommel Strike","ClockworkSouvenir","Paper Frog","Strawberry","Strange Spoon"],"campfire_rested":1,"item_purchase_floors":[2,2,11,11,22,31,31,31],"current_hp_per_floor":[67,67,67,62,62,62,57,57,57,57,57,57,31,36,36,42,57,51,55,62,35,35,32,32,32,32,32,43,43,31,38,58,0,0],"gold":34,"neow_bonus":"TWO_FIFTY_GOLD","is_daily":false,"chose_seed":false,"campfire_upgraded":8,"win_rate":0.0,"timestamp":1613604898,"path_taken":["M","$","?","?","?","R","?","R","T","R","$","R","E","M","R","BOSS","M","?","M","M","?","E","R","?","T","R","M","R","?","$","R","BOSS"],"items_purchased_type":["Relic","Relic","Relic","Card","Relic","Relic","Relic","Relic"],"build_version":"2020-12-22","purchased_purges":3,"victory":false,"max_hp_per_floor":[68,68,68,62,62,62,62,62,62,62,62,62,62,62,62,62,62,62,62,62,62,62,62,62,62,62,62,62,62,62,69,69,69,69],"relic_stats":{"Strange Spoon":[2],"Dream Catcher":1,"Centennial Puzzle":[3],"Torii":16,"counters":[12,52],"Golden Idol":61,"Snecko Eye":[53,51,61,57],"Letter Opener":[20],"Boot":[9],"obtain_stats":[{"Torii":11,"Golden Idol":4,"Letter Opener":2,"Ancient Tea Set":9,"Boot":13,"Burning Blood":0,"ClockworkSouvenir":22,"Strange Spoon":31,"Dream Catcher":23,"Centennial Puzzle":26,"Strawberry":31,"Snecko Eye":17,"Membership Card":2,"Paper Frog":31},{"Torii":2,"Golden Idol":1,"Letter Opener":1,"Ancient Tea Set":2,"Boot":3,"Burning Blood":0,"ClockworkSouvenir":9,"Strange Spoon":11,"Dream Catcher":10,"Centennial Puzzle":10,"Strawberry":11,"Snecko Eye":5,"Membership Card":1,"Paper Frog":11},{"Torii":8,"Golden Idol":4,"Letter Opener":4,"Ancient Tea Set":8,"Boot":12,"Burning Blood":0,"ClockworkSouvenir":34,"Strange Spoon":42,"Dream Catcher":39,"Centennial Puzzle":39,"Strawberry":42,"Snecko Eye":20,"Membership Card":4,"Paper Frog":42}],"Burning Blood":62},"card_choices":[{"not_picked":["Rage","Sever Soul"],"picked":"Fire Breathing","floor":1.0},{"not_picked":["Clash","Disarm"],"picked":"Whirlwind","floor":7.0},{"not_picked":["Whirlwind","Entrench"],"picked":"Reaper","floor":13.0},{"not_picked":["Reckless Charge","Sever Soul"],"picked":"Clothesline","floor":14.0},{"not_picked":["Immolate","Bludgeon"],"picked":"Fiend Fire","floor":16.0},{"not_picked":["Inflame","Clash","True Grit"],"picked":"SKIP","floor":18.0},{"not_picked":["Sever Soul","Twin Strike","Infernal Blade"],"picked":"SKIP","floor":19.0},{"not_picked":["Iron Wave","Fire Breathing"],"picked":"Disarm","floor":20.0},{"not_picked":["Thunderclap","Anger","Pommel Strike"],"picked":"SKIP","floor":21.0},{"not_picked":["Headbutt","Wild Strike","Pommel Strike"],"picked":"SKIP","floor":23.0},{"not_picked":["Havoc","Heavy Blade","Cleave"],"picked":"SKIP","floor":28.0},{"not_picked":["Anger","Body Slam"],"picked":"Rampage","floor":32.0}],"player_experience":2838366,"relics_obtained":[{"floor":9.0,"key":"Ancient Tea Set"},{"floor":13.0,"key":"Boot"},{"floor":23.0,"key":"Dream Catcher"},{"floor":26.0,"key":"Centennial Puzzle"}],"event_choices":[{"damage_healed":0.0,"max_hp_gain":0.0,"max_hp_loss":0.0,"gold_gain":150.0,"event_name":"Liars Game","player_choice":"AGREE","floor":3.0,"gold_loss":0.0,"damage_taken":0.0,"cards_obtained":["Doubt"]},{"damage_healed":0.0,"max_hp_gain":0.0,"max_hp_loss":6.0,"gold_gain":0.0,"event_name":"Golden Idol","player_choice":"Lose Max HP","floor":4.0,"gold_loss":0.0,"damage_taken":0.0,"relics_obtained":["Golden Idol"]},{"damage_healed":0.0,"max_hp_gain":0.0,"max_hp_loss":0.0,"gold_gain":50.0,"event_name":"Nest","player_choice":"Stole From Cult","floor":25.0,"gold_loss":0.0,"damage_taken":0.0},{"damage_healed":0.0,"max_hp_gain":0.0,"max_hp_loss":0.0,"gold_gain":90.0,"event_name":"Knowing Skull","player_choice":"GOLD ","floor":30.0,"potions_obtained":[],"gold_loss":0.0,"damage_taken":12.0,"cards_obtained":[]}],"is_beta":false,"boss_relics":[{"not_picked":["Pandora\u0027s Box","Calling Bell"],"picked":"Snecko Eye"}],"items_purged_floors":[2,11,22],"is_endless":false,"potions_floor_spawned":[1,13,18,20,28],"killed_by":"Collector","ascension_level":20}}