{"host":"y4fuci1jk2rsxnep","time":1613568698,"event":{"mods":["AchievementEnabler","BaseMod","Colored Powertips","Custom Start","Defuse TimeMaze Blight","Dio Mod","Downfall","Hermit","Hero for Fun","Hubris","Hunter ??","Infinite Spire","Minty Spire (QoL Compilation)","Quick Restart","Reliquary","Remove Card Discount Mod","Replay The Spire","StSLib","The Blackbeard","The Bug Knight","The Mystic","The Runesmith"],"gold_per_floor":[99,99,99,119,133,133,182,182,192,211,211,227,227,227,238,342,342,342,352,188,200,200,170,170,170,187,187,249,249,249,249,249,95,105,201,201,201,351,365,383,383,383,383,401,301,321,321,431,431,431,451,451],"floor_reached":53,"language":"ENG","playtime":5739,"items_purged":[],"score":626,"play_id":"6ad1ef58-4cfe-45ae-b866-4b8473033ddb","local_time":"20210217143138","is_ascension_mode":false,"campfire_choices":[{"data":"Guardian:CurlUp","floor":1,"key":"SMITH"},{"data":"Guardian:ChargeUp","floor":6,"key":"SMITH"},{"data":"Guardian:TwinSlam","floor":8,"key":"SMITH"},{"data":"Guardian:BodySlam","floor":13,"key":"SMITH"},{"data":"hubris:Insight","floor":18,"key":"SMITH"},{"data":"Guardian:AncientConstruct","floor":25,"key":"SMITH"},{"floor":30,"key":"REST"},{"data":"Guardian:SpikerProtocol","floor":37,"key":"SMITH"},{"floor":42,"key":"REST"},{"data":"Guardian:FloatingOrbs","floor":45,"key":"SMITH"},{"data":"Guardian:RevengeProtocol","floor":49,"key":"SMITH"}],"circlet_count":0,"master_deck":["Guardian:Strike_Guardian","Guardian:Strike_Guardian","Guardian:Strike_Guardian","Guardian:Strike_Guardian","Guardian:Defend_Guardian","Guardian:Defend_Guardian","Guardian:Defend_Guardian","Guardian:Defend_Guardian","Guardian:CurlUp+1","Guardian:TwinSlam+1","hubris:Insight+1","Guardian:ChargeUp+1","Guardian:BodySlam+1","Guardian:BronzeArmor","Guardian:DecasProtection+1","Guardian:AncientConstruct+1","Guardian:EvasiveProtocol","Guardian:PrismaticBeam","Guardian:FloatingOrbs+1","Guardian:SpikerProtocol+1","Guardian:RevengeProtocol+1","Guardian:SpikerProtocol+1","Guardian:Recover+1","Guardian:FloatingOrbs+1"],"relics":["Guardian:ModeShifter","Runesmith:AutoHammer","hubris:Icosahedron","hubris:HollowSoul","Sling","ReplayTheSpireMod:Ring of Collecting","reliquary:BallBearing","downfall:HeartBlessingBlue","downfall:ExtraCursedKey"],"acts_visited":["Exordium","TheCity","TheBeyond"],"potions_floor_usage":[16,35,35,40,52,52],"damage_taken":[{"damage":0,"enemies":"2 Louse","floor":4,"turns":2},{"damage":0,"enemies":"Cultist","floor":5,"turns":3},{"damage":6,"enemies":"Jaw Worm","floor":9,"turns":4},{"damage":8,"enemies":"Red Slaver","floor":10,"turns":4},{"damage":6,"enemies":"Large Slime","floor":12,"turns":5},{"damage":1,"enemies":"2 Fungi Beasts","floor":15,"turns":3},{"damage":25,"enemies":"WA_ARCHETYPE_RETAIN","floor":16,"turns":7},{"damage":0,"enemies":"Chosen","floor":19,"turns":4},{"damage":0,"enemies":"downfall:FleeingMerchant","floor":20,"turns":4},{"damage":11,"enemies":"3 Byrds","floor":21,"turns":5},{"damage":32,"enemies":"Centurion and Healer","floor":23,"turns":6},{"damage":21,"enemies":"Snake Plant","floor":26,"turns":4},{"damage":0,"enemies":"Snecko","floor":28,"turns":7},{"damage":0,"enemies":"downfall:FleeingMerchant","floor":33,"turns":4},{"damage":35,"enemies":"Centurion and Healer","floor":34,"turns":8},{"damage":46,"enemies":"DF_ARCHETYPE_CLAW","floor":35,"turns":11},{"damage":25,"enemies":"3 Darklings","floor":39,"turns":6},{"damage":26,"enemies":"3 Shapes","floor":40,"turns":7},{"damage":28,"enemies":"3 Darklings","floor":44,"turns":6},{"damage":27,"enemies":"Sphere and 2 Shapes","floor":46,"turns":7},{"damage":9,"enemies":"Writhing Mass","floor":48,"turns":7},{"damage":30,"enemies":"Transient","floor":51,"turns":5},{"damage":75,"enemies":"IC_BLOCK_ARCHETYPE","floor":52,"turns":9}],"seed_played":"-7250361869093246493","potions_obtained":[{"floor":3,"key":"LiquidMemories"},{"floor":3,"key":"Reflective Coating"},{"floor":3,"key":"Slimebound:ThreeZeroPotion"},{"floor":4,"key":"Fire Potion"},{"floor":16,"key":"Guardian:DefensiveModePotion"},{"floor":21,"key":"Dexterity Potion"},{"floor":28,"key":"Regen Potion"},{"floor":39,"key":"Swift Potion"},{"floor":46,"key":"Guardian:BlockOnCardUsePotion"},{"floor":51,"key":"PowerPotion"}],"is_trial":false,"path_per_floor":["R","?","?","M","M","R","T","R","M","M","?","M","R","T","M","B",null,"R","M","$","M","?","M","T","R","M","?","M","?","R","PTL","PTL","$","M","B",null,"R","?","M","M","?","R","T","M","R","M","?","M","R","AVR","M","B",null],"character_chosen":"GUARDIAN","items_purchased":["Sling","Guardian:SpikerProtocol","Guardian:Gem_Fragmented"],"campfire_rested":2,"item_purchase_floors":[20,33,33],"current_hp_per_floor":[80,80,80,80,80,80,80,80,74,66,66,60,60,60,59,34,80,80,80,80,69,69,37,37,37,16,42,42,42,66,66,66,66,31,68,80,80,80,55,29,29,53,53,25,35,8,8,45,45,45,90,15],"gold":451,"neow_bonus":"RANDOM_COLORLESS","is_daily":false,"chose_seed":false,"campfire_upgraded":9,"win_rate":0.0,"timestamp":1613568698,"path_taken":["R","?","?","M","?","R","T","R","M","M","?","M","R","?","M","BOSS","R","M","$","M","?","M","T","R","M","?","M","?","R","PTL","PTL","$","M","BOSS","R","?","M","?","?","R","T","?","R","?","?","M","R","AVR","M","BOSS"],"items_purchased_type":["Relic","Card","Card"],"build_version":"2020-12-22","purchased_purges":0,"victory":true,"max_hp_per_floor":[80,80,80,80,80,80,80,80,80,80,80,80,80,80,80,80,80,80,80,80,80,80,80,80,80,80,80,80,80,80,80,80,80,80,80,80,80,80,80,80,80,80,80,80,90,90,90,90,90,90,90,90],"card_choices":[{"not_picked":["hubris:Ssssneak","Dramatic Entrance"],"picked":"hubris:Insight","floor":0},{"not_picked":["Guardian:ShieldCharger","Guardian:Repulse","Guardian:Gem_Red"],"picked":"SKIP","floor":4},{"not_picked":["Guardian:PrismaticBarrier","Guardian:Recover","Guardian:Gem_Green"],"picked":"SKIP","floor":5},{"not_picked":["Guardian:Suspension","Guardian:Gem_Red","Guardian:Repulse"],"picked":"SKIP","floor":9},{"not_picked":["Guardian:PolyBeam","Guardian:Gem_Cyan"],"picked":"Guardian:BodySlam","floor":10},{"not_picked":["Guardian:Repulse","Guardian:Gem_Lightblue","Guardian:Suspension"],"picked":"SKIP","floor":12},{"not_picked":["Guardian:Reroute","Guardian:CrystalBeam","Guardian:Incinerate"],"picked":"SKIP","floor":15},{"not_picked":["Guardian:GemFinder","Guardian:SphericShield"],"picked":"Guardian:Gem_Orange","floor":16},{"not_picked":["Guardian:DecasProtection","Guardian:RollAttack"],"picked":"Guardian:BronzeArmor","floor":19},{"not_picked":["Guardian:TimeCapacitor","Guardian:ChargeCore"],"picked":"Guardian:DecasProtection+1","floor":20},{"not_picked":["Guardian:WalkerClaw","Guardian:Reroute+1"],"picked":"Guardian:AncientConstruct","floor":21},{"not_picked":["Guardian:BronzeArmor","Guardian:Gem_Green"],"picked":"Guardian:EvasiveProtocol","floor":23},{"not_picked":["Guardian:Incinerate","Guardian:ShieldSpikes"],"picked":"Guardian:PrismaticBeam","floor":26},{"not_picked":["Guardian:PrismaticBarrier","Guardian:PrismaticBeam"],"picked":"Guardian:FloatingOrbs","floor":28},{"not_picked":["Guardian:Suspension","Guardian:Gem_Cyan"],"picked":"Guardian:Gem_Red","floor":33},{"not_picked":["Guardian:Recover","Guardian:WalkerClaw+1"],"picked":"Guardian:Gem_Orange","floor":34},{"not_picked":["Guardian:Gem_Orange","Guardian:ConstructionForm"],"picked":"Guardian:RevengeProtocol","floor":35},{"not_picked":["Guardian:Reroute+1","Guardian:PiercingHide"],"picked":"Guardian:SpikerProtocol+1","floor":39},{"not_picked":["Guardian:Gem_Lightblue","Guardian:SpikerProtocol+1"],"picked":"Guardian:Recover+1","floor":40},{"not_picked":["Guardian:ShieldCharger+1","Guardian:TimeCapacitor"],"picked":"Guardian:Gem_Lightblue","floor":44},{"not_picked":["Guardian:SentryBeam","Guardian:Incinerate","Guardian:WalkerClaw+1"],"picked":"SKIP","floor":46},{"not_picked":["Guardian:VentSteam","Guardian:ShieldCharger"],"picked":"Guardian:FloatingOrbs+1","floor":48},{"not_picked":["Guardian:Reroute+1","Guardian:PolyBeam+1","Guardian:Gem_Green"],"picked":"SKIP","floor":51},{"not_picked":["Guardian:Reroute+1","Guardian:PolyBeam+1","Guardian:Gem_Green"],"picked":"SKIP","floor":51}],"player_experience":627193,"relics_obtained":[{"floor":7,"key":"Runesmith:AutoHammer"},{"floor":14,"key":"hubris:MobiusCoin"},{"floor":22,"key":"ReplayTheSpireMod:Ring of Collecting"},{"floor":24,"key":"reliquary:BallBearing"}],"event_choices":[{"damage_healed":0,"gold_gain":0,"player_choice":"Got Potions","damage_taken":0,"max_hp_gain":0,"max_hp_loss":0,"event_name":"Lab","floor":3,"gold_loss":0},{"damage_healed":26,"gold_gain":0,"player_choice":"Heal","damage_taken":0,"max_hp_gain":0,"max_hp_loss":0,"event_name":"The Library","floor":27,"gold_loss":0}],"is_beta":false,"boss_relics":[{"not_picked":["hubris:CrackedHourglass","ReplayTheSpireMod:DimensionalGlitch"],"picked":"hubris:HollowSoul"},{"not_picked":["reliquary:Craggleroot","bronze:MakeshiftBattery","Runic Dome"]}],"items_purged_floors":[],"is_endless":false,"potions_floor_spawned":[4,16,21,23,28,34,39,46,51],"ascension_level":0}}