{"host":"za1qviwhp34x909e","time":1613547494,"event":{"mods":["Act Like it!","BaseMod","Colored Map","Colored Powertips","Downfall","Highlight Path","Hubris","Koishi","Marisa????????","Minty Spire (QoL Compilation)","Quick Restart","Remilia??????","Replay The Spire","StSLib","The Servant 0.9.4"],"gold_per_floor":[112,112,126,143,64,64,94,110,156,176,176,202,202,212,212,314,314,333,333,333,130,147,147,182,192,192,192,192,192,211,221,221,326,326,339,358,371,386,286,317,317,144,144,171,184,184,194,204,204,204,204,204,79,113,113,113],"floor_reached":55,"language":"ENG","playtime":3386,"items_purged":["Koishi:BasicStrike","Koishi:BasicStrike","Koishi:SprinkleStarAndHeart"],"score":786,"play_id":"02e13185-e65b-44f1-afd3-2c3030e36761","local_time":"20210217013814","is_ascension_mode":false,"campfire_choices":[{"data":"Koishi:EmbryosDream","floor":6,"key":"SMITH"},{"data":"Koishi:Whimsy","floor":11,"key":"SMITH"},{"floor":15,"key":"DIG"},{"data":"MurderousAura","floor":23,"key":"SMITH"},{"floor":27,"key":"REST"},{"data":"Koishi:PredatoryInstincts","floor":29,"key":"SMITH"},{"floor":32,"key":"DIG"},{"data":"Koishi:Heartbroken","floor":41,"key":"SMITH"},{"floor":46,"key":"REST"},{"floor":49,"key":"RECALL"},{"data":"Koishi:HeartAttack","floor":52,"key":"SMITH"}],"circlet_count":0,"master_deck":["Koishi:BasicDefend","Koishi:BasicDefend","Koishi:BasicDefend","Koishi:Provoke","Koishi:HauntingSlash","Koishi:DreadfulBlow","Koishi:PhantomBarrier","Koishi:EmbryosDream+1","Koishi:HeartAttack+1","Koishi:TremblingHands","Koishi:SilentAndRestless","Koishi:Whimsy+1","Koishi:PredatoryInstincts+1","MurderousAura+1","Koishi:SprinkleStarAndHeart","Koishi:LastRemote","Massacre+1","Koishi:Heartbroken+1","Koishi:UnconsciousUrges+1","Bloodletting+1","Koishi:HeartAttack","champ:ShieldWall+1"],"relics":["Koishi:ImaginaryFriend","Blood Vial","hubris:Icosahedron","TungstenRod","Dream Catcher","hubris:GlazedTorus","PrismaticShard","Singing Bowl","Replay:Ancient Bell","hubris:OldNail","hubris:SphereOfDissonance","Koishi:ImperfectMetamorphosis","hubris:Zylophone","Calipers","Replay:Ringing Soul","Simple Rune","Philosopher\u0027s Stone","hubris:TenFootPole","Replay:Wax Seal","ReplayTheSpireMod:TigerMarble"],"acts_visited":["Exordium","TheCity","TheBeyond","TheEnding"],"potions_floor_usage":[7,12,14,24,24,33,55],"damage_taken":[{"damage":0,"enemies":"Small Slimes","floor":1,"turns":3},{"damage":0,"enemies":"2 Louse","floor":3,"turns":3},{"damage":6,"enemies":"Jaw Worm","floor":4,"turns":5},{"damage":12,"enemies":"Lagavulin","floor":7,"turns":7},{"damage":7,"enemies":"Gremlin Gang","floor":8,"turns":7},{"damage":1,"enemies":"Blue Slaver","floor":10,"turns":4},{"damage":18,"enemies":"Gremlin Nob","floor":12,"turns":3},{"damage":0,"enemies":"Lots of Slimes","floor":14,"turns":3},{"damage":26,"enemies":"Slime Boss","floor":16,"turns":8},{"damage":16,"enemies":"2 Thieves","floor":18,"turns":6},{"damage":15,"enemies":"Spheric Guardian","floor":22,"turns":5},{"damage":34,"enemies":"Gremlin Leader","floor":24,"turns":9},{"damage":9,"enemies":"3 Cultists","floor":25,"turns":5},{"damage":14,"enemies":"Sentry and Sphere","floor":30,"turns":6},{"damage":13,"enemies":"Shelled Parasite and Fungi","floor":31,"turns":4},{"damage":13,"enemies":"Automaton","floor":33,"turns":10},{"damage":15,"enemies":"3 Darklings","floor":35,"turns":6},{"damage":20,"enemies":"Orb Walker","floor":36,"turns":4},{"damage":2,"enemies":"Maw","floor":37,"turns":5},{"damage":19,"enemies":"Writhing Mass","floor":38,"turns":6},{"damage":2,"enemies":"R_Hoarder","floor":40,"turns":4},{"damage":18,"enemies":"Nemesis","floor":44,"turns":3},{"damage":19,"enemies":"Jaw Worm Horde","floor":45,"turns":3},{"damage":20,"enemies":"Sphere and 2 Shapes","floor":47,"turns":3},{"damage":16,"enemies":"Writhing Mass","floor":48,"turns":4},{"damage":28,"enemies":"hubris:GrandSnecko","floor":50,"turns":5},{"damage":37,"enemies":"Shield and Spear","floor":54,"turns":4},{"damage":93,"enemies":"The Heart","floor":55,"turns":3}],"seed_played":"6551696484444847577","potions_obtained":[{"floor":1,"key":"AttackPotion"},{"floor":10,"key":"Slimebound:ThreeZeroPotion"},{"floor":12,"key":"Explosive Potion"},{"floor":14,"key":"Strength Potion"},{"floor":16,"key":"BlessingOfTheForge"},{"floor":18,"key":"Strength Potion"},{"floor":22,"key":"Energy Potion"},{"floor":31,"key":"SteroidPotion"},{"floor":37,"key":"Death Potion"},{"floor":38,"key":"Elixir"}],"is_trial":false,"path_per_floor":["M","?","M","M","$","R","E","M","T","M","R","E","?","M","R_BF","B",null,"M","?","?","$","M","R","E","M","T","R","?","R","M","M","R_BF","B",null,"M","M","M","M","NS","E","R","$","T","E","M","R","M","M","R","B",null,"R","$","E","B"],"character_chosen":"KOISHI","items_purchased":["Koishi:HeartAttack","Koishi:LastRemote","Koishi:ReflexRadar","Koishi:HeartAttack"],"campfire_rested":2,"item_purchase_floors":[5,21,21,42],"current_hp_per_floor":[60,60,60,57,57,57,55,51,51,54,54,39,39,41,41,19,66,57,46,46,46,35,35,20,14,14,39,39,39,37,28,28,35,86,89,79,87,80,80,83,83,86,86,72,57,90,74,64,64,42,112,112,112,90,0,0],"gold":113,"neow_bonus":"RANDOM_COMMON_RELIC","is_daily":false,"chose_seed":false,"campfire_upgraded":6,"win_rate":0.0,"timestamp":1613547494,"path_taken":["M","?","M","M","$","R","E","M","T","M","R","E","?","M","R_BF","BOSS","M","?","?","$","M","R","E","?","T","R","?","R","M","M","R_BF","BOSS","M","?","M","M","NS","E","R","$","T","E","M","R","M","M","R","BOSS","R","$","E","BOSS"],"items_purchased_type":["Card","Card","Card","Card"],"build_version":"2020-12-22","purchased_purges":3,"victory":false,"max_hp_per_floor":[60,60,60,60,60,60,60,60,60,60,60,60,60,60,60,60,66,68,73,73,73,75,75,77,77,77,79,79,79,81,83,83,86,86,89,92,94,96,96,98,98,101,101,103,105,107,109,112,112,112,112,112,112,114,114,114],"card_choices":[{"not_picked":["Koishi:Bloodlust","Koishi:CatchAndRose"],"picked":"Koishi:DreadfulBlow","floor":1},{"not_picked":["Koishi:HeartfeltFancy","Koishi:UnconsciousUprising"],"picked":"Koishi:PhantomBarrier","floor":3},{"not_picked":["Koishi:PhantomBarrier","Koishi:UnansweredLove"],"picked":"Koishi:EmbryosDream","floor":4},{"not_picked":["Koishi:TraumaticStroke","Koishi:UnconsciousUprising"],"picked":"Koishi:TremblingHands","floor":7},{"not_picked":["Koishi:DNAsFlaw","Koishi:JumpScare"],"picked":"Koishi:SilentAndRestless","floor":8},{"not_picked":["Koishi:ReflexRadar","Koishi:DNAsFlaw"],"picked":"Koishi:Whimsy","floor":10},{"not_picked":["Koishi:DNAsFlaw","Koishi:EmbryosDream"],"picked":"Koishi:PredatoryInstincts","floor":12},{"not_picked":["bronze:Branch","Crescendo"],"picked":"sneckomod:UnknownClassMARISA_COLOR","floor":14},{"not_picked":["HeartBreak","bronze:BurnOut"],"picked":"MurderousAura","floor":16},{"not_picked":["Pain","hubris:Despair","downfall:Malfunctioning"],"picked":"Singing Bowl","floor":17},{"not_picked":["Doubt","hubris:Wrath","Voices"],"picked":"Singing Bowl","floor":17},{"not_picked":["Sickly","Regret","downfall:Icky"],"picked":"Singing Bowl","floor":17},{"not_picked":["sneckomod:DiceBlock+1","Guardian:Clone","sneckomod:RainOfDice"],"picked":"Singing Bowl","floor":18},{"not_picked":["Ball Lightning","Slimebound:HauntingLick+1","EventHorizon"],"picked":"Singing Bowl","floor":22},{"not_picked":["bronze:Overheat+1","hexamod:ShieldOfDarkness","Consecrate+1"],"picked":"Singing Bowl","floor":24},{"not_picked":["sneckomod:DangerNoodle","sneckomod:UnknownCommonSkill+1"],"picked":"Massacre+1","floor":25},{"not_picked":["Clash","Guardian:Gem_Green","Slimebound:GrowthPunch"],"picked":"Singing Bowl","floor":27},{"not_picked":["hexamod:InspiringFlames","Guardian:SpikerProtocol","champ:Backstep+1"],"picked":"Singing Bowl","floor":30},{"not_picked":["Redo","WasteNot","Slimebound:HauntingLick"],"picked":"Singing Bowl","floor":31},{"not_picked":["Koishi:RollingInRichesHeart","hexamod:UnlimitedPower"],"picked":"Koishi:Heartbroken","floor":33},{"not_picked":["Cloak And Dagger+1","Guardian:BronzeArmor"],"picked":"Koishi:UnconsciousUrges+1","floor":35},{"not_picked":["Slimebound:LivingWall+1","Koishi:PhantomStrike"],"picked":"Bloodletting+1","floor":36},{"not_picked":["hexamod:Hexaguard","Tactician","champ:IronFortress+1"],"picked":"Singing Bowl","floor":37},{"not_picked":["champ:PreemptiveStrike+1","Guardian:BronzeArmor","sneckomod:UnknownClassMARISA_COLOR"],"picked":"Singing Bowl","floor":38},{"not_picked":["Genetic Algorithm+1","UnderTheZenith","Replay:ManipulateFuture"],"picked":"Singing Bowl","floor":40},{"not_picked":["champ:Parry","Koishi:FreudianInstinct+1","Thunderclap"],"picked":"Singing Bowl","floor":44},{"not_picked":["Slimebound:DisruptingSlam","BowlingBash","Revamp+1"],"picked":"Singing Bowl","floor":45},{"not_picked":["Replay:AtTheReady+1","Shrug It Off","HandOfGreed"],"picked":"Singing Bowl","floor":46},{"not_picked":["Cold Snap+1","Halt","hubris:SlightOfHand"],"picked":"Singing Bowl","floor":47},{"not_picked":["champ:SkillfulDodge","Koishi:VengefulSpirit"],"picked":"champ:ShieldWall+1","floor":48},{"not_picked":["Barrage","sneckomod:UnknownVulnerable+1","BloodyCatastrophe"],"picked":"Singing Bowl","floor":54}],"player_experience":762278,"relics_obtained":[{"floor":7,"key":"TungstenRod"},{"floor":9,"key":"Dream Catcher"},{"floor":12,"key":"hubris:GlazedTorus"},{"floor":15,"key":"Singing Bowl"},{"floor":24,"key":"hubris:Zylophone"},{"floor":26,"key":"Calipers"},{"floor":32,"key":"Simple Rune"},{"floor":40,"key":"hubris:TenFootPole"},{"floor":44,"key":"Replay:Wax Seal"},{"floor":54,"key":"ReplayTheSpireMod:TigerMarble"}],"event_choices":[{"damage_healed":0,"gold_gain":0,"player_choice":"Shed Blood","damage_taken":17,"max_hp_gain":5,"max_hp_loss":0,"event_name":"Forgotten Altar","floor":19,"gold_loss":0},{"cards_removed":["Sickly","Voices","hubris:Despair"],"damage_healed":0,"gold_gain":0,"player_choice":"Removed Curses","damage_taken":0,"max_hp_gain":0,"max_hp_loss":0,"event_name":"Fountain of Cleansing","floor":20,"gold_loss":0},{"cards_removed":["Koishi:ReflexRadar"],"damage_healed":0,"gold_gain":0,"player_choice":"Gave Card","damage_taken":0,"relics_obtained":["Replay:Ringing Soul"],"max_hp_gain":0,"max_hp_loss":0,"event_name":"WeMeetAgain","floor":28,"gold_loss":0}],"is_beta":false,"boss_relics":[{"not_picked":["hubris:ScarierMask","Empty Cage"],"picked":"Replay:Ancient Bell"},{"not_picked":["MawBank","Happy Flower"],"picked":"hubris:OldNail"},{"not_picked":["HornCleat","hubris:Reverence"],"picked":"hubris:SphereOfDissonance"},{"not_picked":["Du-Vu Doll","Prayer Wheel"],"picked":"Koishi:ImperfectMetamorphosis"},{"not_picked":["Busted Crown","Velvet Choker"],"picked":"Philosopher\u0027s Stone"}],"items_purged_floors":[21,42,53],"is_endless":false,"potions_floor_spawned":[1,10,12,14,16,18,22,31,37,38,40,44,54],"killed_by":"The Heart","ascension_level":0}}