{"host":"nsc6ozq3atyrdr3m","time":1613588165,"event":{"mods":["BaseMod","Colored Map","Minty Spire (QoL Compilation)"],"gold_per_floor":[14,34,34,44,44,44,74,74,99,129,141,173,185,209,221,332,344,376,39,39,39,55,55,55],"floor_reached":23,"language":"FRA","playtime":536,"items_purged":["Strike_B"],"score":239,"play_id":"8e64a130-8dc7-408a-986f-8a8afba3abf8","local_time":"20210217195605","is_ascension_mode":true,"campfire_choices":[{"data":"Multi-Cast","floor":6,"key":"SMITH"},{"floor":8,"key":"REST"},{"data":"Zap","floor":11,"key":"SMITH"},{"data":"Gash","floor":13,"key":"SMITH"},{"floor":15,"key":"REST"}],"circlet_count":0,"master_deck":["Strike_B","Strike_B","Defend_B","Defend_B","Defend_B","Defend_B","Zap+1","Dualcast","Multi-Cast+1","FTL","Hologram","BootSequence","Auto Shields","Turbo","Gash+1","Self Repair","Hyperbeam","Gash+1","Shame","Rebound"],"relics":["Cracked Core","Smiling Mask","Darkstone Periapt","SlaversCollar","Ice Cream","Bag of Preparation","Nloth\u0027s Gift"],"acts_visited":["Exordium","TheCity"],"potions_floor_usage":[16,16],"damage_taken":[{"damage":8,"enemies":"2 Louse","floor":1,"turns":2},{"damage":0,"enemies":"Cultist","floor":2,"turns":2},{"damage":0,"enemies":"Small Slimes","floor":4,"turns":3},{"damage":42,"enemies":"Gremlin Nob","floor":7,"turns":4},{"damage":17,"enemies":"2 Fungi Beasts","floor":10,"turns":4},{"damage":1,"enemies":"Lots of Slimes","floor":12,"turns":3},{"damage":3,"enemies":"Blue Slaver","floor":14,"turns":3},{"damage":18,"enemies":"Hexaghost","floor":16,"turns":6},{"damage":41,"enemies":"3 Byrds","floor":18,"turns":4},{"damage":0,"enemies":"Chosen","floor":22,"turns":4},{"damage":47,"enemies":"Book of Stabbing","floor":23,"turns":4}],"seed_played":"-1434580123107176726","potions_obtained":[{"floor":1,"key":"FocusPotion"},{"floor":4,"key":"SkillPotion"},{"floor":16,"key":"SteroidPotion"},{"floor":18,"key":"Fire Potion"}],"is_trial":false,"path_per_floor":["M","M","?","M","?","R","E","R","T","M","R","M","R","M","R","B",null,"M","$","?","?","M","E"],"character_chosen":"DEFECT","items_purchased":["Ice Cream"],"campfire_rested":2,"item_purchase_floors":[19],"current_hp_per_floor":[67,67,67,67,67,67,25,47,47,30,30,29,29,26,48,37,66,32,32,38,38,45,0,0],"gold":55,"neow_bonus":"THREE_RARE_CARDS","is_daily":false,"chose_seed":false,"campfire_upgraded":3,"win_rate":0.0,"timestamp":1613588165,"path_taken":["M","M","?","M","?","R","E","R","T","M","R","?","R","M","R","BOSS","M","$","?","?","?","E"],"items_purchased_type":["Relic"],"build_version":"2020-12-22","purchased_purges":1,"victory":false,"max_hp_per_floor":[75,75,75,75,75,75,75,75,75,75,75,75,75,75,75,75,75,75,75,81,81,81,81,81],"card_choices":[{"not_picked":["All For One","Machine Learning"],"picked":"Multi-Cast","floor":0},{"not_picked":["Leap","Fusion"],"picked":"FTL","floor":1},{"not_picked":["Chill","Go for the Eyes"],"picked":"Hologram","floor":2},{"not_picked":["Stack","Barrage"],"picked":"BootSequence","floor":4},{"not_picked":["Amplify","Hologram"],"picked":"Auto Shields","floor":7},{"not_picked":["Leap","Chill"],"picked":"Turbo","floor":10},{"not_picked":["Stack","Compile Driver"],"picked":"Gash","floor":12},{"not_picked":["Redo","White Noise"],"picked":"Self Repair","floor":14},{"not_picked":["Amplify","Thunder Strike"],"picked":"Hyperbeam","floor":16},{"not_picked":["Sweeping Beam","Conserve Battery"],"picked":"Gash+1","floor":18},{"not_picked":["Self Repair","Electrodynamics"],"picked":"Rebound","floor":22}],"player_experience":424529,"relics_obtained":[{"floor":5,"key":"Smiling Mask"},{"floor":7,"key":"Darkstone Periapt"},{"floor":9,"key":"MawBank"}],"event_choices":[{"cards_removed":["Strike_B"],"damage_healed":0,"gold_gain":0,"player_choice":"Forget","damage_taken":0,"max_hp_gain":0,"max_hp_loss":0,"event_name":"Living Wall","floor":3,"gold_loss":0},{"damage_healed":0,"gold_gain":0,"player_choice":"Relic","damage_taken":0,"max_hp_gain":0,"max_hp_loss":0,"event_name":"Wheel of Change","floor":5,"gold_loss":0},{"damage_healed":0,"gold_gain":0,"player_choice":"Stole Relic","damage_taken":0,"relics_obtained":["Bag of Preparation"],"max_hp_gain":0,"max_hp_loss":0,"event_name":"Addict","floor":20,"gold_loss":0,"cards_obtained":["Shame"]},{"damage_healed":0,"gold_gain":0,"player_choice":"Traded Relic","damage_taken":0,"relics_obtained":["Nloth\u0027s Gift"],"max_hp_gain":0,"max_hp_loss":0,"event_name":"N\u0027loth","floor":21,"relics_lost":["MawBank"],"gold_loss":0}],"is_beta":false,"boss_relics":[{"not_picked":["Astrolabe","Runic Pyramid"],"picked":"SlaversCollar"}],"items_purged_floors":[19],"is_endless":false,"potions_floor_spawned":[1,4,16,18],"killed_by":"Book of Stabbing","ascension_level":5}}