{"host":"fxrgx7wt2cpkbhka","time":1613556442,"event":{"mods":["AchievementEnabler","BaseMod","Colored Powertips","Dark Map","Minty Spire (QoL Compilation)","Permanent Neow","Quick Restart","Slay-I","StSLib","Waifu the Spire"],"gold_per_floor":[215,215,365,42,42,42,69,86,86,86,86,86,86,105,105,182,182,197,197,208,208,227,227,244,244,267,267,280,135,164,182,182,182,182],"floor_reached":33,"language":"ENG","playtime":658,"items_purged":["Doubt"],"score":548,"play_id":"d910e414-3ef7-4600-a08b-eb4227c5cf9d","local_time":"20210217020722","is_ascension_mode":true,"campfire_choices":[{"data":"Defend_R","floor":6,"key":"SMITH"},{"data":"Inflame","floor":11,"key":"SMITH"},{"floor":15,"key":"REST"},{"floor":23,"key":"REST"},{"floor":25,"key":"REST"},{"data":"Inflame","floor":32,"key":"SMITH"}],"circlet_count":0,"master_deck":["AscendersBane","Strike_R+1","Strike_R+1","Strike_R+1","Strike_R+1","Strike_R+1","Defend_R+1","Defend_R+1","Defend_R+1","Defend_R+1","Bash+1","Inflame+1","Cleave+1","Pommel Strike+1","Reaper+1","Inflame+1","Whirlwind+1"],"relics":["Burning Blood","Molten Egg 2","Lantern","Self Forming Clay","PreservedInsect","HornCleat","Busted Crown","Happy Flower","Oddly Smooth Stone","Blue Candle"],"acts_visited":["Exordium","TheCity"],"potions_floor_usage":[16,20,20,31,33],"damage_taken":[{"damage":9,"enemies":"Jaw Worm","floor":1,"turns":4},{"damage":43,"enemies":"Gremlin Nob","floor":7,"turns":6},{"damage":0,"enemies":"Small Slimes","floor":8,"turns":4},{"damage":0,"enemies":"Cultist","floor":14,"turns":2},{"damage":0,"enemies":"Slime Boss","floor":16,"turns":6},{"damage":21,"enemies":"Shell Parasite","floor":18,"turns":4},{"damage":11,"enemies":"2 Thieves","floor":20,"turns":2},{"damage":49,"enemies":"Snake Plant","floor":22,"turns":5},{"damage":18,"enemies":"Chosen and Byrds","floor":24,"turns":5},{"damage":16,"enemies":"Sentry and Sphere","floor":28,"turns":5},{"damage":11,"enemies":"Slavers","floor":30,"turns":3},{"damage":4,"enemies":"Snecko","floor":31,"turns":3},{"damage":65,"enemies":"Champ","floor":33,"turns":8}],"seed_played":"3112860565469876702","potions_obtained":[{"floor":8,"key":"DuplicationPotion"},{"floor":16,"key":"LiquidMemories"},{"floor":18,"key":"Explosive Potion"},{"floor":30,"key":"Energy Potion"},{"floor":31,"key":"FearPotion"}],"is_trial":false,"path_per_floor":["M","$","?","$","?","R","E","M","T","$","R","T","?","M","R","B",null,"M","?","M","$","M","R","M","R","T","?","M","$","E","M","R","B"],"character_chosen":"IRONCLAD","items_purchased":["Molten Egg 2","Oddly Smooth Stone"],"campfire_rested":3,"item_purchase_floors":[4,29],"current_hp_per_floor":[65,65,65,65,65,65,28,34,34,34,34,34,29,35,57,63,72,57,36,43,43,7,31,31,55,55,55,45,45,40,49,49,0,0],"gold":182,"neow_bonus":"HUNDRED_GOLD","is_daily":false,"chose_seed":false,"campfire_upgraded":3,"win_rate":0.0,"timestamp":1613556442,"path_taken":["M","$","?","$","?","R","E","?","T","?","R","?","?","M","R","BOSS","M","?","M","$","M","R","M","R","T","?","M","$","E","M","R","BOSS"],"items_purchased_type":["Relic","Relic"],"build_version":"2020-12-22","purchased_purges":1,"victory":false,"max_hp_per_floor":[75,75,75,75,75,75,75,75,75,75,75,75,75,75,75,75,75,75,80,80,80,80,80,80,80,80,80,80,80,80,80,80,80,80],"card_choices":[{"not_picked":["Thunderclap","Armaments","True Grit"],"picked":"SKIP","floor":1},{"not_picked":["Second Wind","Thunderclap+1"],"picked":"Inflame","floor":7},{"not_picked":["Evolve","Armaments"],"picked":"Cleave+1","floor":8},{"not_picked":["Heavy Blade+1","Seeing Red"],"picked":"Pommel Strike+1","floor":14},{"not_picked":["Juggernaut","Barricade"],"picked":"Reaper+1","floor":16},{"not_picked":["Dark Embrace"],"picked":"SKIP","floor":18},{"not_picked":[],"picked":"Inflame","floor":20},{"not_picked":["Rage"],"picked":"SKIP","floor":22},{"not_picked":["Dark Embrace+1"],"picked":"SKIP","floor":24},{"not_picked":[],"picked":"Whirlwind+1","floor":28},{"not_picked":["Feel No Pain"],"picked":"SKIP","floor":30},{"not_picked":["Flex"],"picked":"SKIP","floor":31}],"player_experience":786659,"relics_obtained":[{"floor":7,"key":"Lantern"},{"floor":9,"key":"Self Forming Clay"},{"floor":12,"key":"PreservedInsect"},{"floor":26,"key":"Happy Flower"},{"floor":30,"key":"Blue Candle"}],"event_choices":[{"damage_healed":0,"gold_gain":150,"player_choice":"AGREE","damage_taken":0,"max_hp_gain":0,"max_hp_loss":0,"event_name":"Liars Game","floor":3,"gold_loss":0,"cards_obtained":["Doubt"]},{"damage_healed":0,"gold_gain":0,"player_choice":"Forge","damage_taken":0,"max_hp_gain":0,"max_hp_loss":0,"event_name":"Accursed Blacksmith","floor":5,"gold_loss":0,"cards_upgraded":["Bash"]},{"damage_healed":0,"gold_gain":0,"player_choice":"Success","damage_taken":5,"relics_obtained":["HornCleat"],"max_hp_gain":0,"max_hp_loss":0,"event_name":"Scrap Ooze","floor":13,"gold_loss":0},{"damage_healed":0,"gold_gain":0,"player_choice":"Shed Blood","damage_taken":26,"max_hp_gain":5,"max_hp_loss":0,"event_name":"Forgotten Altar","floor":19,"gold_loss":0},{"damage_healed":0,"gold_gain":0,"player_choice":"Simplicity","damage_taken":0,"max_hp_gain":0,"max_hp_loss":0,"event_name":"Back to Basics","floor":27,"gold_loss":0,"cards_upgraded":["Strike_R","Strike_R","Strike_R","Strike_R","Strike_R","Defend_R","Defend_R","Defend_R"]}],"is_beta":false,"boss_relics":[{"not_picked":["Astrolabe","Velvet Choker"],"picked":"Busted Crown"}],"items_purged_floors":[4],"is_endless":false,"potions_floor_spawned":[8,16,18,30,31],"killed_by":"Champ","ascension_level":15}}