{"host":"9bcwdp8h7kwcxx90","time":1613587493,"event":{"mods":["2.2 Compatiblity","BaseMod","Colored Map","Colored Powertips","Downfall","Infinite Spire","Minty Spire (QoL Compilation)","Permanent Neow","Quick Restart","Random Character Button","Relic Sorter","Relic Stats","Reliquary","Shop Mod","StSLib","Unknown Chances"],"gold_per_floor":[99,113,113,133,148,48,48,65,94,4,31,31,64,64,80,177,177,177,194,194,210,210,95,122,141,141,141,159,191,209,237,249,349,349,149,166,178,189,189,206,230,242,242,253,253,253,353,353,353,353],"floor_reached":48,"language":"ENG","playtime":7923,"items_purged":["Regret","Guardian:Strike_Guardian","Guardian:Strike_Guardian","Guardian:PolyBeam"],"score":596,"play_id":"7f1ccbfd-b432-4556-85a3-5140c3f0e815","local_time":"20210217124453","is_ascension_mode":true,"campfire_choices":[{"floor":1.0,"key":"RECALL"},{"data":"Guardian:SentryBeam","floor":6.0,"key":"SMITH"},{"data":"Guardian:PiercingHide","floor":18.0,"key":"SMITH"},{"data":"Guardian:PrismaticBeam","floor":26.0,"key":"SMITH"},{"data":"Guardian:AncientConstruct","floor":35.0,"key":"SMITH"},{"data":"Guardian:Suspension","floor":45.0,"key":"SMITH"}],"circlet_count":0,"master_deck":["Guardian:Defend_Guardian","Guardian:Defend_Guardian","Guardian:Defend_Guardian","Guardian:Defend_Guardian","Guardian:CurlUp","Guardian:TwinSlam","Guardian:TemporalStrike","Guardian:SentryBeam+1","Guardian:Reroute","Guardian:PiercingHide+1","Guardian:CrystalBeam","Guardian:CrystalBeam","Guardian:PrismaticBeam+1","Guardian:BronzeArmor+1","Guardian:Suspension+1","Guardian:Preprogram+1","Guardian:AncientConstruct+1","Guardian:PiercingHide+1","Guardian:Gem_Purple","Guardian:TemporalShield+1","expansioncontent:YouAreMine","Guardian:ShieldCharger+1","Guardian:BaubleBeam","Guardian:PiercingHide","Guardian:Gem_Red","infinitespire:TheBestDefense"],"relics":["Guardian:ModeShifter","infinitespire:PuzzleCube","downfall:HeartBlessingRed","infinitespire:EmpoweringShard","Bag of Marbles","Question Card","HornCleat","SacredBark","infinitespire:Cupcake","reliquary:HotPoker","Vajra","reliquary:Ember","downfall:HeartBlessingGreen","downfall:HeartBlessingBlue","reliquary:Aerogel","ClockworkSouvenir","Girya"],"acts_visited":["Exordium","TheCity","TheBeyond"],"potions_floor_usage":[48],"damage_taken":[{"damage":3.0,"enemies":"Jaw Worm","floor":2.0,"turns":6.0},{"damage":5.0,"enemies":"2 Louse","floor":4.0,"turns":4.0},{"damage":8.0,"enemies":"Small Slimes","floor":5.0,"turns":5.0},{"damage":3.0,"enemies":"Exordium Thugs","floor":8.0,"turns":4.0},{"damage":10.0,"enemies":"3 Sentries","floor":9.0,"turns":6.0},{"damage":2.0,"enemies":"downfall:FleeingMerchant","floor":10.0,"turns":4.0},{"damage":1.0,"enemies":"Lagavulin","floor":11.0,"turns":4.0},{"damage":0.0,"enemies":"3 Sentries","floor":13.0,"turns":5.0},{"damage":0.0,"enemies":"3 Louse","floor":15.0,"turns":3.0},{"damage":2.0,"enemies":"IC_STATUS_ARCHETYPE","floor":16.0,"turns":7.0},{"damage":0.0,"enemies":"Chosen","floor":19.0,"turns":3.0},{"damage":0.0,"enemies":"downfall:LooterAlt2","floor":21.0,"turns":3.0},{"damage":0.0,"enemies":"downfall:FleeingMerchant","floor":23.0,"turns":4.0},{"damage":5.0,"enemies":"Snake Plant","floor":25.0,"turns":4.0},{"damage":0.0,"enemies":"Centurion and Healer","floor":28.0,"turns":3.0},{"damage":1.0,"enemies":"Book of Stabbing","floor":29.0,"turns":3.0},{"damage":0.0,"enemies":"3 Cultists","floor":30.0,"turns":4.0},{"damage":0.0,"enemies":"Gremlin Leader","floor":31.0,"turns":3.0},{"damage":0.0,"enemies":"Snake Plant","floor":32.0,"turns":1.0},{"damage":21.0,"enemies":"WA_ARCHETYPE_CALM","floor":33.0,"turns":7.0},{"damage":0.0,"enemies":"Orb Walker","floor":36.0,"turns":3.0},{"damage":5.0,"enemies":"3 Darklings","floor":37.0,"turns":4.0},{"damage":0.0,"enemies":"Maw","floor":38.0,"turns":6.0},{"damage":16.0,"enemies":"Transient","floor":40.0,"turns":5.0},{"damage":0.0,"enemies":"Jaw Worm Horde","floor":42.0,"turns":4.0},{"damage":0.0,"enemies":"4 Shapes","floor":44.0,"turns":3.0},{"damage":0.0,"enemies":"downfall:FleeingMerchant","floor":46.0,"turns":3.0},{"damage":28.0,"enemies":"infinitespire:Three Voidlings","floor":47.0,"turns":4.0},{"damage":23.0,"enemies":"Nightmare_Alpha","floor":47.0,"turns":9.0},{"damage":22,"enemies":"Nightmare","floor":48,"turns":4}],"seed_played":"-5430167078302544532","potions_obtained":[{"floor":2.0,"key":"Block Potion"},{"floor":5.0,"key":"SteroidPotion"},{"floor":11.0,"key":"Guardian:BlockOnCardUsePotion"},{"floor":15.0,"key":"AttackPotion"},{"floor":16.0,"key":"EntropicBrew"},{"floor":22.0,"key":"LiquidBronze"},{"floor":25.0,"key":"Block Potion"},{"floor":28.0,"key":"hexamod:SoulburnPotion"},{"floor":29.0,"key":"Swift Potion"},{"floor":31.0,"key":"DistilledChaos"},{"floor":32.0,"key":"Energy Potion"},{"floor":36.0,"key":"PowerPotion"},{"floor":38.0,"key":"FearPotion"},{"floor":44.0,"key":"sneckomod:MuddlingPotion"},{"floor":47.0,"key":"bronze:BurnAndBuffPotion"}],"is_trial":false,"path_per_floor":["R","M","?","M","M","R","T","M","E","$","E","?","E","?","M","B",null,"R","M","?","M","?","$","T","M","R","AVR","M","E","M","E","M","B",null,"R","M","M","M","?","M","T","M","?","M","R","$","?","NM"],"character_chosen":"GUARDIAN","items_purchased":["Guardian:PiercingHide","ClockworkSouvenir"],"campfire_rested":0,"item_purchase_floors":[46,46],"current_hp_per_floor":[80,77,77,72,64,64,64,61,51,49,48,48,48,48,48,46,80,80,80,80,80,80,80,80,75,75,75,75,74,74,74,74,53,80,90,90,85,85,85,69,69,69,69,69,69,69,18,0,0,0],"gold":353,"neow_bonus":"REMOVE_CARD","is_daily":false,"chose_seed":false,"campfire_upgraded":5,"win_rate":0.0,"timestamp":1613587493,"path_taken":["R","M","?","M","M","R","T","M","E","$","E","?","E","?","M","BOSS","R","M","?","M","?","$","T","M","R","AVR","M","E","?","E","M","BOSS","R","M","M","M","?","?","T","M","?","M","R","$","?","NM"],"items_purchased_type":["Card","Relic"],"build_version":"2020-12-22","purchased_purges":4,"victory":false,"max_hp_per_floor":[80,80,80,80,80,80,80,80,80,80,80,80,80,80,80,80,80,80,80,80,80,80,80,80,80,80,80,80,80,80,80,80,80,80,90,90,90,90,90,90,90,90,90,90,90,90,90,90,90,90],"relic_stats":{"counters":[30,128],"Question Card":27,"obtain_stats":[{"Girya":47,"downfall:HeartBlessingRed":6,"reliquary:Aerogel":41,"SacredBark":17,"Guardian:ModeShifter":0,"Vajra":31,"downfall:HeartBlessingGreen":35,"Question Card":11,"ClockworkSouvenir":46,"reliquary:HotPoker":29,"HornCleat":13,"downfall:HeartBlessingBlue":35,"infinitespire:EmpoweringShard":7,"Bag of Marbles":9,"reliquary:Ember":34,"infinitespire:PuzzleCube":3,"infinitespire:Cupcake":27},{"Girya":29,"downfall:HeartBlessingRed":3,"reliquary:Aerogel":24,"SacredBark":10,"Guardian:ModeShifter":0,"Vajra":18,"downfall:HeartBlessingGreen":20,"Question Card":7,"ClockworkSouvenir":27,"reliquary:HotPoker":16,"HornCleat":8,"downfall:HeartBlessingBlue":20,"infinitespire:EmpoweringShard":3,"Bag of Marbles":5,"reliquary:Ember":20,"infinitespire:PuzzleCube":1,"infinitespire:Cupcake":14},{"Girya":124,"downfall:HeartBlessingRed":15,"reliquary:Aerogel":101,"SacredBark":48,"Guardian:ModeShifter":0,"Vajra":75,"downfall:HeartBlessingGreen":83,"Question Card":33,"ClockworkSouvenir":111,"reliquary:HotPoker":68,"HornCleat":38,"downfall:HeartBlessingBlue":83,"infinitespire:EmpoweringShard":15,"Bag of Marbles":25,"reliquary:Ember":83,"infinitespire:PuzzleCube":6,"infinitespire:Cupcake":62}]},"card_choices":[{"not_picked":["Guardian:TemporalStrike","Guardian:CrystalBeam"],"picked":"Guardian:Gem_Cyan","floor":2.0},{"not_picked":["Guardian:DonusPower","Guardian:TemporalShield"],"picked":"Guardian:TemporalStrike","floor":4.0},{"not_picked":["Guardian:Gem_White","Guardian:Gem_Fragmented"],"picked":"Guardian:SentryBeam","floor":5.0},{"not_picked":["Guardian:Repulse","Guardian:EvasiveProtocol"],"picked":"Guardian:Reroute","floor":8.0},{"not_picked":["Guardian:Gem_White","Guardian:PiercingHide"],"picked":"Guardian:Gem_Synthetic","floor":9.0},{"not_picked":["Guardian:EvasiveProtocol","Guardian:Suspension"],"picked":"Guardian:Gem_Green","floor":10.0},{"not_picked":["Guardian:PrimingBeam","Guardian:GatlingBeam"],"picked":"Guardian:PiercingHide","floor":11.0},{"not_picked":["Guardian:Incinerate","Guardian:VentSteam","Guardian:Orbwalk"],"picked":"Guardian:PolyBeam","floor":13.0},{"not_picked":["Guardian:Planning","Guardian:VentSteam","Guardian:TemporalStrike"],"picked":"Guardian:Gem_Cyan","floor":15.0},{"not_picked":["Guardian:BaubleBeam","Guardian:GatlingBeam","Guardian:GemFire"],"picked":"Guardian:Gem_Synthetic","floor":16.0},{"not_picked":["Guardian:ChargeCore","Guardian:Reroute","Guardian:DecasProtection+1"],"picked":"Guardian:CrystalBeam","floor":19.0},{"not_picked":["Guardian:ChargeCore","Guardian:Gem_Cyan","Guardian:TemporalShield+1"],"picked":"Guardian:Gem_Red","floor":21.0},{"not_picked":["Guardian:ShieldCharger","Guardian:FierceBash","Guardian:PiercingHide"],"picked":"Guardian:PrismaticBeam","floor":23.0},{"not_picked":["Guardian:TemporalStrike","Guardian:Gem_White","Guardian:BronzeArmor"],"picked":"Guardian:Gem_Cyan","floor":25.0},{"not_picked":["Guardian:VentSteam","Guardian:Harden","Guardian:Gem_Lightblue"],"picked":"Guardian:BronzeArmor","floor":28.0},{"not_picked":["Guardian:Gem_Purple","Guardian:Gem_Yellow","Guardian:RefractedBeam"],"picked":"Guardian:Suspension","floor":29.0},{"not_picked":["Guardian:Repulse","Guardian:WalkerClaw","Guardian:FierceBash"],"picked":"Guardian:Gem_Cyan","floor":30.0},{"not_picked":["Guardian:ShieldSpikes","Guardian:CrystalBeam+1","Guardian:ChargeCore"],"picked":"Guardian:Gem_Cyan","floor":31.0},{"not_picked":["Guardian:Suspension","Guardian:MultiBeam","Guardian:Incinerate"],"picked":"Guardian:Preprogram+1","floor":32.0},{"not_picked":["Guardian:HyperBeam_Guardian","Guardian:Gem_Orange","Guardian:TimeSifter"],"picked":"Guardian:AncientConstruct","floor":33.0},{"not_picked":["Guardian:Gem_Lightblue","Guardian:PrimingBeam+1","Guardian:Recover+1"],"picked":"Guardian:Gem_Green","floor":36.0},{"not_picked":["Guardian:Reroute","Guardian:Gem_Fragmented","Guardian:Gem_Lightblue"],"picked":"Guardian:PiercingHide+1","floor":37.0},{"not_picked":["Guardian:PolyBeam","Guardian:Incinerate+1","Guardian:ShieldSpikes+1"],"picked":"Guardian:Gem_Purple","floor":38.0},{"not_picked":["Guardian:TimeBomb","Guardian:CrystalBeam+1","Guardian:RollAttack+1"],"picked":"Guardian:TemporalShield+1","floor":40.0},{"not_picked":["Guardian:Clone","Guardian:Recover+1","Guardian:TimeBomb","Guardian:WalkerClaw"],"picked":"SKIP","floor":42.0},{"not_picked":["expansioncontent:PrepareCrush","expansioncontent:HyperBeam"],"picked":"expansioncontent:YouAreMine","floor":43.0},{"not_picked":["Guardian:Gem_Blue","Guardian:DonusPower","Guardian:Preprogram"],"picked":"Guardian:ShieldCharger+1","floor":44.0},{"not_picked":["Guardian:BronzeArmor","Guardian:Gem_Blue","Guardian:SpikerProtocol+1"],"picked":"Guardian:BaubleBeam","floor":46.0},{"not_picked":["Guardian:PrismaticBarrier","Guardian:TemporalShield+1","Guardian:Repulse+1"],"picked":"Guardian:Gem_Red","floor":47.0},{"not_picked":["infinitespire:Menacing","infinitespire:SealOfDarkness+"],"picked":"infinitespire:TheBestDefense","floor":47.0}],"player_experience":281468,"relics_obtained":[{"floor":7.0,"key":"infinitespire:EmpoweringShard"},{"floor":9.0,"key":"Bag of Marbles"},{"floor":11.0,"key":"Question Card"},{"floor":13.0,"key":"HornCleat"},{"floor":29.0,"key":"reliquary:HotPoker"},{"floor":31.0,"key":"Vajra"},{"floor":41.0,"key":"reliquary:Aerogel"},{"floor":47.0,"key":"Girya"}],"event_choices":[{"damage_healed":0.0,"max_hp_gain":0.0,"max_hp_loss":0.0,"gold_gain":0.0,"event_name":"Big Fish","player_choice":"Box","floor":3.0,"gold_loss":0.0,"damage_taken":0.0,"relics_obtained":["infinitespire:PuzzleCube"],"cards_obtained":["Regret"]},{"damage_healed":0.0,"max_hp_gain":0.0,"max_hp_loss":0.0,"gold_gain":0.0,"event_name":"The Library","player_choice":"Read","floor":20.0,"gold_loss":0.0,"damage_taken":0.0,"cards_obtained":["Guardian:CrystalBeam"]},{"damage_healed":0.0,"max_hp_gain":0.0,"max_hp_loss":0.0,"gold_gain":0.0,"event_name":"Lab","player_choice":"Got Potions","floor":22.0,"gold_loss":0.0,"damage_taken":0.0}],"is_beta":false,"boss_relics":[{"not_picked":["Snecko Eye","Cursed Key"],"picked":"SacredBark"},{"not_picked":["Fusion Hammer","Sozu"],"picked":"reliquary:Ember"}],"items_purged_floors":[10,23,27,46],"is_endless":false,"potions_floor_spawned":[2,5,11,15,16,25,28,29,31,32,36,38,42,44,47],"killed_by":"Nightmare","ascension_level":1}}