{"host":"qjv9b7mze4c73keh","time":1613560524,"event":{"mods":["BaseMod","Colored Map","Colored Powertips","DeckTracker","Highlight Path","Minty Spire (QoL Compilation)","Rare Cards Sparkle","Synergy Search","Unceasing Turn Reminder"],"gold_per_floor":[110,17,17,28,28,28,28,28,28,41,61,26,46,62,62,167,167,181,181,181,201,116,116,116,41,41,41,18,28,28,28,28,129,129,139,1138,470,470,486,486,486],"floor_reached":40,"language":"RUS","playtime":2372,"items_purged":["Strike_G","Normality"],"score":422,"play_id":"ded19085-94f9-436d-bd19-4f31a3bd8a18","local_time":"20210217161524","is_ascension_mode":false,"campfire_choices":[{"data":"Survivor","floor":6,"key":"SMITH"},{"floor":15,"key":"REST"},{"floor":23,"key":"REST"},{"data":"Poisoned Stab","floor":27,"key":"SMITH"},{"floor":32,"key":"REST"}],"circlet_count":0,"master_deck":["Strike_G","Strike_G","Strike_G","Strike_G","Defend_G","Defend_G","Defend_G","Defend_G","Defend_G","Survivor+1","Neutralize","Noxious Fumes","Poisoned Stab+1","Deadly Poison","Escape Plan","Deflect+1","Dash","Glass Knife","Poisoned Stab","Poisoned Stab","Deadly Poison+1","Normality","Master of Strategy","Venomology","Poisoned Stab"],"relics":["Ring of the Snake","Question Card","Sundial","Paper Crane","Cursed Key","MealTicket","Frozen Egg 2"],"acts_visited":["Exordium","TheCity","TheBeyond"],"potions_floor_usage":[33,33,33,39],"damage_taken":[{"damage":3,"enemies":"Jaw Worm","floor":1,"turns":6},{"damage":6,"enemies":"Cultist","floor":4,"turns":4},{"damage":3,"enemies":"Small Slimes","floor":10,"turns":3},{"damage":12,"enemies":"Looter","floor":11,"turns":3},{"damage":13,"enemies":"Exordium Thugs","floor":13,"turns":4},{"damage":12,"enemies":"2 Fungi Beasts","floor":14,"turns":3},{"damage":45,"enemies":"Slime Boss","floor":16,"turns":11},{"damage":16,"enemies":"2 Thieves","floor":18,"turns":4},{"damage":14,"enemies":"Shell Parasite","floor":21,"turns":6},{"damage":17,"enemies":"Cultist and Chosen","floor":29,"turns":6},{"damage":66,"enemies":"Collector","floor":33,"turns":8},{"damage":27,"enemies":"3 Darklings","floor":35,"turns":5},{"damage":4,"enemies":"Orb Walker","floor":39,"turns":4},{"damage":50,"enemies":"Jaw Worm Horde","floor":40,"turns":4}],"seed_played":"2829957164610813497","potions_obtained":[{"floor":11,"key":"PowerPotion"},{"floor":13,"key":"Explosive Potion"},{"floor":14,"key":"PowerPotion"}],"is_trial":false,"path_per_floor":["M","$","?","M","$","R","?","?","T","M","M","?","M","M","R","B",null,"M","?","?","M","?","R","?","$","T","R","$","M","$","?","R","B",null,"M","?","$","?","M","M"],"character_chosen":"THE_SILENT","items_purchased":["Poisoned Stab","Noxious Fumes","Poisoned Stab","Master of Strategy","MealTicket","Frozen Egg 2"],"campfire_rested":3,"item_purchase_floors":[2,2,28,37,37,37],"current_hp_per_floor":[74,74,74,68,68,68,68,68,68,65,53,72,59,47,70,25,77,61,61,61,47,47,70,70,70,70,70,70,53,53,53,76,10,77,50,50,50,50,46,0,0],"gold":486,"neow_bonus":"TEN_PERCENT_HP_BONUS","is_daily":false,"chose_seed":false,"campfire_upgraded":2,"win_rate":0.0,"timestamp":1613560524,"path_taken":["M","$","?","M","?","R","?","?","T","?","M","?","M","M","R","BOSS","M","?","?","M","?","R","?","$","T","R","$","M","$","?","R","BOSS","M","?","$","?","?","M"],"items_purchased_type":["Card","Card","Card","Card","Relic","Relic"],"build_version":"2020-12-22","purchased_purges":2,"victory":false,"max_hp_per_floor":[77,77,77,77,77,77,77,77,77,77,77,77,77,77,77,77,77,77,77,77,77,77,77,77,77,77,77,77,77,77,77,77,77,77,77,77,77,77,77,77,77],"card_choices":[{"not_picked":["Bane","Riddle With Holes"],"picked":"Noxious Fumes","floor":1},{"not_picked":["PiercingWail","Endless Agony"],"picked":"Deadly Poison","floor":4},{"not_picked":["Finisher","Terror","Underhanded Strike"],"picked":"Bullet Time","floor":10},{"not_picked":["Blade Dance","Flechettes","Slice","Underhanded Strike"],"picked":"SKIP","floor":11},{"not_picked":["Deflect","Backflip","Slice","Sucker Punch"],"picked":"SKIP","floor":13},{"not_picked":["Prepared","Backflip","Blade Dance"],"picked":"Escape Plan","floor":14},{"not_picked":["Wraith Form v2","Venomology","Bullet Time"],"picked":"Corpse Explosion","floor":16},{"not_picked":["Footwork","Quick Slash","Slice+1"],"picked":"Deflect+1","floor":18},{"not_picked":["Blur+1","PiercingWail","Quick Slash","Infinite Blades"],"picked":"SKIP","floor":21},{"not_picked":["Dash","Blade Dance","Dodge and Roll+1"],"picked":"Poisoned Stab","floor":29},{"not_picked":["PiercingWail","Infinite Blades","Poisoned Stab"],"picked":"Deadly Poison+1","floor":35},{"not_picked":["Blur","Outmaneuver+1","Choke"],"picked":"Poisoned Stab","floor":39}],"player_experience":111598,"relics_obtained":[{"floor":9,"key":"Question Card"},{"floor":26,"key":"Paper Crane"}],"event_choices":[{"damage_healed":0,"gold_gain":0,"player_choice":"Ignored","damage_taken":0,"max_hp_gain":0,"max_hp_loss":0,"event_name":"NoteForYourself","floor":3,"gold_loss":0},{"damage_healed":0,"gold_gain":0,"player_choice":"Ignored","damage_taken":0,"max_hp_gain":0,"max_hp_loss":0,"event_name":"Golden Idol","floor":7,"gold_loss":0},{"damage_healed":0,"gold_gain":0,"player_choice":"Ignored","damage_taken":0,"max_hp_gain":0,"max_hp_loss":0,"event_name":"WeMeetAgain","floor":8,"gold_loss":0},{"damage_healed":19,"gold_gain":0,"player_choice":"Healed","damage_taken":0,"max_hp_gain":0,"max_hp_loss":0,"event_name":"The Cleric","floor":12,"gold_loss":35},{"damage_healed":0,"gold_gain":0,"player_choice":"Ignored","damage_taken":0,"max_hp_gain":0,"max_hp_loss":0,"event_name":"The Mausoleum","floor":19,"gold_loss":0},{"damage_healed":0,"gold_gain":0,"player_choice":"Ignored","damage_taken":0,"max_hp_gain":0,"max_hp_loss":0,"event_name":"Vampires","floor":20,"gold_loss":0},{"damage_healed":0,"gold_gain":0,"player_choice":"Obtained Relic","damage_taken":0,"relics_obtained":["Sundial"],"max_hp_gain":0,"max_hp_loss":0,"event_name":"Addict","floor":22,"gold_loss":85},{"damage_healed":0,"gold_gain":0,"cards_transformed":["Corpse Explosion","Bullet Time"],"player_choice":"Became Test Subject","damage_taken":0,"max_hp_gain":0,"max_hp_loss":0,"event_name":"Drug Dealer","floor":24,"gold_loss":0,"cards_obtained":["Dash","Glass Knife"]},{"damage_healed":0,"gold_gain":0,"player_choice":"Ignored","damage_taken":0,"max_hp_gain":0,"max_hp_loss":0,"event_name":"Ghosts","floor":31,"gold_loss":0},{"damage_healed":0,"gold_gain":999,"player_choice":"Gold","damage_taken":0,"max_hp_gain":0,"max_hp_loss":0,"event_name":"MindBloom","floor":36,"gold_loss":0,"cards_obtained":["Normality","Normality"]},{"damage_healed":0,"gold_gain":0,"cards_transformed":["Noxious Fumes"],"player_choice":"Transformed","damage_taken":0,"max_hp_gain":0,"max_hp_loss":0,"event_name":"Transmorgrifier","floor":38,"gold_loss":0,"cards_obtained":["Venomology"]}],"is_beta":false,"boss_relics":[{"not_picked":["SacredBark","Fusion Hammer","Busted Crown"]},{"not_picked":["WristBlade","Tiny House"],"picked":"Cursed Key"}],"items_purged_floors":[25,37],"is_endless":false,"potions_floor_spawned":[11,13,14,21,29],"killed_by":"Jaw Worm Horde","ascension_level":0}}