{"host":"88gqw5ki7llrf2bp","time":1613526621,"event":{"mods":["BaseMod","Downfall","Duelist Mod","Friendly Minions","Hubris","Jorbs\u0027s Wanderer Trilogy","Minty Spire (QoL Compilation)","Quick Restart","Railgun Mod","Rare Cards Sparkle","StSLib","The Animator","The Construct","The Cursed","The Gatherer","slay the spire mod where everything is the same but ironclad has a cowboy hat"],"gold_per_floor":[110,110,61,76,76,107,282,315,338,353,353,369,369,369,369,369,369],"floor_reached":16,"language":"ENG","playtime":463,"items_purged":["Strike_R","Strike_R","Strike_R","Doubt"],"score":140,"play_id":"9d938c39-a3d9-44a9-bf5f-f6c0af094596","local_time":"20210216195021","is_ascension_mode":true,"campfire_choices":[{"data":"Bash","floor":15,"key":"SMITH"}],"circlet_count":0,"master_deck":["Strike_R","Defend_R","Defend_R","Defend_R","Defend_R","Bash+1","Cleave","Anger","Armaments+1","Feed","Carnage"],"relics":["Burning Blood","NeowsBlessing","hubris:Icosahedron","Pen Nib","Orichalcum","hubris:TenFootPole","hubris:FruitBowl","hubris:EvacipatedBox","ClockworkSouvenir","hubris:MysteriousPyramids"],"acts_visited":["Exordium"],"potions_floor_usage":[8,16],"damage_taken":[{"damage":0,"enemies":"Jaw Worm","floor":1,"turns":1},{"damage":0,"enemies":"Small Slimes","floor":4,"turns":1},{"damage":0,"enemies":"Gremlin Nob","floor":6,"turns":1},{"damage":26,"enemies":"3 Sentries","floor":8,"turns":8},{"damage":3,"enemies":"Cultist","floor":10,"turns":4},{"damage":0,"enemies":"Lots of Slimes","floor":12,"turns":3},{"damage":0,"enemies":"The Guardian","floor":16,"turns":4}],"seed_played":"-1271451203106621354","potions_obtained":[{"floor":1,"key":"SkillPotion"},{"floor":10,"key":"EssenceOfSteel"}],"is_trial":false,"path_per_floor":["M","?","$","M","?","E","?","E","T","M","?","M","$","?","R","B"],"character_chosen":"IRONCLAD","items_purchased":["Anger","hubris:FruitBowl","hubris:EvacipatedBox","ClockworkSouvenir","hubris:MysteriousPyramids"],"campfire_rested":0,"item_purchase_floors":[3,13,13,13,13],"current_hp_per_floor":[80,73,73,79,79,80,80,60,60,84,84,87,9,9,9,9,9],"gold":369,"neow_bonus":"THREE_ENEMY_KILL","is_daily":false,"chose_seed":false,"campfire_upgraded":1,"win_rate":0.0,"timestamp":1613526621,"path_taken":["M","?","$","M","?","E","?","E","T","M","?","?","?","?","R","BOSS"],"items_purchased_type":["Card","Relic","Relic","Relic","Relic"],"build_version":"2020-12-22","purchased_purges":4,"victory":false,"max_hp_per_floor":[80,80,80,80,80,80,80,80,80,84,84,87,87,87,87,87,87],"card_choices":[{"not_picked":["Sever Soul","Metallicize"],"picked":"Cleave","floor":1},{"not_picked":["Warcry","Seeing Red"],"picked":"Armaments","floor":4},{"not_picked":["Twin Strike","Havoc","Rage"],"picked":"SKIP","floor":6},{"not_picked":["Bloodletting","Iron Wave"],"picked":"Feed","floor":8},{"not_picked":["Iron Wave","Twin Strike","Entrench"],"picked":"SKIP","floor":10},{"not_picked":["Heavy Blade","Headbutt"],"picked":"Carnage","floor":12}],"player_experience":1878323,"relics_obtained":[{"floor":6,"key":"Pen Nib"},{"floor":8,"key":"Orichalcum"},{"floor":9,"key":"hubris:TenFootPole"}],"event_choices":[{"cards_removed":["Strike_R"],"damage_healed":0,"gold_gain":0,"player_choice":"Card Removal","damage_taken":7,"max_hp_gain":0,"max_hp_loss":0,"event_name":"Golden Wing","floor":2,"gold_loss":0},{"damage_healed":0,"gold_gain":175,"player_choice":"AGREE","damage_taken":0,"max_hp_gain":0,"max_hp_loss":0,"event_name":"Liars Game","floor":7,"gold_loss":0,"cards_obtained":["Doubt"]},{"damage_healed":0,"gold_gain":0,"player_choice":"Ignored","damage_taken":0,"max_hp_gain":0,"max_hp_loss":0,"event_name":"NoteForYourself","floor":11,"gold_loss":0},{"damage_healed":0,"gold_gain":0,"player_choice":"Grow","damage_taken":0,"max_hp_gain":0,"max_hp_loss":0,"event_name":"Living Wall","floor":14,"gold_loss":0,"cards_upgraded":["Armaments"]}],"is_beta":false,"boss_relics":[],"items_purged_floors":[13,13,13,13],"is_endless":false,"potions_floor_spawned":[1,10],"killed_by":"The Guardian","ascension_level":1}}