{"host":"a1eatafr7pisesky","time":1613564059,"event":{"mods":["AchievementEnabler","BaseMod","Colored Map","Keyboard Shortcuts","Minty Spire (QoL Compilation)","Say the Spire","StSLib","SuperFastMode","everything is the same but u backflip on backflip"],"gold_per_floor":[114,133,152,152,227,227,260,278,303,330,158,158,75,85,85,164,164,175,90,15,32,32,32],"floor_reached":22,"language":"KOR","playtime":447,"items_purged":["Strike_G"],"score":349,"play_id":"74ff62bb-12ba-45e9-a8c9-34074c9c0fc0","local_time":"20210217211419","is_ascension_mode":true,"campfire_choices":[{"floor":6.0,"key":"REST"},{"floor":12.0,"key":"REST"},{"data":"Cloak And Dagger","floor":15.0,"key":"SMITH"}],"circlet_count":0,"master_deck":["AscendersBane","Strike_G","Strike_G","Strike_G","Defend_G","Defend_G+1","Defend_G","Defend_G","Defend_G","Survivor","Neutralize","Venomology+1","Endless Agony","Poisoned Stab","Riddle With Holes","PiercingWail","PiercingWail","Deadly Poison","Accuracy","Cloak And Dagger+1","Accuracy","Storm of Steel","Cloak And Dagger"],"relics":["Ring of the Snake","PreservedInsect","Bronze Scales","Tiny Chest","SacredBark","Blue Candle"],"acts_visited":["Exordium","TheCity"],"potions_floor_usage":[22,22,22],"damage_taken":[{"damage":3.0,"enemies":"2 Louse","floor":1.0,"turns":3.0},{"damage":4.0,"enemies":"Jaw Worm","floor":2.0,"turns":3.0},{"damage":0.0,"enemies":"Small Slimes","floor":3.0,"turns":3.0},{"damage":19.0,"enemies":"3 Sentries","floor":7.0,"turns":8.0},{"damage":0.0,"enemies":"2 Fungi Beasts","floor":8.0,"turns":2.0},{"damage":14.0,"enemies":"Lagavulin","floor":10.0,"turns":3.0},{"damage":1.0,"enemies":"Blue Slaver","floor":14.0,"turns":4.0},{"damage":22.0,"enemies":"The Guardian","floor":16.0,"turns":9.0},{"damage":24.0,"enemies":"Chosen","floor":18.0,"turns":6.0},{"damage":28,"enemies":"2 Thieves","floor":21,"turns":4},{"damage":1,"enemies":"Cultist and Chosen","floor":22,"turns":3}],"seed_played":"-7738388181659628551","potions_obtained":[{"floor":1.0,"key":"DuplicationPotion"},{"floor":7.0,"key":"Explosive Potion"},{"floor":8.0,"key":"AttackPotion"},{"floor":14.0,"key":"LiquidBronze"},{"floor":21,"key":"PowerPotion"}],"is_trial":false,"path_per_floor":["M","M","M","?","?","R","E","M","T","E","$","R","$","M","R","B",null,"M","?","?","M","M"],"character_chosen":"THE_SILENT","items_purchased":["Accuracy","Cloak And Dagger","Accuracy"],"campfire_rested":2,"item_purchase_floors":[11,11,13],"current_hp_per_floor":[56,52,64,44,33,52,33,33,33,19,19,38,38,37,37,15,53,29,29,29,1,0,0],"gold":32,"neow_bonus":"ONE_RANDOM_RARE_CARD","is_daily":false,"chose_seed":false,"campfire_upgraded":1,"win_rate":0.0,"timestamp":1613564059,"path_taken":["M","M","M","?","?","R","E","M","T","E","?","R","$","M","R","BOSS","M","?","?","M","M"],"items_purchased_type":["Card","Card","Card"],"build_version":"2020-12-22","purchased_purges":1,"victory":false,"max_hp_per_floor":[66,66,66,66,66,66,66,66,66,66,66,66,66,66,66,66,66,66,66,66,66,66,66],"card_choices":[{"not_picked":["Dagger Throw","Flying Knee"],"picked":"Endless Agony","floor":1.0},{"not_picked":["Leg Sweep","Outmaneuver"],"picked":"Poisoned Stab","floor":2.0},{"not_picked":["Flying Knee","Underhanded Strike"],"picked":"Riddle With Holes","floor":3.0},{"not_picked":["Tools of the Trade","Caltrops"],"picked":"PiercingWail","floor":7.0},{"not_picked":["All Out Attack","Dodge and Roll"],"picked":"PiercingWail","floor":8.0},{"not_picked":["Terror","Sucker Punch"],"picked":"Deadly Poison","floor":10.0},{"not_picked":["Deadly Poison","Masterful Stab","Caltrops"],"picked":"SKIP","floor":14.0},{"not_picked":["Phantasmal Killer","Grand Finale"],"picked":"Storm of Steel","floor":16.0},{"not_picked":["Flechettes","Dodge and Roll","Deadly Poison"],"picked":"SKIP","floor":18},{"not_picked":["Masterful Stab","Accuracy"],"picked":"Cloak And Dagger","floor":21}],"player_experience":461167,"relics_obtained":[{"floor":7.0,"key":"PreservedInsect"},{"floor":9.0,"key":"Bronze Scales"},{"floor":10.0,"key":"Tiny Chest"}],"event_choices":[{"damage_healed":0.0,"max_hp_gain":0.0,"max_hp_loss":0.0,"gold_gain":0.0,"event_name":"Shining Light","player_choice":"Entered Light","floor":4.0,"gold_loss":0.0,"damage_taken":20.0,"cards_upgraded":["Venomology","Defend_G"]},{"damage_healed":0.0,"max_hp_gain":0.0,"max_hp_loss":0.0,"gold_gain":75.0,"event_name":"World of Goop","player_choice":"Gather Gold","floor":5.0,"gold_loss":0.0,"damage_taken":11.0},{"damage_healed":0,"gold_gain":0,"player_choice":"Obtained Relic","damage_taken":0,"relics_obtained":["Blue Candle"],"max_hp_gain":0,"max_hp_loss":0,"event_name":"Addict","floor":19,"gold_loss":85},{"cards_removed":["Strike_G"],"damage_healed":0,"gold_gain":0,"player_choice":"Gave Gold","damage_taken":0,"max_hp_gain":0,"max_hp_loss":0,"event_name":"Beggar","floor":20,"gold_loss":75}],"is_beta":false,"boss_relics":[{"not_picked":["Fusion Hammer","Tiny House"],"picked":"SacredBark"}],"items_purged_floors":[11],"is_endless":false,"potions_floor_spawned":[1,7,8,14,21],"killed_by":"Cultist and Chosen","ascension_level":16}}