{"host":"aaqofma31c3gm2hj","time":1613551619,"event":{"mods":["BaseMod","GungeonMod","Minty Spire (QoL Compilation)","Replay The Spire","Spicy Shops","StSLib"],"gold_per_floor":[114,114,189,208,48,83,83,97,149,176,251,251,151,151,169,169,169,169],"floor_reached":17,"language":"ZHS","playtime":191,"items_purged":["ReplayTheSpireMod:Splinters","Strike_B"],"score":206,"play_id":"98c6d8ea-8ce7-423e-bc27-fa8e521725a9","local_time":"20210217164659","is_ascension_mode":true,"campfire_choices":[{"data":"Turbo","floor":7,"key":"SMITH"},{"data":"ReplayTheSpireMod:Omega Cannon","floor":12,"key":"SMITH"},{"data":"Gash","floor":16,"key":"SMITH"}],"circlet_count":0,"master_deck":["AscendersBane","Strike_B","Strike_B","Defend_B","Defend_B","Defend_B","Defend_B","Zap","Dualcast","Ball Lightning","Turbo+1","ReplayTheSpireMod:Omega Cannon+1","Gash+1"],"relics":["Cracked Core","NeowsBlessing","Solar Panel","ReplayTheSpireMod:CursedCoin","DemoMod:LamentConfigurum","Ice Cream","Calipers","DemoMod:ClearGuonStone","DemoMod:GlassGuonStoneRelic"],"acts_visited":["Exordium"],"potions_floor_usage":[],"damage_taken":[{"damage":0,"enemies":"Cultist","floor":1,"turns":1},{"damage":0,"enemies":"Jaw Worm","floor":4,"turns":1},{"damage":22,"enemies":"Lagavulin","floor":6,"turns":4},{"damage":10,"enemies":"Small Slimes","floor":8,"turns":5},{"damage":0,"enemies":"Gremlin Gang","floor":15,"turns":1},{"damage":0,"enemies":"Fading Forest","floor":17,"turns":1}],"seed_played":"-9091595357328009801","potions_obtained":[{"floor":4,"key":"AttackPotion"},{"floor":6,"key":"SpeedPotion"}],"is_trial":false,"path_per_floor":["M","T","$","M","$","E","R","M","T","T","?","R","$","?","M","R","B"],"character_chosen":"DEFECT","items_purchased":["ReplayTheSpireMod:CursedCoin","DemoMod:LamentConfigurum"],"campfire_rested":0,"item_purchase_floors":[3,5],"current_hp_per_floor":[64,64,64,66,66,50,50,46,46,46,35,35,35,35,37,37,37,37],"gold":169,"neow_bonus":"THREE_ENEMY_KILL","is_daily":false,"chose_seed":false,"campfire_upgraded":3,"win_rate":0.0,"timestamp":1613551619,"path_taken":["M","?","$","M","$","E","R","M","T","T","?","R","?","?","M","R","BOSS"],"items_purchased_type":["Relic","Relic"],"build_version":"2020-12-22","purchased_purges":2,"victory":false,"max_hp_per_floor":[71,71,71,71,71,71,71,71,71,71,71,71,71,71,71,71,71,71],"card_choices":[{"not_picked":["Barrage","Double Energy","Static Discharge"],"picked":"SKIP","floor":1},{"not_picked":["Streamline","Heatsinks"],"picked":"Ball Lightning","floor":4},{"not_picked":["Sweeping Beam","Stack"],"picked":"Turbo","floor":6},{"not_picked":["Darkness","Redo"],"picked":"ReplayTheSpireMod:Omega Cannon","floor":8},{"not_picked":["Panic Button","Scrape"],"picked":"Gash","floor":15}],"player_experience":681309,"relics_obtained":[{"floor":2,"key":"Solar Panel"},{"floor":6,"key":"Ice Cream"},{"floor":10,"key":"DemoMod:ClearGuonStone"}],"event_choices":[{"damage_healed":0,"gold_gain":75,"player_choice":"Gather Gold","damage_taken":11,"max_hp_gain":0,"max_hp_loss":0,"event_name":"World of Goop","floor":11,"gold_loss":0},{"cards_removed":["Strike_B"],"damage_healed":0,"gold_gain":0,"player_choice":"Purged","damage_taken":0,"max_hp_gain":0,"max_hp_loss":0,"event_name":"Purifier","floor":14,"gold_loss":0}],"is_beta":false,"boss_relics":[],"items_purged_floors":[3,13],"is_endless":false,"potions_floor_spawned":[4,6],"killed_by":"Fading Forest","ascension_level":20}}