{"host":"rolltorest","time":1613525210,"event":{"mods":["BaseMod","Minty Spire (QoL Compilation)","Relic Stats","Slay the Relics Exporter","StSLib"],"gold_per_floor":[15,15,165,184,195,224,109,109,109],"floor_reached":8,"language":"ENG","playtime":240,"items_purged":[],"score":112,"play_id":"80ba5f8f-31ff-4428-9e8a-69bc38564a0e","local_time":"20210216172650","is_ascension_mode":true,"campfire_choices":[],"circlet_count":0,"master_deck":["AscendersBane","Strike_G","Strike_G","Strike_G","Defend_G","Defend_G","Defend_G","Defend_G","Defend_G","Survivor","Neutralize","Crippling Poison","Terror","Blade Dance","Doubt","Well Laid Plans","Poisoned Stab","Burst"],"relics":["Ring of the Snake","TungstenRod","Mummified Hand","InkBottle"],"acts_visited":["Exordium"],"potions_floor_usage":[8],"damage_taken":[{"damage":0,"enemies":"Cultist","floor":1,"turns":5},{"damage":10,"enemies":"Jaw Worm","floor":4,"turns":6},{"damage":1,"enemies":"Small Slimes","floor":5,"turns":5},{"damage":32,"enemies":"Gremlin Nob","floor":6,"turns":4},{"damage":17,"enemies":"3 Sentries","floor":8,"turns":5}],"seed_played":"1904726567486689587","potions_obtained":[{"floor":6,"key":"Fire Potion"}],"is_trial":false,"path_per_floor":["M","T","?","M","M","E","?","E"],"character_chosen":"THE_SILENT","items_purchased":[],"campfire_rested":0,"item_purchase_floors":[],"current_hp_per_floor":[59,59,59,49,48,16,16,0,0],"gold":109,"neow_bonus":"TRANSFORM_TWO_CARDS","is_daily":false,"chose_seed":false,"campfire_upgraded":0,"win_rate":0.0,"timestamp":1613525210,"path_taken":["M","?","?","M","M","E","?","E"],"items_purchased_type":[],"build_version":"2020-12-18","purchased_purges":0,"victory":false,"max_hp_per_floor":[66,66,66,66,66,66,66,66,66],"relic_stats":{"counters":[5,25],"Mummified Hand":[0],"obtain_stats":[{"Mummified Hand":6,"TungstenRod":2,"InkBottle":7,"Ring of the Snake":0},{"Mummified Hand":4,"TungstenRod":1,"InkBottle":4,"Ring of the Snake":0},{"Mummified Hand":20,"TungstenRod":5,"InkBottle":20,"Ring of the Snake":0}],"TungstenRod":10,"InkBottle":[1],"Ring of the Snake":[10]},"card_choices":[{"not_picked":["Flying Knee","Prepared"],"picked":"Blade Dance","floor":1},{"not_picked":["Endless Agony","Flying Knee"],"picked":"Well Laid Plans","floor":4},{"not_picked":["Calculated Gamble","Backflip"],"picked":"Poisoned Stab","floor":5},{"not_picked":["Masterful Stab","Deflect"],"picked":"Burst","floor":6}],"player_experience":1999327,"relics_obtained":[{"floor":2,"key":"TungstenRod"},{"floor":6,"key":"Mummified Hand"}],"event_choices":[{"damage_healed":0,"gold_gain":150,"player_choice":"AGREE","damage_taken":0,"max_hp_gain":0,"max_hp_loss":0,"event_name":"Liars Game","floor":3,"gold_loss":0,"cards_obtained":["Doubt"]},{"damage_healed":0,"gold_gain":0,"player_choice":"Paid Gold","damage_taken":0,"relics_obtained":["InkBottle"],"max_hp_gain":0,"max_hp_loss":0,"event_name":"WeMeetAgain","floor":7,"gold_loss":115}],"is_beta":true,"boss_relics":[],"items_purged_floors":[],"is_endless":false,"potions_floor_spawned":[6],"killed_by":"3 Sentries","ascension_level":20}}