{"host":"d2gh6suihlstufn7","time":1613555151,"event":{"mods":["AchievementEnabler","BaseMod","Colored Map","Colored Powertips","Minty Spire (QoL Compilation)","Permanent Neow","Quick Restart"],"gold_per_floor":[109,125,137,14,28,28,55,55,55,80,80,80,80,80,80,176,176,191,191,191,17,17,17,17,17,17,17,17,116,116,14,14,115,115,127,140,152,165,216,242,242,277,277,277,162,176,176,0,0,0,0,0,0,33,33,33],"floor_reached":55,"language":"KOR","playtime":2566,"items_purged":["Shame"],"score":775,"play_id":"ee7f5825-97ad-486d-b4a4-6112d1b55923","local_time":"20210217184551","is_ascension_mode":false,"campfire_choices":[{"floor":6,"key":"RECALL"},{"data":"Defragment","floor":8,"key":"SMITH"},{"data":"Sunder","floor":11,"key":"SMITH"},{"floor":15,"key":"REST"},{"data":"Loop","floor":23,"key":"SMITH"},{"data":"Zap","floor":30,"key":"SMITH"},{"floor":32,"key":"REST"},{"floor":41,"key":"REST"},{"floor":44,"key":"DIG"},{"floor":49,"key":"DIG"},{"floor":52,"key":"DIG"}],"circlet_count":0,"master_deck":["Strike_B+1","Strike_B+1","Strike_B+1","Strike_B+1","Defend_B+1","Defend_B+1","Defend_B+1","Defend_B+1","Zap+1","Dualcast","Loop+1","Sunder+1","Defragment+1","Echo Form+1","Seek+1","Storm+1","Ghostly+1","Ghostly+1","Ghostly+1","Ghostly+1","Ghostly+1","Turbo+1","Buffer+1","Sunder+1"],"relics":["Snecko Eye","Smiling Mask","Frozen Egg 2","Toxic Egg 2","Ginger","Nuclear Battery","MutagenicStrength","Boot","PreservedInsect","Runic Pyramid","Shovel","The Courier","Ancient Tea Set","Eternal Feather","Orichalcum","DollysMirror","Red Mask","InkBottle","Pear","Oddly Smooth Stone"],"acts_visited":["Exordium","TheCity","TheBeyond","TheEnding"],"potions_floor_usage":[7,7,7,33,40,40,46,50],"damage_taken":[{"damage":7,"enemies":"Jaw Worm","floor":1,"turns":4},{"damage":0,"enemies":"2 Louse","floor":2,"turns":3},{"damage":0,"enemies":"Small Slimes","floor":3,"turns":2},{"damage":8,"enemies":"Exordium Wildlife","floor":5,"turns":3},{"damage":13,"enemies":"3 Sentries","floor":7,"turns":4},{"damage":16,"enemies":"Lagavulin","floor":10,"turns":7},{"damage":19,"enemies":"Hexaghost","floor":16,"turns":7},{"damage":16,"enemies":"Shell Parasite","floor":18,"turns":5},{"damage":13,"enemies":"Collector","floor":33,"turns":6},{"damage":12,"enemies":"3 Shapes","floor":35,"turns":4},{"damage":0,"enemies":"Orb Walker","floor":36,"turns":4},{"damage":5,"enemies":"Maw","floor":37,"turns":8},{"damage":1,"enemies":"Writhing Mass","floor":38,"turns":4},{"damage":18,"enemies":"2 Orb Walkers","floor":39,"turns":6},{"damage":0,"enemies":"Giant Head","floor":40,"turns":8},{"damage":3,"enemies":"Nemesis","floor":42,"turns":4},{"damage":0,"enemies":"Jaw Worm Horde","floor":46,"turns":3},{"damage":11,"enemies":"Time Eater","floor":50,"turns":10},{"damage":0,"enemies":"Shield and Spear","floor":54,"turns":5},{"damage":52,"enemies":"The Heart","floor":55,"turns":8}],"seed_played":"-5835183363124215379","potions_obtained":[{"floor":1,"key":"ColorlessPotion"},{"floor":3,"key":"LiquidMemories"},{"floor":33,"key":"AttackPotion"},{"floor":36,"key":"Swift Potion"},{"floor":38,"key":"ColorlessPotion"},{"floor":42,"key":"Strength Potion"},{"floor":46,"key":"BlessingOfTheForge"},{"floor":54,"key":"Strength Potion"}],"is_trial":false,"path_per_floor":["M","M","M","$","M","R","E","R","T","E","R","?","?","?","R","B",null,"M","?","?","$","?","R","$","?","T","?","$","?","R","$","R","B",null,"M","M","M","M","?","E","R","E","T","R","$","M","?","?","R","B",null,"R","$","E","B"],"character_chosen":"DEFECT","items_purchased":["Defragment","PowerPotion","PowerPotion","Explosive Potion","Storm+1","Turbo+1","DollysMirror"],"campfire_rested":3,"item_purchase_floors":[4,4,21,21,21,31,45],"current_hp_per_floor":[68,68,68,68,60,60,47,47,47,31,31,31,56,23,45,26,75,59,59,59,59,37,37,37,33,33,33,33,33,33,33,42,29,42,30,30,25,24,6,6,18,15,15,27,27,27,27,27,39,28,40,50,50,50,0,0],"gold":33,"neow_bonus":"BOSS_RELIC","is_daily":false,"chose_seed":false,"campfire_upgraded":4,"win_rate":0.0,"timestamp":1613555151,"path_taken":["M","M","M","$","M","R","E","R","T","E","R","?","?","?","R","BOSS","M","?","?","$","?","R","?","?","T","?","$","?","R","?","R","BOSS","M","?","M","M","?","E","R","E","T","R","$","M","?","?","R","BOSS","R","$","E","BOSS"],"items_purchased_type":["Card","Potion","Potion","Potion","Card","Card","Relic"],"build_version":"2020-12-22","purchased_purges":1,"victory":false,"max_hp_per_floor":[75,75,75,75,75,75,75,75,75,75,75,75,75,75,75,75,75,75,75,75,75,37,37,37,42,42,42,42,42,42,42,42,42,42,42,42,42,42,42,42,42,42,42,42,42,42,40,40,40,40,40,50,50,50,50,50],"card_choices":[{"not_picked":["Stack","Cold Snap"],"picked":"Loop","floor":1},{"not_picked":["Force Field","Beam Cell"],"picked":"Sunder","floor":2},{"not_picked":["Barrage","Stack","Redo"],"picked":"SKIP","floor":3},{"not_picked":["Cold Snap","Go for the Eyes","Sweeping Beam"],"picked":"SKIP","floor":5},{"not_picked":["Compile Driver","Cold Snap","Go for the Eyes"],"picked":"SKIP","floor":7},{"not_picked":["Capacitor+1","Heatsinks+1"],"picked":"Echo Form+1","floor":10},{"not_picked":["Amplify+1","Hyperbeam"],"picked":"Seek+1","floor":16},{"not_picked":["Sweeping Beam+1","Aggregate+1","Redo+1"],"picked":"SKIP","floor":18},{"not_picked":["Fission+1","Amplify+1"],"picked":"Buffer+1","floor":33},{"not_picked":["Undo+1","Steam+1","Leap+1"],"picked":"SKIP","floor":35},{"not_picked":["Genetic Algorithm+1","Glacier+1","Coolheaded+1"],"picked":"SKIP","floor":36},{"not_picked":["Rebound","Skim+1","Stack+1"],"picked":"SKIP","floor":37},{"not_picked":["Leap+1","Rebound+1","Gash+1"],"picked":"SKIP","floor":38},{"not_picked":["Force Field+1","Turbo+1","Darkness+1"],"picked":"SKIP","floor":40},{"not_picked":["Conserve Battery+1","Lockon","Go for the Eyes"],"picked":"SKIP","floor":42},{"not_picked":["Leap+1","Sunder","Lockon"],"picked":"SKIP","floor":46},{"not_picked":["Skim+1","Consume+1","Scrape+1"],"picked":"SKIP","floor":54}],"player_experience":221765,"relics_obtained":[{"floor":7,"key":"Smiling Mask"},{"floor":10,"key":"Frozen Egg 2"},{"floor":26,"key":"Boot"},{"floor":39,"key":"Shovel"},{"floor":40,"key":"The Courier"},{"floor":42,"key":"Ancient Tea Set"},{"floor":43,"key":"Eternal Feather"},{"floor":44,"key":"Orichalcum"},{"floor":49,"key":"InkBottle"},{"floor":52,"key":"Pear"},{"floor":54,"key":"Oddly Smooth Stone"}],"event_choices":[{"damage_healed":0,"gold_gain":0,"player_choice":"Searched \u00271\u0027 times","damage_taken":0,"relics_obtained":["Toxic Egg 2"],"max_hp_gain":0,"max_hp_loss":0,"event_name":"Dead Adventurer","floor":12,"gold_loss":0},{"damage_healed":25,"gold_gain":0,"player_choice":"Banana","damage_taken":0,"max_hp_gain":0,"max_hp_loss":0,"event_name":"Big Fish","floor":13,"gold_loss":0},{"damage_healed":0,"gold_gain":0,"player_choice":"Success","damage_taken":33,"relics_obtained":["Ginger"],"max_hp_gain":0,"max_hp_loss":0,"event_name":"Scrap Ooze","floor":14,"gold_loss":0},{"damage_healed":0,"gold_gain":0,"player_choice":"Inject Mutagens","damage_taken":0,"relics_obtained":["MutagenicStrength"],"max_hp_gain":0,"max_hp_loss":0,"event_name":"Drug Dealer","floor":19,"gold_loss":0},{"damage_healed":0,"gold_gain":0,"player_choice":"Simplicity","damage_taken":0,"max_hp_gain":0,"max_hp_loss":0,"event_name":"Back to Basics","floor":20,"gold_loss":0,"cards_upgraded":["Strike_B","Strike_B","Strike_B","Strike_B","Defend_B","Defend_B","Defend_B","Defend_B"]},{"damage_healed":0,"gold_gain":0,"player_choice":"Became a Ghost","damage_taken":0,"max_hp_gain":0,"max_hp_loss":38,"event_name":"Ghosts","floor":22,"gold_loss":0,"cards_obtained":["Ghostly","Ghostly","Ghostly","Ghostly","Ghostly"]},{"damage_healed":0,"gold_gain":0,"player_choice":"Shed Blood","damage_taken":9,"max_hp_gain":5,"max_hp_loss":0,"event_name":"Forgotten Altar","floor":25,"gold_loss":0},{"damage_healed":0,"gold_gain":0,"player_choice":"Stole Relic","damage_taken":0,"relics_obtained":["PreservedInsect"],"max_hp_gain":0,"max_hp_loss":0,"event_name":"Addict","floor":27,"gold_loss":0,"cards_obtained":["Shame"]},{"damage_healed":0,"gold_gain":99,"player_choice":"Stole From Cult","damage_taken":0,"max_hp_gain":0,"max_hp_loss":0,"event_name":"Nest","floor":29,"gold_loss":0},{"damage_healed":0,"gold_gain":0,"player_choice":"Fight","damage_taken":0,"max_hp_gain":0,"max_hp_loss":0,"event_name":"Mysterious Sphere","floor":39,"gold_loss":0},{"damage_healed":0,"gold_gain":0,"player_choice":"Max HP","damage_taken":0,"max_hp_gain":0,"max_hp_loss":2,"event_name":"Winding Halls","floor":47,"gold_loss":0},{"damage_healed":0,"gold_gain":0,"player_choice":"Paid","damage_taken":0,"relics_obtained":["Red Mask"],"max_hp_gain":0,"max_hp_loss":0,"event_name":"Tomb of Lord Red Mask","floor":48,"gold_loss":176}],"is_beta":false,"boss_relics":[{"not_picked":["Fusion Hammer","Coffee Dripper"],"picked":"Nuclear Battery"},{"not_picked":["Pandora\u0027s Box","Velvet Choker"],"picked":"Runic Pyramid"}],"items_purged_floors":[31],"is_endless":false,"potions_floor_spawned":[1,3,33,36,38,42,46,54],"killed_by":"The Heart","ascension_level":0}}