{"host":"rscpjn8a96s7s6w9","time":1613536436,"event":{"mods":["AchievementEnabler","BaseMod","Colored Map","Hermit","Minty Spire (QoL Compilation)","StSLib","The Bug Knight"],"gold_per_floor":[114,124,224,224,224,224,224,273,327,383,383,397,430,470,482,594,606,636,648,670,682,694,706,730,742,754,303,128,138,138,138],"floor_reached":30,"language":"KOR","playtime":1606,"items_purged":["Strike_P","Strike_P"],"score":274,"play_id":"9589846d-b806-4704-8032-067cabb467c5","local_time":"20210217133356","is_ascension_mode":false,"campfire_choices":[{"data":"Vigilance","floor":7,"key":"SMITH"},{"floor":15,"key":"REST"},{"data":"Study","floor":23,"key":"SMITH"},{"data":"LikeWater","floor":25,"key":"SMITH"}],"circlet_count":0,"master_deck":["Strike_P","Strike_P","Defend_P","Defend_P","Eruption+1","Vigilance+1","EmptyBody","EmptyBody","Study+1","FlurryOfBlows","TalkToTheHand","Vault+1","Establishment","EmptyMind","BattleHymn","LikeWater+1","Adaptation","Meditate","EmptyFist"],"relics":["PureWater","Juzu Bracelet","Damaru","Nunchaku","Matryoshka","Strawberry","MawBank","Odd Mushroom","Runic Pyramid","Bottled Flame","Incense Burner"],"acts_visited":["Exordium","TheCity"],"potions_floor_usage":[16,16],"damage_taken":[{"damage":1,"enemies":"Jaw Worm","floor":1,"turns":3},{"damage":0,"enemies":"Cultist","floor":2,"turns":3},{"damage":21,"enemies":"Gremlin Nob","floor":10,"turns":4},{"damage":0,"enemies":"Small Slimes","floor":12,"turns":4},{"damage":11,"enemies":"3 Sentries","floor":13,"turns":10},{"damage":16,"enemies":"The Mushroom Lair","floor":14,"turns":4},{"damage":0,"enemies":"Slime Boss","floor":16,"turns":8},{"damage":0,"enemies":"Chosen","floor":18,"turns":5},{"damage":12,"enemies":"3 Byrds","floor":20,"turns":8},{"damage":19,"enemies":"Snake Plant","floor":24,"turns":5},{"damage":19,"enemies":"Cultist and Chosen","floor":29,"turns":8},{"damage":20,"enemies":"Centurion and Healer","floor":30,"turns":3}],"seed_played":"-5016861754054021925","potions_obtained":[{"floor":12,"key":"Energy Potion"},{"floor":13,"key":"CultistPotion"}],"is_trial":false,"path_per_floor":["M","M","?","?","?","?","R","T","T","?","?","M","E","?","R","B",null,"M","?","M","?","?","R","M","R","T","$","$","M","M"],"character_chosen":"WATCHER","items_purchased":["Incense Burner","Adaptation","Meditate"],"campfire_rested":1,"item_purchase_floors":[27,27,28],"current_hp_per_floor":[71,71,71,71,71,64,64,64,64,43,43,43,32,16,39,39,79,79,64,52,52,52,52,33,33,33,33,33,14,0,0],"gold":138,"neow_bonus":"RANDOM_COMMON_RELIC","is_daily":false,"chose_seed":false,"campfire_upgraded":3,"win_rate":0.0,"timestamp":1613536436,"path_taken":["M","M","?","?","?","?","R","?","T","?","?","M","E","?","R","BOSS","M","?","M","?","?","R","M","R","T","?","$","M","M"],"items_purchased_type":["Relic","Card","Card"],"build_version":"2020-12-22","purchased_purges":2,"victory":false,"max_hp_per_floor":[72,72,72,72,72,72,72,72,72,72,79,79,79,79,79,79,79,79,84,84,84,84,84,84,84,84,84,84,84,84,84],"card_choices":[{"not_picked":["CrushJoints","Collect"],"picked":"EmptyBody","floor":1},{"not_picked":["CutThroughFate","Weave"],"picked":"EmptyBody","floor":2},{"not_picked":["Consecrate","SashWhip"],"picked":"Study","floor":10},{"not_picked":["Pray","SashWhip"],"picked":"FlurryOfBlows","floor":12},{"not_picked":["FollowUp","CutThroughFate"],"picked":"TalkToTheHand","floor":13},{"not_picked":["Perseverance","Weave"],"picked":"Vault","floor":14},{"not_picked":["Brilliance","Blasphemy"],"picked":"Establishment","floor":16},{"not_picked":["CutThroughFate","EmptyBody+1"],"picked":"EmptyMind","floor":18},{"not_picked":["CutThroughFate","Study"],"picked":"BattleHymn","floor":20},{"not_picked":["CarveReality","Nirvana"],"picked":"LikeWater","floor":24},{"not_picked":["BowlingBash","Evaluate"],"picked":"EmptyFist","floor":29}],"player_experience":591840,"relics_obtained":[{"floor":8,"key":"Damaru"},{"floor":9,"key":"Nunchaku"},{"floor":13,"key":"MawBank"},{"floor":14,"key":"Odd Mushroom"},{"floor":26,"key":"Bottled Flame"}],"event_choices":[{"damage_healed":0,"gold_gain":100,"player_choice":"Pray","damage_taken":0,"max_hp_gain":0,"max_hp_loss":0,"event_name":"Golden Shrine","floor":3,"gold_loss":0},{"damage_healed":0,"gold_gain":0,"player_choice":"Ignored","damage_taken":0,"max_hp_gain":0,"max_hp_loss":0,"event_name":"Liars Game","floor":4,"gold_loss":0},{"damage_healed":0,"gold_gain":0,"player_choice":"Grow","damage_taken":0,"max_hp_gain":0,"max_hp_loss":0,"event_name":"Living Wall","floor":5,"gold_loss":0,"cards_upgraded":["Eruption"]},{"cards_removed":["Defend_P"],"damage_healed":0,"gold_gain":0,"player_choice":"Card Removal","damage_taken":7,"max_hp_gain":0,"max_hp_loss":0,"event_name":"Golden Wing","floor":6,"gold_loss":0},{"damage_healed":0,"gold_gain":0,"player_choice":"Searched \u00272\u0027 times","damage_taken":0,"relics_obtained":["Matryoshka"],"max_hp_gain":0,"max_hp_loss":0,"event_name":"Dead Adventurer","floor":10,"gold_loss":0},{"damage_healed":0,"gold_gain":0,"player_choice":"Success","damage_taken":7,"relics_obtained":["Strawberry"],"max_hp_gain":0,"max_hp_loss":0,"event_name":"Scrap Ooze","floor":11,"gold_loss":0},{"damage_healed":0,"gold_gain":0,"player_choice":"Fought Mushrooms","damage_taken":0,"max_hp_gain":0,"max_hp_loss":0,"event_name":"Mushrooms","floor":14,"gold_loss":0},{"damage_healed":0,"gold_gain":0,"player_choice":"Shed Blood","damage_taken":20,"max_hp_gain":5,"max_hp_loss":0,"event_name":"Forgotten Altar","floor":19,"gold_loss":0},{"damage_healed":0,"gold_gain":0,"player_choice":"Forge","damage_taken":0,"max_hp_gain":0,"max_hp_loss":0,"event_name":"Accursed Blacksmith","floor":21,"gold_loss":0,"cards_upgraded":["Vault"]},{"cards_removed":["Defend_P"],"damage_healed":0,"gold_gain":0,"player_choice":"Offered Basic","damage_taken":0,"max_hp_gain":0,"max_hp_loss":0,"event_name":"Bonfire Elementals","floor":22,"gold_loss":0}],"is_beta":false,"boss_relics":[{"not_picked":["Busted Crown","Fusion Hammer"],"picked":"Runic Pyramid"}],"items_purged_floors":[27,28],"is_endless":false,"potions_floor_spawned":[12,13],"killed_by":"Centurion and Healer","ascension_level":0}}