{"host":"v0xbo920qxoewo3e","time":1613562781,"event":{"mods":["Act Like it!","Aspiration","Astrologer","BaseMod","Conspire","Downfall","Friendly Minions","GifTheSpireLib","Halation","Hermit","Hubris","Infinite Spire","Jedi Mod","Jorbs\u0027s Wanderer Trilogy","Koishi","Marisa????????","Minty Spire (QoL Compilation)","Potionbrewer","Rare Cards Sparkle","Reimu??????","Remilia??????","Replay The Spire","StSLib","Stuff the Spire","The Animator","The Blackbeard","The Bladedancer","The Bug Knight","The Construct","The Cursed","The Disciple","The Gatherer","The Jungle","The Problem Sleuth","The Runesmith","The Servant 0.9.4","TheBandit","Unceasing Turn Reminder"],"gold_per_floor":[99,99,110,130,141,160,160,180,180,55,55,83,83,93,103,205,205,205,225,235,246,262,147,199,214,225,225,239,253,253,282,292,397,397,397,417,417,277,296,296,296,308,327,327,327,339,359,377,393,393,393,393],"floor_reached":50,"language":"ENG","playtime":6534,"items_purged":["bronze:Strike","bronze:Strike","bronze:Strike"],"score":480,"play_id":"1b3ac595-a424-4430-a2f0-1bdf0b29bf9e","local_time":"20210217135301","is_ascension_mode":false,"campfire_choices":[{"data":"bronze:Goto","floor":1,"key":"SMITH"},{"data":"bronze:WhirlingStrike","floor":9,"key":"SMITH"},{"data":"bronze:Frontload","floor":11,"key":"SMITH"},{"data":"bronze:CutThrough","floor":13,"key":"SMITH"},{"data":"bronze:SpaghettiCode","floor":18,"key":"SMITH"},{"data":"bronze:Repulsor","floor":27,"key":"SMITH"},{"floor":30,"key":"REST"},{"data":"bronze:HardenedForm","floor":35,"key":"SMITH"},{"data":"bronze:Return","floor":40,"key":"SMITH"},{"data":"bronze:Defend","floor":44,"key":"SMITH"}],"circlet_count":0,"master_deck":["bronze:Defend","bronze:Defend","bronze:Defend","bronze:Defend+1","bronze:Replicate+1","bronze:Goto+1","StuffTheSpire:Innocence","bronze:CutThrough+1","bronze:ClassDefault","bronze:WhirlingStrike+1","bronze:DelayedSlice+1","bronze:Frontload+1","bronze:Optimize","bronze:ThunderWave","bronze:Overheat","bronze:SpaghettiCode+1","bronze:DigitalCarnage","bronze:Return+1","bronze:BronzeArmor","bronze:Repulsor+1","bronze:HardenedForm+1","bronze:ChosenStrike+1","bronze:Virus","bronze:MaxOutput+1","bronze:WhirlingStrike+1","bronze:Flail+1"],"relics":["bronze:BronzeCore","halation:AfternoonTea","StuffTheSpire:HeavyRock","Replay:Fungal Core","Replay:Wax Seal","Sozu","Iron Hammer"],"acts_visited":["Exordium","TheCity","TheBeyond"],"potions_floor_usage":[12,16,16,29,31,33,33],"damage_taken":[{"damage":1,"enemies":"Jaw Worm","floor":3,"turns":4},{"damage":0,"enemies":"conspire:RoseBush","floor":4,"turns":4},{"damage":1,"enemies":"Cultist","floor":5,"turns":3},{"damage":1,"enemies":"3 Louse","floor":6,"turns":3},{"damage":7,"enemies":"Blue Slaver","floor":8,"turns":3},{"damage":5,"enemies":"downfall:FleeingMerchant","floor":10,"turns":4},{"damage":1,"enemies":"Replay:BlueRogue","floor":12,"turns":7},{"damage":0,"enemies":"Red Slaver","floor":14,"turns":3},{"damage":0,"enemies":"3 Louse","floor":15,"turns":1},{"damage":47,"enemies":"WA_ARCHETYPE_RETAIN","floor":16,"turns":19},{"damage":0,"enemies":"3 Byrds","floor":19,"turns":5},{"damage":2,"enemies":"Shell Parasite","floor":20,"turns":6},{"damage":1,"enemies":"Shelled Parasite and Fungi","floor":21,"turns":5},{"damage":0,"enemies":"Snake Plant","floor":22,"turns":3},{"damage":9,"enemies":"downfall:FleeingMerchant","floor":23,"turns":4},{"damage":11,"enemies":"Chosen and Byrds","floor":25,"turns":5},{"damage":0,"enemies":"3 Cultists","floor":26,"turns":2},{"damage":29,"enemies":"Snake Plant","floor":28,"turns":5},{"damage":10,"enemies":"Cultist and Chosen","floor":29,"turns":4},{"damage":41,"enemies":"conspire:SneckoGhost","floor":31,"turns":9},{"damage":0,"enemies":"Shelled Parasite and Fungi","floor":32,"turns":5},{"damage":2,"enemies":"IC_MUSHROOM_ARCHETYPE","floor":33,"turns":5},{"damage":0,"enemies":"3 Shapes","floor":36,"turns":7},{"damage":0,"enemies":"3 Darklings","floor":37,"turns":3},{"damage":3,"enemies":"downfall:FleeingMerchant","floor":38,"turns":4},{"damage":8,"enemies":"Sphere and 2 Shapes","floor":39,"turns":5},{"damage":14,"enemies":"Spire Growth","floor":42,"turns":4},{"damage":0,"enemies":"Maw","floor":43,"turns":5},{"damage":0,"enemies":"Jaw Worm Horde","floor":46,"turns":3},{"damage":20,"enemies":"Transient","floor":47,"turns":5},{"damage":0,"enemies":"3 Darklings","floor":48,"turns":4},{"damage":9,"enemies":"4 Shapes","floor":49,"turns":5},{"damage":22,"enemies":"SI_POISON_ARCHETYPE","floor":50,"turns":3}],"seed_played":"6682771735206763380","potions_obtained":[{"floor":4,"key":"bronze:FreeFunctionsPotion"},{"floor":5,"key":"MagicPotion:ReiMu"},{"floor":6,"key":"Explosive Potion"},{"floor":12,"key":"LiquidMemories"},{"floor":20,"key":"bronze:FreeFunctionsPotion"},{"floor":25,"key":"Explosive Potion"},{"floor":28,"key":"Dexterity Potion"},{"floor":29,"key":"hexamod:SoulburnPotion"},{"floor":31,"key":"potionbrewer:BlacksmithPotion"}],"is_trial":false,"path_per_floor":["R","?","M","M","M","M","T","M","R","$","R","E","R","M","M","B",null,"R","M","M","M","M","$","T","M","M","R","M","M","R","E","M","B",null,"R","M","M","$","M","R","T","M","M","R","?","M","M","M","M","B"],"character_chosen":"THE_AUTOMATON","items_purchased":["bronze:Optimize"],"campfire_rested":1,"item_purchase_floors":[10],"current_hp_per_floor":[77,70,69,69,68,67,67,60,60,55,55,54,54,54,54,7,77,77,77,75,74,74,65,65,54,54,54,25,15,38,12,12,10,77,77,77,77,74,66,66,66,52,52,52,44,44,24,24,15,0,0,0],"gold":393,"neow_bonus":"TEN_PERCENT_HP_BONUS","is_daily":false,"chose_seed":false,"campfire_upgraded":9,"win_rate":0.0,"timestamp":1613562781,"path_taken":["R","?","M","M","M","M","T","M","R","$","R","E","R","M","M","BOSS","R","M","M","M","M","$","T","M","M","R","M","M","R","E","M","BOSS","R","M","M","$","M","R","T","M","M","R","?","M","?","M","M","BOSS"],"items_purchased_type":["Card"],"build_version":"2020-12-22","purchased_purges":3,"victory":false,"max_hp_per_floor":[77,77,77,77,77,77,77,77,77,77,77,77,77,77,77,77,77,77,77,77,77,77,77,77,77,77,77,77,77,77,77,77,77,77,77,77,77,77,77,77,77,77,77,77,77,77,77,77,77,77,77,77],"card_choices":[{"not_picked":["bronze:DelayedSlice","bronze:Turbo"],"picked":"bronze:CutThrough","floor":3},{"not_picked":["bronze:CutThrough","bronze:DelayedGuard"],"picked":"bronze:ClassDefault","floor":4},{"not_picked":["bronze:Overload","bronze:BuggyMess"],"picked":"bronze:WhirlingStrike","floor":5},{"not_picked":["bronze:ForceShield","bronze:BugBarrage","bronze:CutThrough"],"picked":"SKIP","floor":6},{"not_picked":["bronze:Turbo","bronze:GetLatest"],"picked":"bronze:DelayedSlice","floor":8},{"not_picked":["bronze:Turbo","bronze:Break"],"picked":"bronze:Frontload","floor":10},{"not_picked":["bronze:Turbo","bronze:Backtrace"],"picked":"bronze:ThunderWave","floor":12},{"not_picked":["bronze:Iterate","bronze:ForceShield","bronze:DelayedSlice"],"picked":"SKIP","floor":14},{"not_picked":["bronze:FollowUp","bronze:WhirlingStrike"],"picked":"bronze:Overheat","floor":15},{"not_picked":["bronze:RecursiveStrike","bronze:FindAndReplace"],"picked":"bronze:SpaghettiCode","floor":16},{"not_picked":["bronze:GetLatest","bronze:Overload"],"picked":"bronze:DigitalCarnage","floor":19},{"not_picked":["bronze:BitShift+1","bronze:DelayedSlice","bronze:Deprecate"],"picked":"SKIP","floor":20},{"not_picked":["bronze:BronzeArmor","bronze:Safeguard","bronze:Deprecate"],"picked":"SKIP","floor":21},{"not_picked":["bronze:NullPointer","bronze:WildBeam","bronze:CutThrough"],"picked":"SKIP","floor":22},{"not_picked":["bronze:DigitalCarnage","bronze:DarkDash"],"picked":"bronze:Return","floor":23},{"not_picked":["bronze:BronzeArmor","bronze:BuggyMess","bronze:CutThrough"],"picked":"SKIP","floor":25},{"not_picked":["bronze:BuggyMess","bronze:CutThrough"],"picked":"bronze:BronzeArmor","floor":25},{"not_picked":["bronze:Break","bronze:ItsAFeature+1"],"picked":"bronze:Repulsor","floor":26},{"not_picked":["bronze:Branch","bronze:OilSpill","bronze:Turbo+1"],"picked":"SKIP","floor":28},{"not_picked":["bronze:BitShift","bronze:Iterate","bronze:Backtrace"],"picked":"SKIP","floor":29},{"not_picked":["bronze:Allocate","bronze:Invalidate","bronze:Backtrace"],"picked":"SKIP","floor":31},{"not_picked":["bronze:Frontload","bronze:Flail","bronze:CloningBeam+1"],"picked":"SKIP","floor":32},{"not_picked":["bronze:SpaghettiCode","bronze:Verify"],"picked":"bronze:HardenedForm","floor":33},{"not_picked":["bronze:BitShift+1","bronze:Overheat","bronze:Turbo+1"],"picked":"SKIP","floor":36},{"not_picked":["bronze:Shield+1","bronze:Allocate+1"],"picked":"bronze:ChosenStrike+1","floor":37},{"not_picked":["bronze:Deprecate+1","bronze:Overheat"],"picked":"bronze:Virus","floor":38},{"not_picked":["bronze:ForceShield","bronze:Shield","bronze:WhirlingStrike"],"picked":"SKIP","floor":39},{"not_picked":["bronze:ChosenStrike","bronze:ClassDefault","bronze:Iterate"],"picked":"SKIP","floor":42},{"not_picked":["bronze:Safeguard","bronze:Deprecate","bronze:BugBarrage"],"picked":"SKIP","floor":43},{"not_picked":["bronze:WildBeam","bronze:CutThrough"],"picked":"bronze:MaxOutput+1","floor":46},{"not_picked":["bronze:CutThrough","bronze:DelayedGuard","bronze:BugBarrage"],"picked":"SKIP","floor":47},{"not_picked":["bronze:Return","bronze:ClassDefault+1"],"picked":"bronze:WhirlingStrike+1","floor":48},{"not_picked":["bronze:DigitalCarnage+1","bronze:Overload"],"picked":"bronze:Flail+1","floor":49}],"player_experience":1529300,"relics_obtained":[{"floor":7,"key":"halation:AfternoonTea"},{"floor":12,"key":"StuffTheSpire:HeavyRock"},{"floor":24,"key":"Replay:Wax Seal"},{"floor":41,"key":"Iron Hammer"}],"event_choices":[],"is_beta":false,"boss_relics":[{"not_picked":["potionbrewer:BhaskarasWheel","Coffee Dripper"],"picked":"Replay:Fungal Core"},{"not_picked":["Empty Cage","hubris:RunicObelisk"],"picked":"Sozu"}],"items_purged_floors":[10,23,38],"is_endless":false,"potions_floor_spawned":[4,5,6,12,15,20,25,28,29,31,36,42,43,47,48],"killed_by":"SI_POISON_ARCHETYPE","ascension_level":0}}