{"host":"9m8ch47vcmem52nv","time":1613520192,"event":{"mods":["2.2 Compatiblity","AchievementEnabler","Act Like it!","Aspiration","BaseMod","BetterRewards","CatGirl Mod","DeckTracker","Downfall","Fiend Mod","Friendly Minions","Gensokyo","Googly Eyes","Gremlin Mod","Hermit","Hubris","Infinite Spire","Kiyohime????","Koishi","Marisa????????","Minty Spire (QoL Compilation)","Reimu??????","Remilia??????","Shop Mod","StSLib","The Construct","The Cursed","The Disciple","The Mystic","The Necromancer","The Servant 0.9.4","Unceasing Turn Reminder","Yuri Mod"],"gold_per_floor":[117,136,154,168,168,207,207,243,269,269,269,289,464,499,499,622,622,643,643,661,87,87,87,87],"floor_reached":23,"language":"ENG","playtime":1184,"items_purged":["Strike_W"],"score":367,"play_id":"105daabb-f67c-4fef-b146-812589b37cbe","local_time":"20210216160312","is_ascension_mode":true,"campfire_choices":[{"data":"Summon_Lich","floor":7,"key":"SMITH"},{"floor":10,"key":"REST"},{"floor":15,"key":"REST"}],"circlet_count":0,"master_deck":["Defend_W","Defend_W","Defend_W","Defend_W","Negative_Energy_Arrows","Bone_Wall","Slay_Living","Negative_Energy_Mist","Finger_Of_Death","Negative_Energy_Burst","Consume_Illness","Bone_Armor","Thousand_Bone_Knives","Negative_Energy_Mist","Negative_Energy_Sphere","Negative_Energy_Shield","Injury","Summon_Lich+1","Vampiric_Strike","Parasite","Bones_to_Steel","Doubt","Plague_Bolt","Grasp_Heart","Bone_Armor+1","Uncharnel+1","Hellfire+1","Bone_Shift+1","Negative_Energy_Shield+1","Apotheosis","Bone_Armory","Bone_Bullets","Plague_Bolt"],"relics":["Vampire_Amulet","Blood Vial","Strange Spoon","Torii","Orrery","Golden Idol","Mummified Hand","hubris:BottledRain","Happy Flower","Eternal Feather","Astrolabe","hubris:Icosahedron","hubris:EmptyBottle","Nilry\u0027s Codex"],"acts_visited":["Exordium","TheCity"],"potions_floor_usage":[8,23,23,23,23,23,23],"damage_taken":[{"damage":2,"enemies":"Cultist","floor":1,"turns":5},{"damage":0,"enemies":"2 Louse","floor":2,"turns":2},{"damage":10,"enemies":"Small Slimes","floor":3,"turns":2},{"damage":1,"enemies":"2 Fungi Beasts","floor":4,"turns":2},{"damage":27,"enemies":"Lagavulin","floor":6,"turns":11},{"damage":25,"enemies":"Gremlin Nob","floor":8,"turns":4},{"damage":14,"enemies":"Blue Slaver","floor":12,"turns":3},{"damage":18,"enemies":"3 Sentries","floor":14,"turns":6},{"damage":30,"enemies":"Hexaghost","floor":16,"turns":17},{"damage":26,"enemies":"Spheric Guardian","floor":18,"turns":6},{"damage":9,"enemies":"3 Byrds","floor":20,"turns":4},{"damage":45,"enemies":"Gremlin Leader","floor":23,"turns":6}],"seed_played":"-4572380034748717872","potions_obtained":[{"floor":6,"key":"hexamod:SoulburnPotion"},{"floor":16,"key":"Block Potion"},{"floor":18,"key":"Block Potion"}],"is_trial":false,"path_per_floor":["M","M","M","M","?","E","R","E","T","R","?","M","?","E","R","B",null,"M","?","M","$","?","E"],"character_chosen":"NECROMANCER","items_purchased":["Blood Vial","Strange Spoon","Slay_Living","Orrery","Apotheosis","Bone_Armory","Bone_Bullets","hubris:EmptyBottle","Plague_Bolt"],"campfire_rested":2,"item_purchase_floors":[0,0,0,0,21,21,21,21,21],"current_hp_per_floor":[42,48,44,49,49,26,26,5,5,27,45,35,35,27,64,42,75,54,54,53,53,37,0,0],"gold":87,"neow_bonus":"","is_daily":false,"chose_seed":false,"campfire_upgraded":1,"win_rate":0.0,"timestamp":1613520192,"path_taken":["M","M","?","M","?","E","R","E","T","R","?","M","?","E","R","BOSS","M","?","M","$","?","E"],"items_purchased_type":["Relic","Relic","Card","Relic","Card","Card","Card","Relic","Card"],"build_version":"2020-12-22","purchased_purges":1,"victory":false,"max_hp_per_floor":[75,75,75,75,75,75,75,75,75,75,75,75,75,75,75,75,75,75,75,75,75,75,75,75],"card_choices":[{"not_picked":["Chill_Blood","Scare"],"picked":"Negative_Energy_Mist","floor":0},{"not_picked":["Negative_Energy_Sphere","Whirlwind_of_Bones"],"picked":"Finger_Of_Death","floor":0},{"not_picked":["Bones_to_Steel","Shackles_Of_Pain"],"picked":"Negative_Energy_Burst","floor":0},{"not_picked":["Negative_Energy_Burst","Negative_Energy_Sphere"],"picked":"Consume_Illness","floor":0},{"not_picked":["Hellfire","Epidemic"],"picked":"Bone_Armor","floor":0},{"not_picked":["Spectral_Armor","Chill_Blood"],"picked":"Thousand_Bone_Knives","floor":1},{"not_picked":["Blood_for_Blood","Death_Coil"],"picked":"Negative_Energy_Mist","floor":2},{"not_picked":["Pandemic","Whirlwind_of_Bones"],"picked":"Negative_Energy_Sphere","floor":3},{"not_picked":["Negative_Energy_Mist","Blood_for_Blood"],"picked":"Negative_Energy_Shield","floor":4},{"not_picked":["Scare","Bone_Armory"],"picked":"Summon_Lich","floor":6},{"not_picked":["Bones_to_Steel","Spectral_Armor"],"picked":"Vampiric_Strike","floor":8},{"not_picked":["Scare","Necrotic_Claws"],"picked":"Bones_to_Steel","floor":12},{"not_picked":["Summon_Lich","Finger_Of_Death"],"picked":"Plague_Bolt","floor":14},{"not_picked":["Detonate_Bones","Blood_Wake"],"picked":"Grasp_Heart","floor":16},{"not_picked":["Negative_Energy_Shield","Death_Coil"],"picked":"Bone_Shift+1","floor":18},{"not_picked":["Blood_Whip+1","Blood_for_Blood"],"picked":"Negative_Energy_Shield+1","floor":20}],"player_experience":349629,"relics_obtained":[{"floor":6,"key":"Mummified Hand"},{"floor":8,"key":"hubris:BottledRain"},{"floor":9,"key":"Happy Flower"},{"floor":14,"key":"Eternal Feather"},{"floor":22,"key":"Nilry\u0027s Codex"}],"event_choices":[{"damage_healed":0,"gold_gain":0,"player_choice":"Take Wound","damage_taken":0,"relics_obtained":["Golden Idol"],"max_hp_gain":0,"max_hp_loss":0,"event_name":"Golden Idol","floor":5,"gold_loss":0,"cards_obtained":["Injury"]},{"damage_healed":18,"gold_gain":0,"player_choice":"Healed and dodged fight","damage_taken":0,"max_hp_gain":0,"max_hp_loss":0,"event_name":"Mushrooms","floor":11,"gold_loss":0,"cards_obtained":["Parasite"]},{"damage_healed":0,"gold_gain":175,"player_choice":"AGREE","damage_taken":0,"max_hp_gain":0,"max_hp_loss":0,"event_name":"Liars Game","floor":13,"gold_loss":0,"cards_obtained":["Doubt"]},{"damage_healed":0,"gold_gain":0,"player_choice":"Obtained Book","damage_taken":16,"max_hp_gain":0,"max_hp_loss":0,"event_name":"Cursed Tome","floor":22,"gold_loss":0}],"is_beta":false,"boss_relics":[{"not_picked":["hubris:CrackedHourglass","SlaversCollar"],"picked":"Astrolabe"}],"items_purged_floors":[21],"is_endless":false,"potions_floor_spawned":[6,16,18],"killed_by":"Gremlin Leader","ascension_level":2}}