{"host":"kqmpijrcxbgb80ry","time":1613524656,"event":{"mods":["BaseMod","Colored Map","Colored Powertips","Duelist Mod","Hermit","Highlight Path","Hubris","Infinite Spire","Mimic Mod","Minty Spire (QoL Compilation)","Permanent Neow","Replay The Spire","Shop Mod","StSLib","SuperFastMode"],"gold_per_floor":[116,116,116,66,66,99,99,134,160,172,184,211,211,211,211,310,310,321,321,309,309,170,195,195,209,209,209,242,252,352,352,352],"floor_reached":31,"language":"ENG","playtime":2190,"items_purged":["Strike_G"],"score":339,"play_id":"9bbbddca-ded4-4b7c-a699-a5c84fa02d8b","local_time":"20210216201736","is_ascension_mode":false,"campfire_choices":[{"data":"Cloak And Dagger","floor":7,"key":"SMITH"},{"data":"Hidden Blade","floor":15,"key":"SMITH"},{"floor":27,"key":"REST"}],"circlet_count":0,"master_deck":["Strike_G","Strike_G","Defend_G","Defend_G","Defend_G","Defend_G","Defend_G","Survivor","Neutralize","Cloak And Dagger+1","Hidden Blade+1","Deflect","ReplayTheSpireMod:Shiv Toss+1","Slice","A Thousand Cuts","Replay:Poison Smokescreen","Hidden Blade","infinitespire:Neurotoxin","Cloak And Dagger+1"],"relics":["Ring of the Snake","NeowsBlessing","Blue Candle","Kunai","hubris:DeckOfHolding","hubris:DisguiseKit","hubris:Backtick","Shuriken","Membership Card","WristBlade","Lee\u0027s Waffle","Regal Pillow","Toxic Egg 2","hubris:AncientText","Tough Bandages","Ornamental Fan"],"acts_visited":["Exordium","TheCity"],"potions_floor_usage":[16,16,20,23,28,30,30],"damage_taken":[{"damage":0,"enemies":"2 Louse","floor":1,"turns":1},{"damage":0,"enemies":"Lagavulin","floor":6,"turns":1},{"damage":0,"enemies":"Gremlin Nob","floor":8,"turns":1},{"damage":2,"enemies":"Jaw Worm","floor":10,"turns":5},{"damage":6,"enemies":"Cultist","floor":11,"turns":5},{"damage":7,"enemies":"3 Sentries","floor":12,"turns":14},{"damage":15,"enemies":"The Guardian","floor":16,"turns":18},{"damage":6,"enemies":"Chosen","floor":18,"turns":6},{"damage":15,"enemies":"2 Thieves","floor":20,"turns":4},{"damage":10,"enemies":"Book of Stabbing","floor":23,"turns":5},{"damage":32,"enemies":"Snecko","floor":25,"turns":7},{"damage":31,"enemies":"Nightmare","floor":28,"turns":11},{"damage":7,"enemies":"Sentry and Sphere","floor":29,"turns":5},{"damage":2,"enemies":"Colosseum Slavers","floor":30,"turns":5},{"damage":32,"enemies":"Colosseum Nobs","floor":30,"turns":4},{"damage":1,"enemies":"Centurion and Healer","floor":31,"turns":2}],"seed_played":"-3862973677469183628","potions_obtained":[{"floor":6,"key":"AttackPotion"},{"floor":10,"key":"Swift Potion"},{"floor":11,"key":"FearPotion"},{"floor":12,"key":"LiquidBronze"},{"floor":18,"key":"Energy Potion"},{"floor":25,"key":"EssenceOfSteel"},{"floor":28,"key":"Block Potion"},{"floor":29,"key":"Death Potion"}],"is_trial":false,"path_per_floor":["M","?","$","?","$","E","R","E","T","M","M","E","?","?","R","B",null,"M","AVR","M","?","$","E","?","M","T","R","NM","M","?","M"],"character_chosen":"THE_SILENT","items_purchased":["Lee\u0027s Waffle","Hidden Blade"],"campfire_rested":1,"item_purchase_floors":[22,22],"current_hp_per_floor":[70,70,70,70,70,70,70,70,70,68,62,55,55,55,55,40,70,64,64,49,49,77,67,67,35,35,73,42,35,1,0,0],"gold":352,"neow_bonus":"THREE_ENEMY_KILL","is_daily":false,"chose_seed":false,"campfire_upgraded":2,"win_rate":0.0,"timestamp":1613524656,"path_taken":["M","?","$","?","$","E","R","E","T","M","?","E","?","?","R","BOSS","M","AVR","M","?","$","E","?","?","T","R","NM","M","?","M"],"items_purchased_type":["Relic","Card"],"build_version":"2020-12-22","purchased_purges":1,"victory":false,"max_hp_per_floor":[70,70,70,70,70,70,70,70,70,70,70,70,70,70,70,70,70,70,70,70,70,77,77,77,77,77,77,77,77,77,77,77],"card_choices":[{"not_picked":["Slice","Choke"],"picked":"Cloak And Dagger","floor":1},{"not_picked":["Dagger Spray","Predator"],"picked":"Hidden Blade","floor":6},{"not_picked":["Quick Slash","Backflip"],"picked":"Deflect","floor":8},{"not_picked":["Prepared","Dagger Spray"],"picked":"ReplayTheSpireMod:Shiv Toss","floor":10},{"not_picked":["Dagger Throw","Cloak And Dagger","Leg Sweep"],"picked":"SKIP","floor":11},{"not_picked":["Backflip","Acrobatics"],"picked":"Slice","floor":12},{"not_picked":["ReplayTheSpireMod:Necrosis","Doppelganger","Reaper"],"picked":"A Thousand Cuts","floor":16},{"not_picked":["Tactician","Underhanded Strike","Cleave"],"picked":"Replay:Poison Smokescreen","floor":18},{"not_picked":["Dagger Throw","Fluid Movement+1","Quick Slash+1","hubris:ReadiedAction"],"picked":"SKIP","floor":20},{"not_picked":["Outmaneuver","ReplayTheSpireMod:Exploit Weakness","Heavy Blade"],"picked":"infinitespire:Neurotoxin","floor":23},{"not_picked":["Caltrops","Underhanded Strike","Heel Hook","Hemokinesis"],"picked":"SKIP","floor":25},{"not_picked":["Flechettes","Concentrate+1","Toxin Wave+1","Demon Form"],"picked":"SKIP","floor":28},{"not_picked":["Flechettes","Concentrate+1","Toxin Wave+1","Demon Form"],"picked":"SKIP","floor":28},{"not_picked":["Deflect+1","Choke","Spot Weakness"],"picked":"Cloak And Dagger+1","floor":29}],"player_experience":372867,"relics_obtained":[{"floor":6,"key":"Blue Candle"},{"floor":8,"key":"Kunai"},{"floor":12,"key":"hubris:DeckOfHolding"},{"floor":13,"key":"hubris:DisguiseKit"},{"floor":23,"key":"Regal Pillow"},{"floor":26,"key":"Toxic Egg 2"},{"floor":28,"key":"hubris:AncientText"},{"floor":30,"key":"Tough Bandages"},{"floor":30,"key":"Ornamental Fan"}],"event_choices":[{"cards_removed":["Expertise"],"damage_healed":0,"gold_gain":0,"player_choice":"Card Removal","damage_taken":0,"max_hp_gain":0,"max_hp_loss":0,"event_name":"The Cleric","floor":4,"gold_loss":50},{"cards_removed":["Strike_G"],"damage_healed":0,"gold_gain":0,"player_choice":"Elegance","damage_taken":0,"max_hp_gain":0,"max_hp_loss":0,"event_name":"Back to Basics","floor":21,"gold_loss":0},{"damage_healed":0,"gold_gain":0,"player_choice":"Ignored","damage_taken":0,"max_hp_gain":0,"max_hp_loss":0,"event_name":"Vampires","floor":24,"gold_loss":0},{"damage_healed":0,"gold_gain":0,"player_choice":"Fight","damage_taken":0,"max_hp_gain":0,"max_hp_loss":0,"event_name":"Colosseum","floor":30,"gold_loss":0},{"damage_healed":0,"gold_gain":0,"player_choice":"Fought Nobs","damage_taken":0,"max_hp_gain":0,"max_hp_loss":0,"event_name":"Colosseum","floor":30,"gold_loss":0}],"is_beta":false,"boss_relics":[{"not_picked":["ReplayTheSpireMod:DimensionalGlitch","Runic Pyramid"],"picked":"hubris:Backtick"}],"items_purged_floors":[22],"is_endless":true,"potions_floor_spawned":[6,10,11,12,18,25,28,29,30],"killed_by":"Centurion and Healer","ascension_level":0}}