{"host":"nz11ypxva4e39b7q","time":1613568640,"event":{"mods":["BaseMod","Better Third Choice","Better Vampires","Colored Map","Minty Spire (QoL Compilation)","Quick Restart","StSLib","The Marked"],"gold_per_floor":[109,62,62,237,255,255,281,297,368,168,168,195,213,241,241,344,344,364,238,238,238,254,254,288,288,288,288,83,118,118,131,131,236,236,252,302,320,320,121,153,153,184,184,195,195,206,206,240,240,240,240,240,37,70,70],"floor_reached":56,"language":"ENG","playtime":3092,"items_purged":["Doubt","theMarked:Defend","theMarked:Strike","theMarked:Strike","theMarked:Strike+1"],"score":1742,"play_id":"359a94ff-56f0-4829-94ea-203148cb5515","local_time":"20210217143040","is_ascension_mode":true,"campfire_choices":[{"data":"theMarked:ShockingTouch","floor":6.0,"key":"SMITH"},{"data":"theMarked:KeepCalmAndFight","floor":11.0,"key":"SMITH"},{"floor":15.0,"key":"REST"},{"data":"theMarked:Challenge","floor":23.0,"key":"SMITH"},{"data":"1","floor":25.0,"key":"LIFT"},{"data":"2","floor":27.0,"key":"LIFT"},{"data":"3","floor":32.0,"key":"LIFT"},{"data":"Deep Breath","floor":41.0,"key":"SMITH"},{"data":"theMarked:Improvise","floor":47,"key":"SMITH"},{"floor":49,"key":"RECALL"},{"data":"theMarked:TunnelVision","floor":52,"key":"SMITH"}],"circlet_count":0,"master_deck":["theMarked:Strike+1","theMarked:Defend","theMarked:Defend","theMarked:Defend","theMarked:SoldierOfQuellstein+1","theMarked:ShockingTouch+1","theMarked:KeepCalmAndFight+1","theMarked:EnhanceMovement","theMarked:Improvise+1","theMarked:Challenge+1","theMarked:TunnelVision+1","theMarked:Static+1","theMarked:ContemptForTheProud","Deep Breath+1","Feed","Outmaneuver+1","Flex+1","Turbo+1","Flex+1"],"relics":["theMarked:ArtifactOfAir","NeowsBlessing","betterThird:SlimedRelic","Smiling Mask","StrikeDummy","Whetstone","HornCleat","Girya","theMarked:Eyepatch","Centennial Puzzle","Pen Nib","Lizard Tail","PrismaticShard","Regal Pillow","Runic Pyramid","Gambling Chip","Lee\u0027s Waffle","Strawberry","Juzu Bracelet","InkBottle","theMarked:Winder","TungstenRod"],"acts_visited":["Exordium","TheCity","TheBeyond","TheEnding"],"potions_floor_usage":[50,55,55],"damage_taken":[{"damage":0.0,"enemies":"Cultist","floor":1.0,"turns":1.0},{"damage":0.0,"enemies":"Jaw Worm","floor":5.0,"turns":1.0},{"damage":0.0,"enemies":"Lagavulin","floor":7.0,"turns":1.0},{"damage":0.0,"enemies":"2 Louse","floor":8.0,"turns":1.0},{"damage":10.0,"enemies":"Gremlin Nob","floor":12.0,"turns":3.0},{"damage":0.0,"enemies":"Exordium Thugs","floor":13.0,"turns":2.0},{"damage":21.0,"enemies":"Lagavulin","floor":14.0,"turns":5.0},{"damage":14.0,"enemies":"The Guardian","floor":16.0,"turns":11.0},{"damage":4.0,"enemies":"Shell Parasite","floor":18.0,"turns":3.0},{"damage":0.0,"enemies":"Spheric Guardian","floor":22.0,"turns":3.0},{"damage":9.0,"enemies":"Book of Stabbing","floor":24.0,"turns":5.0},{"damage":24.0,"enemies":"Slavers","floor":29.0,"turns":3.0},{"damage":1.0,"enemies":"Chosen and Byrds","floor":31.0,"turns":3.0},{"damage":24.0,"enemies":"Champ","floor":33.0,"turns":5.0},{"damage":0.0,"enemies":"3 Shapes","floor":35.0,"turns":4.0},{"damage":0.0,"enemies":"Mind Bloom Boss Battle","floor":36.0,"turns":3.0},{"damage":18.0,"enemies":"3 Darklings","floor":37.0,"turns":7.0},{"damage":10.0,"enemies":"Nemesis","floor":40.0,"turns":3.0},{"damage":8,"enemies":"Reptomancer","floor":42,"turns":3},{"damage":0,"enemies":"Jaw Worm Horde","floor":44,"turns":3},{"damage":0,"enemies":"Writhing Mass","floor":46,"turns":4},{"damage":14,"enemies":"Giant Head","floor":48,"turns":4},{"damage":33,"enemies":"Time Eater","floor":50,"turns":8},{"damage":18,"enemies":"Shield and Spear","floor":54,"turns":2},{"damage":69,"enemies":"The Heart","floor":55,"turns":10}],"seed_played":"-151089059569732745","potions_obtained":[{"floor":7.0,"key":"SmokeBomb"},{"floor":8.0,"key":"SteroidPotion"},{"floor":14.0,"key":"Fire Potion"},{"floor":29.0,"key":"CultistPotion"},{"floor":31.0,"key":"Block Potion"},{"floor":37.0,"key":"DuplicationPotion"},{"floor":42,"key":"Dexterity Potion"},{"floor":45,"key":"Fire Potion"},{"floor":46,"key":"Weak Potion"}],"is_trial":false,"path_per_floor":["M","?","?","?","M","R","E","M","T","$","R","E","M","E","R","B",null,"M","$","?","?","M","R","E","R","T","R","$","E","?","M","R","B",null,"M","?","M","?","$","E","R","E","T","M","?","M","R","E","R","B",null,"R","$","E","B",null],"character_chosen":"THE_DEFAULT","items_purchased":["Whetstone","theMarked:TunnelVision","PrismaticShard","Lee\u0027s Waffle","theMarked:Winder"],"campfire_rested":1,"item_purchase_floors":[10,19,28,39,53],"current_hp_per_floor":[63,52,38,38,38,38,38,38,38,38,38,28,28,7,28,14,56,52,52,52,52,52,52,43,43,43,43,43,19,70,69,69,45,64,67,70,55,55,86,86,86,81,81,84,84,87,87,76,76,46,95,95,95,77,8],"gold":70,"neow_bonus":"THREE_ENEMY_KILL","is_daily":false,"chose_seed":false,"campfire_upgraded":6,"win_rate":0.0,"timestamp":1613568640,"path_taken":["M","?","?","?","?","R","E","M","T","$","R","E","M","E","R","BOSS","M","$","?","?","?","R","E","R","T","R","$","E","?","M","R","BOSS","M","?","M","?","$","E","R","E","T","M","?","M","R","E","R","BOSS","R","$","E","BOSS"],"items_purchased_type":["Relic","Card","Relic","Relic","Relic"],"build_version":"2020-12-22","purchased_purges":5,"victory":true,"max_hp_per_floor":[70,70,70,70,70,70,70,70,70,70,70,70,70,70,70,70,70,70,70,70,70,70,70,70,70,70,70,70,70,70,70,70,70,70,73,76,79,79,86,96,96,99,99,102,102,105,105,108,108,111,111,111,111,111,111],"card_choices":[{"not_picked":["theMarked:RepellingDischarge","theMarked:CreepingChasm","theMarked:TakeCover"],"picked":"SKIP","floor":1.0},{"not_picked":["theMarked:OneWithTheBlade","theMarked:TakeCover"],"picked":"theMarked:ShockingTouch","floor":5.0},{"not_picked":["theMarked:HeightenedSenses","theMarked:BanishingStrike"],"picked":"theMarked:KeepCalmAndFight","floor":7.0},{"not_picked":["theMarked:MysticalArsenal","theMarked:RepellingDischarge"],"picked":"theMarked:Overcharge","floor":8.0},{"not_picked":["theMarked:WastefulAttack","theMarked:Frustration"],"picked":"theMarked:EnhanceMovement","floor":12.0},{"not_picked":["theMarked:MagusForm","theMarked:ElectricStrings"],"picked":"theMarked:Improvise","floor":13.0},{"not_picked":["theMarked:SwordAndMagic","theMarked:Memento","theMarked:Friction"],"picked":"SKIP","floor":14.0},{"not_picked":["theMarked:TurnInvisible","theMarked:FavorableWinds"],"picked":"theMarked:Challenge","floor":16.0},{"not_picked":["theMarked:WardOff+1","theMarked:TakeCover","theMarked:SwordAndMagic"],"picked":"SKIP","floor":18.0},{"not_picked":["theMarked:EmpowerWeapon","theMarked:ParalyzingBlade"],"picked":"theMarked:Static+1","floor":22.0},{"not_picked":["theMarked:TakeCover","theMarked:ParalyzingBlade"],"picked":"theMarked:ContemptForTheProud","floor":24.0},{"not_picked":["PiercingWail","Footwork"],"picked":"Deep Breath","floor":29.0},{"not_picked":["Steam","theMarked:PowerFlow","Chaos+1"],"picked":"SKIP","floor":31.0},{"not_picked":["theMarked:SuspiciousRaven","Corruption"],"picked":"Feed","floor":33.0},{"not_picked":["Terror","Doom and Gloom"],"picked":"Outmaneuver+1","floor":35.0},{"not_picked":["Pummel","Bane+1"],"picked":"Flex+1","floor":36.0},{"not_picked":["Halt","SashWhip+1","theMarked:CreepingChasm"],"picked":"SKIP","floor":37.0},{"not_picked":["FlyingSleeves+1","theMarked:HeightenedSenses"],"picked":"Turbo+1","floor":40.0},{"not_picked":["Deadly Poison","Riddle With Holes+1","FlyingSleeves+1"],"picked":"SKIP","floor":42},{"not_picked":["Power Through","theMarked:ElectricStrings","Twin Strike+1"],"picked":"SKIP","floor":44},{"not_picked":["The Bomb","theMarked:SelfDefenseTraining+1","Iron Wave"],"picked":"SKIP","floor":46},{"not_picked":["EmptyMind","Quick Slash"],"picked":"Flex+1","floor":48},{"not_picked":["True Grit","Storm","Glacier"],"picked":"SKIP","floor":54}],"player_experience":1088259,"relics_obtained":[{"floor":7.0,"key":"Smiling Mask"},{"floor":9.0,"key":"StrikeDummy"},{"floor":12.0,"key":"HornCleat"},{"floor":14.0,"key":"Girya"},{"floor":24.0,"key":"Pen Nib"},{"floor":26.0,"key":"Lizard Tail"},{"floor":29.0,"key":"Regal Pillow"},{"floor":36.0,"key":"Gambling Chip"},{"floor":40.0,"key":"Strawberry"},{"floor":42,"key":"Juzu Bracelet"},{"floor":48,"key":"InkBottle"},{"floor":54,"key":"TungstenRod"}],"event_choices":[{"damage_healed":0.0,"max_hp_gain":0.0,"max_hp_loss":0.0,"gold_gain":0.0,"event_name":"betterThird:BetterGoop","player_choice":"Slimed","floor":2.0,"gold_loss":47.0,"damage_taken":11.0},{"damage_healed":52.0,"max_hp_gain":0.0,"max_hp_loss":70.0,"gold_gain":0.0,"event_name":"betterThird:BetterShining","player_choice":"Upgrade","floor":3.0,"gold_loss":0.0,"damage_taken":14.0,"cards_upgraded":["theMarked:SoldierOfQuellstein","theMarked:Strike"]},{"damage_healed":0.0,"max_hp_gain":0.0,"max_hp_loss":0.0,"gold_gain":175.0,"event_name":"betterThird:BetterSerpent","player_choice":"AGREE","floor":4.0,"gold_loss":0.0,"damage_taken":62.0},{"damage_healed":0.0,"max_hp_gain":0.0,"max_hp_loss":0.0,"gold_gain":0.0,"event_name":"Ghosts","player_choice":"Ignored","floor":20.0,"gold_loss":0.0,"damage_taken":0.0},{"damage_healed":0.0,"max_hp_gain":0.0,"max_hp_loss":0.0,"gold_gain":0.0,"event_name":"WeMeetAgain","player_choice":"Gave Potion","floor":21.0,"gold_loss":0.0,"damage_taken":0.0,"relics_obtained":["Centennial Puzzle"]},{"cards_removed":["theMarked:Overcharge"],"damage_healed":51.0,"max_hp_gain":0.0,"max_hp_loss":0.0,"gold_gain":0.0,"event_name":"Bonfire Elementals","player_choice":"Offered Uncommon","floor":30.0,"gold_loss":0.0,"damage_taken":0.0},{"damage_healed":0.0,"max_hp_gain":0.0,"max_hp_loss":0.0,"gold_gain":0.0,"event_name":"MindBloom","player_choice":"Fight","floor":36.0,"gold_loss":0.0,"damage_taken":0.0},{"cards_removed":["theMarked:Strike"],"damage_healed":0.0,"max_hp_gain":0.0,"max_hp_loss":0.0,"gold_gain":0.0,"event_name":"Falling","player_choice":"Removed Attack","floor":38.0,"gold_loss":0.0,"damage_taken":0.0},{"damage_healed":0,"gold_gain":0,"player_choice":"Got Potions","damage_taken":0,"max_hp_gain":0,"max_hp_loss":0,"event_name":"Lab","floor":45,"gold_loss":0}],"is_beta":false,"boss_relics":[{"not_picked":["Busted Crown","Calling Bell"],"picked":"theMarked:Eyepatch"},{"not_picked":["Coffee Dripper","Empty Cage"],"picked":"Runic Pyramid"}],"items_purged_floors":[10,19,28,39,53],"is_endless":false,"potions_floor_spawned":[7,8,14,29,31,37,42,46,48],"ascension_level":8}}