{"host":"6rd8hsjmp8z8o98z","time":1613605363,"event":{"mods":["AchievementEnabler","BaseMod","Best Route Mod","Better Match","Better Third Choice","BetterRewards","Minty Spire (QoL Compilation)","Relic Stats","Replay The Spire","Say the Spire","Shop Mod","StSLib","The Jungle"],"gold_per_floor":[119,119,119,119,136,136,136],"floor_reached":6,"language":"KOR","playtime":304,"items_purged":["Strike_B"],"score":43,"play_id":"52eb4455-6387-4dc3-8a00-01e68168f59a","local_time":"20210218084243","is_ascension_mode":true,"campfire_choices":[],"circlet_count":0,"master_deck":["Strike_B","Strike_B+1","Strike_B","Defend_B","Defend_B","Defend_B","Defend_B","Zap","Dualcast+1","ReplayTheSpireMod:Private Reserves","Conserve Battery+1","Reinforced Body"],"relics":["Cracked Core","Membership Card","Turnip","Darkstone Periapt","Replay:Arrowhead","StoneCalendar","Du-Vu Doll","Medical Kit"],"acts_visited":["Exordium"],"potions_floor_usage":[6],"damage_taken":[{"damage":7,"enemies":"Jaw Worm","floor":1,"turns":3},{"damage":2,"enemies":"2 Louse","floor":5,"turns":2},{"damage":20,"enemies":"Gremlin Nob","floor":6,"turns":4}],"seed_played":"-3816212639001867979","potions_obtained":[{"floor":1,"key":"Adrenaline Potion"}],"is_trial":false,"path_per_floor":["M","?","?","?","M","E"],"character_chosen":"DEFECT","items_purchased":["Membership Card","Turnip","ReplayTheSpireMod:Private Reserves","Darkstone Periapt","StoneCalendar","Medical Kit"],"campfire_rested":0,"item_purchase_floors":[0,0,0,0,0,0],"current_hp_per_floor":[24,24,9,9,7,0,0],"gold":136,"neow_bonus":"","is_daily":false,"chose_seed":false,"campfire_upgraded":0,"win_rate":0.0,"timestamp":1613605363,"path_taken":["M","?","?","?","M","E"],"items_purchased_type":["Relic","Relic","Card","Relic","Relic","Relic"],"build_version":"2020-12-22","purchased_purges":1,"victory":false,"max_hp_per_floor":[75,75,75,75,75,75,75],"relic_stats":{"Darkstone Periapt":0,"counters":[147,738],"StoneCalendar":[0],"Turnip":[0],"Medical Kit":[0],"obtain_stats":[{"Tiny House":17,"Calipers":38,"Nilry\u0027s Codex":27,"CeramicFish":26,"Vajra":27,"Runic Capacitor":0,"Ginger":25,"Whetstone":6,"Bottled Tornado":23,"Boot":44,"Blood Vial":23,"Lizard Tail":10,"HornCleat":25,"FaceOfCleric":29,"Sundial":40,"Prayer Wheel":40,"Philosopher\u0027s Stone":17,"Necronomicon":21,"Kunai":24,"Toxic Egg 2":27,"Girya":6,"Pear":0,"Happy Flower":14,"Blue Candle":14,"Astrolabe":34,"Oddly Smooth Stone":10,"Tingsha":7,"Pen Nib":23,"Letter Opener":14,"War Paint":30,"Question Card":37,"Akabeko":0,"Cables":8,"Du-Vu Doll":0,"SlaversCollar":17,"Shuriken":7,"Molten Egg 2":26,"Black Star":17,"Nloth\u0027s Gift":0,"Meat on the Bone":43,"Darkstone Periapt":41,"Regal Pillow":0,"Lantern":9,"Torii":0,"Singing Bowl":26,"SacredBark":34,"StoneCalendar":0,"Snake Skull":27,"Juzu Bracelet":0,"Incense Burner":0,"Empty Cage":17,"Smiling Mask":13,"ClockworkSouvenir":0,"Dream Catcher":9,"Nunchaku":26,"Emotion Chip":48,"TheAbacus":0,"Matryoshka":9,"Mummified Hand":23,"Tiny Chest":9,"Red Mask":19,"Ring of the Snake":0,"Potion Belt":47,"Lee\u0027s Waffle":8,"Golden Idol":12,"Circlet":19,"Thread and Needle":14,"PreservedInsect":0,"Omamori":0,"Frozen Egg 2":12,"Odd Mushroom":10,"Orichalcum":41,"Medical Kit":0,"White Beast Statue":0,"Replay:Arrowhead":0,"Nuclear Battery":17,"Peace Pipe":0,"Anchor":0,"DataDisk":24,"Ornamental Fan":0,"Bloody Idol":30,"Turnip":0,"Art of War":11,"Bag of Marbles":47,"Bottled Lightning":8,"Membership Card":0,"FossilizedHelix":9,"TungstenRod":0},{"Tiny House":78,"Calipers":116,"Nilry\u0027s Codex":91,"CeramicFish":50,"Vajra":135,"Runic Capacitor":82,"Ginger":11,"Whetstone":61,"Bottled Tornado":10,"Boot":142,"Blood Vial":10,"Lizard Tail":42,"HornCleat":11,"FaceOfCleric":52,"Sundial":21,"Prayer Wheel":21,"Philosopher\u0027s Stone":87,"Necronomicon":68,"Kunai":133,"Toxic Egg 2":12,"Girya":125,"Pear":0,"Happy Flower":64,"Blue Candle":35,"Astrolabe":113,"Oddly Smooth Stone":32,"Tingsha":31,"Pen Nib":91,"Letter Opener":86,"War Paint":53,"Question Card":139,"Akabeko":36,"Cables":126,"Du-Vu Doll":0,"SlaversCollar":45,"Shuriken":4,"Molten Egg 2":11,"Black Star":7,"Nloth\u0027s Gift":26,"Meat on the Bone":22,"Darkstone Periapt":141,"Regal Pillow":0,"Lantern":4,"Torii":26,"Singing Bowl":110,"SacredBark":16,"StoneCalendar":144,"Snake Skull":12,"Juzu Bracelet":0,"Incense Burner":120,"Empty Cage":65,"Smiling Mask":76,"ClockworkSouvenir":55,"Dream Catcher":62,"Nunchaku":91,"Emotion Chip":119,"TheAbacus":0,"Matryoshka":31,"Mummified Hand":50,"Tiny Chest":85,"Red Mask":80,"Ring of the Snake":0,"Potion Belt":24,"Lee\u0027s Waffle":85,"Golden Idol":86,"Circlet":88,"Thread and Needle":6,"PreservedInsect":120,"Omamori":26,"Frozen Egg 2":33,"Odd Mushroom":74,"Orichalcum":141,"Medical Kit":26,"White Beast Statue":69,"Replay:Arrowhead":144,"Nuclear Battery":106,"Peace Pipe":98,"Anchor":0,"DataDisk":110,"Ornamental Fan":26,"Bloody Idol":135,"Turnip":144,"Art of War":4,"Bag of Marbles":24,"Bottled Lightning":41,"Membership Card":144,"FossilizedHelix":41,"TungstenRod":120},{"Tiny House":388,"Calipers":585,"Nilry\u0027s Codex":464,"CeramicFish":267,"Vajra":677,"Runic Capacitor":407,"Ginger":59,"Whetstone":319,"Bottled Tornado":53,"Boot":717,"Blood Vial":53,"Lizard Tail":223,"HornCleat":59,"FaceOfCleric":273,"Sundial":112,"Prayer Wheel":112,"Philosopher\u0027s Stone":441,"Necronomicon":350,"Kunai":668,"Toxic Egg 2":64,"Girya":629,"Pear":0,"Happy Flower":330,"Blue Candle":178,"Astrolabe":572,"Oddly Smooth Stone":169,"Tingsha":166,"Pen Nib":464,"Letter Opener":425,"War Paint":277,"Question Card":700,"Akabeko":190,"Cables":632,"Du-Vu Doll":0,"SlaversCollar":239,"Shuriken":20,"Molten Egg 2":59,"Black Star":35,"Nloth\u0027s Gift":142,"Meat on the Bone":118,"Darkstone Periapt":710,"Regal Pillow":0,"Lantern":20,"Torii":142,"Singing Bowl":551,"SacredBark":86,"StoneCalendar":729,"Snake Skull":64,"Juzu Bracelet":0,"Incense Burner":614,"Empty Cage":338,"Smiling Mask":377,"ClockworkSouvenir":294,"Dream Catcher":324,"Nunchaku":464,"Emotion Chip":605,"TheAbacus":0,"Matryoshka":166,"Mummified Hand":267,"Tiny Chest":417,"Red Mask":398,"Ring of the Snake":0,"Potion Belt":130,"Lee\u0027s Waffle":417,"Golden Idol":425,"Circlet":445,"Thread and Needle":28,"PreservedInsect":614,"Omamori":142,"Frozen Egg 2":171,"Odd Mushroom":368,"Orichalcum":710,"Medical Kit":142,"White Beast Statue":353,"Replay:Arrowhead":729,"Nuclear Battery":527,"Peace Pipe":491,"Anchor":0,"DataDisk":551,"Ornamental Fan":142,"Bloody Idol":677,"Turnip":729,"Art of War":20,"Bag of Marbles":130,"Bottled Lightning":216,"Membership Card":729,"FossilizedHelix":216,"TungstenRod":614}]},"card_choices":[{"not_picked":["ReplayTheSpireMod:System Scan","Beam Cell"],"picked":"Conserve Battery","floor":1},{"not_picked":["Beam Cell","Panic Button"],"picked":"Reinforced Body","floor":5}],"player_experience":557115,"relics_obtained":[],"event_choices":[{"damage_healed":24,"gold_gain":0,"player_choice":"Upgrade","damage_taken":15,"max_hp_gain":0,"max_hp_loss":75,"event_name":"betterThird:BetterShining","floor":3,"gold_loss":0,"cards_upgraded":["Dualcast","Strike_B"]}],"is_beta":false,"boss_relics":[],"items_purged_floors":[0],"is_endless":false,"potions_floor_spawned":[1],"killed_by":"Gremlin Nob","ascension_level":5}}