{"host":"f8toxsj3bk02pkeu","time":1613547944,"event":{"mods":["BaseMod","Minty Spire (QoL Compilation)","Permanent Neow","Quick Restart","StSLib","SuperFastMode"],"gold_per_floor":[113,113,78,88,106,131,131,147,147,147,147],"floor_reached":10,"language":"ENG","playtime":197,"items_purged":[],"score":136,"play_id":"0eddc44c-05de-4992-808c-377c7b6c5e98","local_time":"20210217004544","is_ascension_mode":true,"campfire_choices":[],"circlet_count":0,"master_deck":["AscendersBane","Strike_G","Strike_G","Strike_G","Strike_G","Strike_G","Defend_G","Defend_G","Defend_G","Defend_G","Defend_G","Survivor","Neutralize","Quick Slash","Flying Knee","Dodge and Roll"],"relics":["Busted Crown","MealTicket","Darkstone Periapt","Art of War"],"acts_visited":["Exordium"],"potions_floor_usage":[6],"damage_taken":[{"damage":2,"enemies":"Jaw Worm","floor":1,"turns":5},{"damage":0,"enemies":"2 Louse","floor":4,"turns":3},{"damage":0,"enemies":"Cultist","floor":5,"turns":3},{"damage":54,"enemies":"Gremlin Nob","floor":6,"turns":6},{"damage":18,"enemies":"Large Slime","floor":8,"turns":7},{"damage":20,"enemies":"Lagavulin","floor":10,"turns":5}],"seed_played":"-4025463543606831430","potions_obtained":[{"floor":4,"key":"Poison Potion"},{"floor":5,"key":"Energy Potion"},{"floor":7,"key":"FairyPotion"}],"is_trial":false,"path_per_floor":["M","?","?","M","M","E","?","M","T","E"],"character_chosen":"THE_SILENT","items_purchased":[],"campfire_rested":0,"item_purchase_floors":[],"current_hp_per_floor":[57,46,62,62,62,8,8,19,19,0,0],"gold":147,"neow_bonus":"BOSS_RELIC","is_daily":false,"chose_seed":false,"campfire_upgraded":0,"win_rate":0.0,"timestamp":1613547944,"path_taken":["M","?","?","M","M","E","?","?","T","E"],"items_purchased_type":[],"build_version":"2020-12-22","purchased_purges":0,"victory":false,"max_hp_per_floor":[66,66,66,66,66,66,66,66,66,66,66],"card_choices":[{"not_picked":[],"picked":"Quick Slash","floor":1},{"not_picked":[],"picked":"Flying Knee","floor":4},{"not_picked":[],"picked":"Dodge and Roll","floor":5},{"not_picked":["Distraction"],"picked":"SKIP","floor":6},{"not_picked":["PiercingWail"],"picked":"SKIP","floor":8}],"player_experience":992378,"relics_obtained":[{"floor":6,"key":"Darkstone Periapt"},{"floor":9,"key":"Art of War"}],"event_choices":[{"damage_healed":0,"gold_gain":0,"player_choice":"Success","damage_taken":11,"relics_obtained":["MealTicket"],"max_hp_gain":0,"max_hp_loss":0,"event_name":"Scrap Ooze","floor":2,"gold_loss":0},{"damage_healed":16,"gold_gain":0,"player_choice":"Healed","damage_taken":0,"max_hp_gain":0,"max_hp_loss":0,"event_name":"The Cleric","floor":3,"gold_loss":35},{"damage_healed":0,"gold_gain":0,"player_choice":"Got Potions","damage_taken":0,"max_hp_gain":0,"max_hp_loss":0,"event_name":"Lab","floor":7,"gold_loss":0}],"is_beta":false,"boss_relics":[],"items_purged_floors":[],"is_endless":false,"potions_floor_spawned":[4,5],"killed_by":"Lagavulin","ascension_level":20}}