{"host":"88gqw5ki7llrf2bp","time":1613532175,"event":{"mods":["BaseMod","Downfall","Duelist Mod","Friendly Minions","Hubris","Jorbs\u0027s Wanderer Trilogy","Minty Spire (QoL Compilation)","Quick Restart","Railgun Mod","Rare Cards Sparkle","StSLib","The Animator","The Construct","The Cursed","The Gatherer","slay the spire mod where everything is the same but ironclad has a cowboy hat"],"gold_per_floor":[138,138,138,149,149,179,179,78,154,186,198,209,228,228,228,325,325,338,355,205,205,205,234,234,251,251,266,280,57,57,67,67,67,67],"floor_reached":33,"language":"ENG","playtime":2610,"items_purged":[],"score":352,"play_id":"e8153ad9-88fd-4f91-bcda-319b6f65658e","local_time":"20210216212255","is_ascension_mode":false,"campfire_choices":[{"data":"theDuelist:BlueBloodedOni","floor":7.0,"key":"SMITH"},{"data":"theDuelist:BackgroundDragon","floor":15.0,"key":"SMITH"},{"data":"theDuelist:Scapegoat","floor":24.0,"key":"SMITH"},{"floor":32.0,"key":"REST"}],"circlet_count":0,"master_deck":["theDuelist:BabyDragon","theDuelist:CastleWalls","theDuelist:CastleWalls","theDuelist:CaveDragon","theDuelist:CaveDragon","theDuelist:LesserDragon","theDuelist:LesserDragon","theDuelist:Sparks","theDuelist:YamataDragon","theDuelist:BeserkDragon","theDuelist:BlueBloodedOni+1","theDuelist:BigFire+1","theDuelist:Scapegoat+1","theDuelist:LightningDarts+1","theDuelist:DragonMirror","theDuelist:BigFire+1","theDuelist:BackgroundDragon+1","theDuelist:SummoningCurse","theDuelist:ChimeratechOverdragon+1","theDuelist:MirageDragon+1","theDuelist:RedMedicine","theDuelist:CyberTwinDragon+1","Mayhem+1","theDuelist:YamataDragon+1","theDuelist:BarrelDragon+1","theDuelist:MiraculousDescent","theDuelist:WhiteHornDragon","theDuelist:BlueEyes+1"],"relics":["theDuelist:MillenniumPuzzle","theDuelist:CardPoolRelic","theDuelist:CardPoolBasicRelic","theDuelist:BoosterPackPoolRelic","theDuelist:CardPoolAddRelic","theDuelist:CardPoolMinusRelic","theDuelist:CardPoolSaveRelic","theDuelist:CardPoolOptionsRelic","NeowsBlessing","theDuelist:DuelistUrn","Molten Egg 2","theDuelist:DragonRelic","theDuelist:MerchantPendant","hubris:BottledRain","hubris:AstralHammer","theDuelist:MillenniumPeriapt","Black Star","theDuelist:SummonAnchor","theDuelist:MillenniumPrayerbook","Strawberry","Toy Ornithopter","Dream Catcher","theDuelist:YugiMirror","PreservedInsect"],"acts_visited":["Exordium","TheCity"],"potions_floor_usage":[33],"damage_taken":[{"damage":0.0,"enemies":"2 Louse","floor":1.0,"turns":1.0},{"damage":0.0,"enemies":"Cultist","floor":4.0,"turns":1.0},{"damage":0.0,"enemies":"3 Sentries","floor":6.0,"turns":1.0},{"damage":26.0,"enemies":"Gremlin Nob","floor":10.0,"turns":5.0},{"damage":0.0,"enemies":"Jaw Worm","floor":11.0,"turns":2.0},{"damage":2.0,"enemies":"Exordium Wildlife","floor":12.0,"turns":3.0},{"damage":0.0,"enemies":"3 Louse","floor":13.0,"turns":1.0},{"damage":0.0,"enemies":"Hexaghost","floor":16.0,"turns":10.0},{"damage":21.0,"enemies":"Shell Parasite","floor":18.0,"turns":9.0},{"damage":14.0,"enemies":"2 Thieves","floor":19.0,"turns":2.0},{"damage":5.0,"enemies":"Slavers","floor":23.0,"turns":8.0},{"damage":2.0,"enemies":"Chosen and Byrds","floor":25.0,"turns":3.0},{"damage":9.0,"enemies":"Snake Plant","floor":27.0,"turns":4.0},{"damage":4.0,"enemies":"Cultist and Chosen","floor":28.0,"turns":4.0},{"damage":33.0,"enemies":"Sentry and Sphere","floor":31.0,"turns":6.0},{"damage":70,"enemies":"hubris:MusketHawk","floor":33,"turns":6}],"seed_played":"4663072746159564327","potions_obtained":[{"floor":1.0,"key":"Guardian:BlockOnCardUsePotion"},{"floor":12.0,"key":"DuplicationPotion"},{"floor":16.0,"key":"DistilledChaos"},{"floor":27.0,"key":"ColorlessPotion"},{"floor":28.0,"key":"theDuelist:SolderPotionB"},{"floor":31.0,"key":"theDuelist:FreezingPotion"}],"is_trial":false,"path_per_floor":["M","?","$","M","T","E","R","$","T","E","M","M","M","?","R","B",null,"M","M","$","?","?","E","R","M","T","M","M","$","?","M","R","B"],"character_chosen":"THE_DUELIST","items_purchased":["theDuelist:MerchantPendant","theDuelist:Scapegoat","theDuelist:SummonAnchor","PreservedInsect","theDuelist:MiraculousDescent"],"campfire_rested":1,"item_purchase_floors":[8,8,20,29,29],"current_hp_per_floor":[80,74,74,74,74,74,74,74,74,48,48,48,48,48,48,56,80,64,52,52,46,53,52,52,50,50,43,39,39,39,11,37,0,0],"gold":67,"neow_bonus":"THREE_ENEMY_KILL","is_daily":false,"chose_seed":false,"campfire_upgraded":3,"win_rate":0.0,"timestamp":1613532175,"path_taken":["M","?","?","M","?","E","R","$","T","E","?","M","M","?","R","BOSS","M","?","$","?","?","E","R","M","T","M","?","$","?","?","R","BOSS"],"items_purchased_type":["Relic","Card","Relic","Relic","Card"],"build_version":"2020-12-22","purchased_purges":0,"victory":false,"max_hp_per_floor":[80,80,80,80,80,80,80,80,80,80,80,80,80,80,80,80,80,80,80,80,80,87,87,87,87,87,87,87,87,87,87,87,87,87],"card_choices":[{"not_picked":["theDuelist:Kabazauls","theDuelist:LavaDragon","theDuelist:BlackPtera","theDuelist:StarlightRoad"],"picked":"theDuelist:BeserkDragon","floor":1.0},{"not_picked":["theDuelist:BigFire","theDuelist:DianKeto","theDuelist:BigEye","theDuelist:HarpieFeather"],"picked":"theDuelist:BlueBloodedOni","floor":4.0},{"not_picked":["theDuelist:LightningDarts+1","theDuelist:PurplePainOni","theDuelist:ForbiddenChalice","theDuelist:BlueBloodedOni"],"picked":"theDuelist:BigFire+1","floor":6.0},{"not_picked":["theDuelist:BattleguardKing+1","theDuelist:BlockGolem","theDuelist:ForbiddenChalice","theDuelist:FeatherPho"],"picked":"theDuelist:LightningDarts+1","floor":10.0},{"not_picked":["theDuelist:MiraculousDescent","theDuelist:JurassicImpact","theDuelist:CyberLaserDragon","theDuelist:AutorokketDragon"],"picked":"theDuelist:DragonMirror","floor":11.0},{"not_picked":["theDuelist:BlueBloodedOni","theDuelist:BattleguardKing+1","theDuelist:DianKeto","theDuelist:Jinzo"],"picked":"theDuelist:BigFire+1","floor":12.0},{"not_picked":["theDuelist:BarrelDragon+1","theDuelist:Duoterion","theDuelist:AmuletDragon","theDuelist:AxeDespair"],"picked":"theDuelist:BackgroundDragon","floor":13.0},{"not_picked":["theDuelist:WaterDragon","theDuelist:TailSwipe+1","theDuelist:Scapegoat","theDuelist:ArmedProtectorDragon"],"picked":"theDuelist:ChimeratechOverdragon+1","floor":16.0},{"not_picked":["theDuelist:LesserDragon+1","theDuelist:SnowDragon","theDuelist:Beatraptor+1","theDuelist:MoltenDestruction+1"],"picked":"theDuelist:MirageDragon+1","floor":18.0},{"not_picked":["theDuelist:BattleguardKing+1","theDuelist:PreventRat","theDuelist:ForbiddenChalice","theDuelist:ShardGreed"],"picked":"theDuelist:RedMedicine","floor":19.0},{"not_picked":["theDuelist:BlackPtera+1","theDuelist:BarrelDragon+1","theDuelist:TrihornedDragon+1","theDuelist:Kabazauls+1"],"picked":"theDuelist:CyberTwinDragon+1","floor":23.0},{"not_picked":["Finesse","Impatience","Thinking Ahead"],"picked":"Mayhem+1","floor":25.0},{"not_picked":["theDuelist:DragonShield+1","theDuelist:ArmedDragon3","theDuelist:DarkfireDragon+1","theDuelist:AtomicScrapDragon+1"],"picked":"theDuelist:BarrelDragon+1","floor":27.0},{"not_picked":["theDuelist:TrihornedDragon+1","theDuelist:BlackPtera+1","theDuelist:BlackBrachios+1","theDuelist:CyberTwinDragon+1","theDuelist:BarrelDragon+1"],"picked":"SKIP","floor":28.0},{"not_picked":["theDuelist:LesserDragon+1","theDuelist:BabyDragon","theDuelist:CurseDragon+1","theDuelist:Earthquake+1","theDuelist:CloudianGhost"],"picked":"SKIP","floor":31.0},{"not_picked":["theDuelist:Beatraptor+1","theDuelist:Anthrosaurus"],"picked":"theDuelist:BlueEyes+1","floor":32.0}],"player_experience":1881258,"relics_obtained":[{"floor":5.0,"key":"Molten Egg 2"},{"floor":6.0,"key":"theDuelist:DragonRelic"},{"floor":9.0,"key":"hubris:BottledRain"},{"floor":10.0,"key":"hubris:AstralHammer"},{"floor":23.0,"key":"Toy Ornithopter"},{"floor":23.0,"key":"Dream Catcher"},{"floor":26.0,"key":"theDuelist:YugiMirror"}],"event_choices":[{"damage_healed":0.0,"max_hp_gain":0.0,"max_hp_loss":0.0,"gold_gain":0.0,"event_name":"Aknamkanon\u0027s Tomb","player_choice":"Dig - random Duelist relic","duelist":true,"floor":2.0,"gold_loss":0.0,"damage_taken":0.0},{"damage_healed":0.0,"max_hp_gain":0.0,"max_hp_loss":0.0,"gold_gain":0.0,"event_name":"Millennium Items","player_choice":"Took item - Received: Millennium Periapt","duelist":true,"floor":14.0,"gold_loss":0.0,"damage_taken":0.0},{"damage_healed":0.0,"max_hp_gain":0.0,"max_hp_loss":0.0,"gold_gain":0.0,"event_name":"Aknamkanon\u0027s Tomb","player_choice":"Dig - random Duelist relic","duelist":true,"floor":21.0,"gold_loss":0.0,"damage_taken":0.0},{"damage_healed":0.0,"max_hp_gain":0.0,"max_hp_loss":0.0,"gold_gain":0.0,"event_name":"WeMeetAgain","player_choice":"Gave Potion","floor":22.0,"gold_loss":0.0,"damage_taken":0.0,"relics_obtained":["Strawberry"]},{"damage_healed":0.0,"max_hp_gain":0.0,"max_hp_loss":0.0,"gold_gain":0.0,"cards_transformed":["theDuelist:Sparks"],"event_name":"Transmorgrifier","player_choice":"Transformed","floor":30.0,"gold_loss":0.0,"damage_taken":0.0,"cards_obtained":["theDuelist:WhiteHornDragon"]}],"is_beta":false,"boss_relics":[{"not_picked":["Calling Bell","hubris:VirtuousBlindfold"],"picked":"Black Star"}],"items_purged_floors":[],"is_endless":false,"potions_floor_spawned":[1,12,16,27,28,31],"killed_by":"hubris:MusketHawk","ascension_level":0}}