{"host":"h5fgmkg3q5qe8ocv","time":1613584109,"event":{"mods":["AchievementEnabler","BaseMod","Colored Map","Colored Powertips","Minty Spire (QoL Compilation)","Quick Restart"],"gold_per_floor":[117,117,117,117,136,175,198,229,255,255,65,89,127,152,152,281,344,358,382,75,75,27,27,71,71,117,150,163,184,202,202,202],"floor_reached":31,"language":"ENG","playtime":2015,"items_purged":[],"score":295,"play_id":"d2edab01-7edf-44a4-8c2f-2039b267e611","local_time":"20210217184829","is_ascension_mode":false,"campfire_choices":[{"data":"Armaments","floor":15,"key":"SMITH"},{"data":"Demon Form","floor":23,"key":"SMITH"},{"data":"Anger","floor":25,"key":"SMITH"}],"circlet_count":0,"master_deck":["Strike_R","Strike_R","Strike_R","Strike_R","Defend_R","Defend_R","Defend_R","Defend_R","Bash","Evolve+1","Anger+1","Shrug It Off","Ghostly Armor","Armaments+1","Demon Form+1","Iron Wave","Shrug It Off","Dark Embrace+1","Entrench+1","Flame Barrier"],"relics":["Burning Blood","Red Skull","Golden Idol","Bag of Preparation","Oddly Smooth Stone","Ancient Tea Set","HandDrill","TungstenRod","Tiny House","Calipers","White Beast Statue","Boot","Mummified Hand"],"acts_visited":["Exordium","TheCity"],"potions_floor_usage":[6,13,27,29,29,30,31],"damage_taken":[{"damage":0,"enemies":"2 Louse","floor":1,"turns":4},{"damage":6,"enemies":"Jaw Worm","floor":5,"turns":6},{"damage":34,"enemies":"Lagavulin","floor":6,"turns":8},{"damage":0,"enemies":"Cultist","floor":7,"turns":3},{"damage":15,"enemies":"Gremlin Nob","floor":8,"turns":4},{"damage":3,"enemies":"Exordium Thugs","floor":12,"turns":7},{"damage":6,"enemies":"Lagavulin","floor":13,"turns":5},{"damage":0,"enemies":"Looter","floor":14,"turns":3},{"damage":19,"enemies":"Slime Boss","floor":16,"turns":5},{"damage":8,"enemies":"Chosen","floor":18,"turns":8},{"damage":4,"enemies":"Shell Parasite","floor":19,"turns":10},{"damage":49,"enemies":"Gremlin Leader","floor":24,"turns":8},{"damage":38,"enemies":"Slavers","floor":27,"turns":7},{"damage":6,"enemies":"Cultist and Chosen","floor":28,"turns":6},{"damage":6,"enemies":"Shelled Parasite and Fungi","floor":29,"turns":7},{"damage":2,"enemies":"Snake Plant","floor":30,"turns":4},{"damage":3,"enemies":"Colosseum Slavers","floor":31,"turns":7},{"damage":64,"enemies":"Colosseum Nobs","floor":31,"turns":7}],"seed_played":"3232728393473836545","potions_obtained":[{"floor":3,"key":"CultistPotion"},{"floor":3,"key":"SpeedPotion"},{"floor":3,"key":"FairyPotion"},{"floor":6,"key":"HeartOfIron"},{"floor":16,"key":"PowerPotion"},{"floor":17,"key":"SpeedPotion"},{"floor":27,"key":"Block Potion"},{"floor":29,"key":"SneckoOil"},{"floor":30,"key":"LiquidMemories"}],"is_trial":false,"path_per_floor":["M","?","?","$","M","E","M","E","T","T","$","M","E","M","R","B",null,"M","M","$","?","$","R","E","R","T","E","M","M","M","?"],"character_chosen":"IRONCLAD","items_purchased":["Armaments","HandDrill","Calipers","Shrug It Off"],"campfire_rested":0,"item_purchase_floors":[11,11,20,22],"current_hp_per_floor":[80,60,60,60,60,32,38,29,29,29,29,32,32,38,38,25,85,83,85,85,85,85,85,42,42,42,10,10,10,14,0,0],"gold":202,"neow_bonus":"RANDOM_COMMON_RELIC","is_daily":false,"chose_seed":false,"campfire_upgraded":3,"win_rate":0.0,"timestamp":1613584109,"path_taken":["M","?","?","$","M","E","?","E","T","?","?","M","E","M","R","BOSS","M","M","$","?","$","R","E","R","T","E","M","?","M","?"],"items_purchased_type":["Card","Relic","Relic","Card"],"build_version":"2020-12-22","purchased_purges":0,"victory":false,"max_hp_per_floor":[80,80,80,80,80,80,80,80,80,80,80,80,80,80,80,80,85,85,85,85,85,85,85,85,85,85,85,85,85,85,85,85],"card_choices":[{"not_picked":["Flex","Warcry"],"picked":"Evolve","floor":1},{"not_picked":["Battle Trance","Whirlwind"],"picked":"Anger","floor":5},{"not_picked":["Power Through","Seeing Red"],"picked":"Shrug It Off","floor":6},{"not_picked":["Flex","Headbutt","Clothesline"],"picked":"SKIP","floor":7},{"not_picked":["Wild Strike","Flex"],"picked":"Ghostly Armor","floor":8},{"not_picked":["Anger","Rage"],"picked":"Demon Form","floor":12},{"not_picked":["Evolve","Rupture","Battle Trance"],"picked":"SKIP","floor":13},{"not_picked":["Dropkick","Wild Strike","Bloodletting"],"picked":"SKIP","floor":14},{"not_picked":["Carnage","Flex"],"picked":"Iron Wave","floor":17},{"not_picked":["Clothesline","Shockwave","Twin Strike"],"picked":"SKIP","floor":18},{"not_picked":["Ghostly Armor","Shockwave+1","Pommel Strike+1"],"picked":"SKIP","floor":19},{"not_picked":["Iron Wave","Clothesline","Spot Weakness"],"picked":"SKIP","floor":24},{"not_picked":["Spot Weakness","Pommel Strike+1","Clothesline"],"picked":"SKIP","floor":27},{"not_picked":["Blood for Blood+1","Fiend Fire"],"picked":"Dark Embrace+1","floor":28},{"not_picked":["Anger+1","Ghostly Armor"],"picked":"Entrench+1","floor":29},{"not_picked":["Battle Trance","Clothesline"],"picked":"Flame Barrier","floor":30}],"player_experience":54311,"relics_obtained":[{"floor":6,"key":"Bag of Preparation"},{"floor":8,"key":"Oddly Smooth Stone"},{"floor":9,"key":"Ancient Tea Set"},{"floor":13,"key":"TungstenRod"},{"floor":24,"key":"White Beast Statue"},{"floor":26,"key":"Boot"},{"floor":27,"key":"Mummified Hand"}],"event_choices":[{"damage_healed":0,"gold_gain":0,"player_choice":"Take Damage","damage_taken":20,"relics_obtained":["Golden Idol"],"max_hp_gain":0,"max_hp_loss":0,"event_name":"Golden Idol","floor":2,"gold_loss":0},{"damage_healed":0,"gold_gain":0,"player_choice":"Got Potions","damage_taken":0,"max_hp_gain":0,"max_hp_loss":0,"event_name":"Lab","floor":3,"gold_loss":0},{"cards_removed":["Strike_R"],"damage_healed":0,"gold_gain":0,"player_choice":"Offered Basic","damage_taken":0,"max_hp_gain":0,"max_hp_loss":0,"event_name":"Bonfire Elementals","floor":21,"gold_loss":0},{"damage_healed":0,"gold_gain":0,"player_choice":"Fight","damage_taken":0,"max_hp_gain":0,"max_hp_loss":0,"event_name":"Colosseum","floor":31,"gold_loss":0},{"damage_healed":0,"gold_gain":0,"player_choice":"Fought Nobs","damage_taken":0,"max_hp_gain":0,"max_hp_loss":0,"event_name":"Colosseum","floor":31,"gold_loss":0}],"is_beta":false,"boss_relics":[{"not_picked":["Velvet Choker","Ectoplasm"],"picked":"Tiny House"}],"items_purged_floors":[],"is_endless":false,"potions_floor_spawned":[6,7,16,18,24,27,28,29,30,31],"killed_by":"Colosseum Nobs","ascension_level":0}}