{"host":"my4gslufyvqsq7r2","time":1613591898,"event":{"mods":["BaseMod","Colored Powertips","Hubris","Infinite Spire","Minty Spire (QoL Compilation)","Replay The Spire","StSLib"],"gold_per_floor":[114,114,68,68,82,82,48,48,48,66,66,78,97,125,125,125,125],"floor_reached":16,"language":"ENG","playtime":2369,"items_purged":[],"score":110,"play_id":"a4c8cb47-c9b5-4360-a8d2-dfc1a64c6ed0","local_time":"20210217145818","is_ascension_mode":true,"campfire_choices":[{"data":"Dramatic Entrance","floor":6,"key":"SMITH"},{"data":"Backstab","floor":11,"key":"SMITH"},{"data":"Dodge and Roll","floor":15,"key":"SMITH"}],"circlet_count":0,"master_deck":["Strike_G","Strike_G","Strike_G","Strike_G","Strike_G","Defend_G","Defend_G","Defend_G","Defend_G","Survivor","Neutralize","Dramatic Entrance+1","Dagger Spray","Bouncing Flask","Backstab+1","Dagger Spray","Dodge and Roll+1"],"relics":["Ring of the Snake","HornCleat","hubris:SlimyHat"],"acts_visited":["Exordium"],"potions_floor_usage":[16,16],"damage_taken":[{"damage":3,"enemies":"Jaw Worm","floor":1,"turns":6},{"damage":0,"enemies":"2 Louse","floor":5,"turns":2},{"damage":0,"enemies":"Small Slimes","floor":10,"turns":1},{"damage":0,"enemies":"Exordium Thugs","floor":12,"turns":3},{"damage":0,"enemies":"2 Fungi Beasts","floor":13,"turns":1},{"damage":4,"enemies":"3 Sentries","floor":14,"turns":5},{"damage":69,"enemies":"Slime Boss","floor":16,"turns":13}],"seed_played":"-3380277176928709968","potions_obtained":[{"floor":10,"key":"GamblersBrew"},{"floor":13,"key":"ColorlessPotion"}],"is_trial":false,"path_per_floor":["M","?","?","?","M","R","$","?","T","M","R","M","M","E","R","B"],"character_chosen":"THE_SILENT","items_purchased":["Bouncing Flask"],"campfire_rested":0,"item_purchase_floors":[7],"current_hp_per_floor":[67,67,67,67,67,67,67,67,67,67,67,67,67,63,63,0,0],"gold":125,"neow_bonus":"RANDOM_COLORLESS","is_daily":false,"chose_seed":false,"campfire_upgraded":3,"win_rate":0.0,"timestamp":1613591898,"path_taken":["M","?","?","?","M","R","$","?","T","M","R","M","M","E","R","BOSS"],"items_purchased_type":["Card"],"build_version":"2020-12-22","purchased_purges":0,"victory":false,"max_hp_per_floor":[70,70,70,70,70,70,70,70,70,70,70,70,70,70,70,70,70],"card_choices":[{"not_picked":["Discovery","ReplayTheSpireMod:Private Reserves"],"picked":"Dramatic Entrance","floor":0},{"not_picked":["Flying Knee","ReplayTheSpireMod:The Works"],"picked":"Dagger Spray","floor":1},{"not_picked":["Escape Plan","hubris:SlightOfHand","Acrobatics"],"picked":"SKIP","floor":5},{"not_picked":["Well Laid Plans","Riddle With Holes","Accuracy"],"picked":"SKIP","floor":10},{"not_picked":["Leg Sweep","ReplayTheSpireMod:The Works"],"picked":"Dagger Spray","floor":12},{"not_picked":["Leg Sweep","ReplayTheSpireMod:Speed Training","Skewer"],"picked":"SKIP","floor":13},{"not_picked":["Sucker Punch","Blade Dance"],"picked":"Dodge and Roll","floor":14}],"player_experience":523041,"relics_obtained":[{"floor":9,"key":"HornCleat"},{"floor":14,"key":"hubris:SlimyHat"}],"event_choices":[{"damage_healed":0,"gold_gain":0,"player_choice":"Left Gold","damage_taken":0,"max_hp_gain":0,"max_hp_loss":0,"event_name":"World of Goop","floor":3,"gold_loss":46},{"damage_healed":0,"gold_gain":0,"cards_transformed":["Defend_G"],"player_choice":"Transformed","damage_taken":0,"max_hp_gain":0,"max_hp_loss":0,"event_name":"Transmorgrifier","floor":8,"gold_loss":0,"cards_obtained":["Backstab"]}],"is_beta":false,"boss_relics":[],"items_purged_floors":[],"is_endless":false,"potions_floor_spawned":[10,13],"killed_by":"Slime Boss","ascension_level":2}}