{"host":"omio3a71jojnapwg","time":1613545133,"event":{"mods":["Act Like it!","BaseMod","BetterRewards","Colored Map","Colored Powertips","Hermit","Hubris","Infinite Spire","Mad Scientist","Magitek Elite","Minty Spire (QoL Compilation)","Railgun Mod","ReimuÅiîé??öÎÅj","Replay The Spire","Robot Space Explorer","Spikes Relics","StSLib","Td1madao Mod","The Alterego","The Gatherer","The Necromancer","The Runesmith","The Servant 0.9.4","TheBandit","TheVacant"],"gold_per_floor":[114,124,136,136,13,13,41,55,128,24,59,59,78,97,97,202,252,264,174,186,18,18,18],"floor_reached":22,"language":"ENG","playtime":1535,"items_purged":["alterego_mod:BigMeatyClaws","alterego_mod:Strike"],"score":246,"play_id":"09159d22-4354-4017-8ec9-bb5918d0888b","local_time":"20210216225853","is_ascension_mode":false,"campfire_choices":[{"data":"alterego_mod:BrynhildrsRune","floor":6,"key":"SMITH"},{"data":"alterego_mod:Punishment","floor":12,"key":"SMITH"},{"data":"alterego_mod:RidiculouslyBig","floor":15,"key":"SMITH"}],"circlet_count":0,"master_deck":["alterego_mod:Strike","alterego_mod:Strike","alterego_mod:Strike","alterego_mod:Defend","alterego_mod:Defend","alterego_mod:Defend","alterego_mod:Defend","alterego_mod:BrynhildrsRune+1","alterego_mod:Punishment+1","alterego_mod:Mirror","alterego_mod:GachaTicket","alterego_mod:Cooking","alterego_mod:RidiculouslyBig+1","alterego_mod:Rip","alterego_mod:RocketPunch","alterego_mod:RocketPunch+1","alterego_mod:Cooking","alterego_mod:Cushion","alterego_mod:AlterEgo","alterego_mod:Punishment","alterego_mod:MagicResistance","alterego_mod:TrashNCrash","alterego_mod:SakuraFive"],"relics":["alterego_mod:MasochisticConstitution","MealTicket","Meat on the Bone","Pantograph","Tiny House"],"acts_visited":["Exordium","TheCity"],"potions_floor_usage":[7,11,18,20],"damage_taken":[{"damage":5,"enemies":"Cultist","floor":1,"turns":6},{"damage":9,"enemies":"Small Slimes","floor":2,"turns":6},{"damage":1,"enemies":"2 Louse","floor":3,"turns":4},{"damage":85,"enemies":"3 Sentries","floor":7,"turns":20},{"damage":0,"enemies":"Blue Slaver","floor":8,"turns":6},{"damage":39,"enemies":"Gremlin Nob","floor":11,"turns":7},{"damage":0,"enemies":"3 Louse","floor":13,"turns":6},{"damage":9,"enemies":"2 Fungi Beasts","floor":14,"turns":5},{"damage":0,"enemies":"The Guardian","floor":16,"turns":16},{"damage":54,"enemies":"Chosen","floor":18,"turns":12},{"damage":28,"enemies":"2 Thieves","floor":19,"turns":5},{"damage":39,"enemies":"3 Cultists","floor":20,"turns":10},{"damage":75,"enemies":"Chosen and Byrds","floor":22,"turns":8}],"seed_played":"6056678552026549904","potions_obtained":[{"floor":3,"key":"LifebloodPotion"},{"floor":7,"key":"Reflective Coating"},{"floor":11,"key":"CultistPotion"},{"floor":16,"key":"Explosive Potion"},{"floor":17,"key":"GamblersBrew"}],"is_trial":false,"path_per_floor":["M","M","M","?","$","R","E","M","T","$","E","R","M","M","R_BF","B",null,"M","M","M","$","M"],"character_chosen":"The_Alterego","items_purchased":["alterego_mod:Cooking","alterego_mod:RocketPunch","alterego_mod:Cooking","alterego_mod:SakuraFive"],"campfire_rested":0,"item_purchase_floors":[5,10,10,21],"current_hp_per_floor":[71,72,72,72,72,72,12,22,22,37,21,21,48,60,60,76,81,52,43,44,59,0,0],"gold":18,"neow_bonus":"REMOVE_CARD","is_daily":false,"chose_seed":false,"campfire_upgraded":3,"win_rate":0.0,"timestamp":1613545133,"path_taken":["M","?","M","?","$","R","E","?","T","$","E","R","M","M","R_BF","BOSS","M","M","M","$","M"],"items_purchased_type":["Card","Card","Card","Card"],"build_version":"2020-12-22","purchased_purges":2,"victory":false,"max_hp_per_floor":[71,72,73,73,73,73,74,74,74,74,75,75,75,76,76,76,81,82,83,84,84,84,84],"card_choices":[{"not_picked":["alterego_mod:Complex","alterego_mod:Skirt"],"picked":"alterego_mod:Punishment","floor":1},{"not_picked":["alterego_mod:ChallengeComplete","alterego_mod:Smother"],"picked":"alterego_mod:Mirror","floor":2},{"not_picked":["alterego_mod:Punishment","alterego_mod:Maid"],"picked":"alterego_mod:GachaTicket","floor":3},{"not_picked":["alterego_mod:GachaTicket","alterego_mod:GIGAMILK"],"picked":"alterego_mod:RidiculouslyBig","floor":7},{"not_picked":["alterego_mod:Cooking","alterego_mod:Santa"],"picked":"alterego_mod:Rip","floor":8},{"not_picked":["alterego_mod:GoddessCore","alterego_mod:Exercise"],"picked":"alterego_mod:Cushion","floor":11},{"not_picked":["alterego_mod:SakuraLabyrinth","alterego_mod:DiscoLights","alterego_mod:Pet"],"picked":"SKIP","floor":13},{"not_picked":["alterego_mod:HighServant","alterego_mod:RidiculouslyBig","alterego_mod:Cycle"],"picked":"SKIP","floor":14},{"not_picked":["alterego_mod:RingBreak","alterego_mod:Antipathy"],"picked":"alterego_mod:AlterEgo","floor":16},{"not_picked":["alterego_mod:DeftHands","alterego_mod:Pet"],"picked":"alterego_mod:Punishment","floor":17},{"not_picked":["alterego_mod:PerceptionDisorder","alterego_mod:Jiggle"],"picked":"alterego_mod:MagicResistance","floor":18},{"not_picked":["alterego_mod:DiscoLights","alterego_mod:GoddessCore","alterego_mod:GIGAMILK"],"picked":"SKIP","floor":19},{"not_picked":["alterego_mod:BeGentle","alterego_mod:BiFurious"],"picked":"alterego_mod:TrashNCrash","floor":20}],"player_experience":278340,"relics_obtained":[{"floor":7,"key":"MealTicket"},{"floor":9,"key":"Meat on the Bone"},{"floor":11,"key":"Pantograph"}],"event_choices":[{"damage_healed":0,"gold_gain":0,"player_choice":"Ignored","damage_taken":0,"max_hp_gain":0,"max_hp_loss":0,"event_name":"NoteForYourself","floor":4,"gold_loss":0}],"is_beta":false,"boss_relics":[{"not_picked":["Replay:Ancient Bell","Runic Dome"],"picked":"Tiny House"}],"items_purged_floors":[5,21],"is_endless":false,"potions_floor_spawned":[3,7,11,16],"killed_by":"Chosen and Byrds","ascension_level":0}}