{"host":"8eqe2o2g03nh9rfw","time":1613532713,"event":{"mods":["AchievementEnabler","AlwaysNeverKeys","BaseMod","Better Third Choice","Block Reminder","Colored Map","Colored Powertips","GifTheSpireLib","Minty Spire (QoL Compilation)","Permanent Neow","Quick Restart","StSLib","Weighted Paths"],"gold_per_floor":[114,114,39,54,54,54,84,84,84,99,114,129,144,159,159,259,259,274,274,289,78,78,78,408,423,498,80,95,95,110,125,125,125,125],"floor_reached":33,"language":"ENG","playtime":1654,"items_purged":[],"score":296,"play_id":"b7131514-47d9-47e3-b682-e70bcf1ebf8a","local_time":"20210216223153","daily_mods":["Chimera","Uncertain Future","Terminal"],"is_ascension_mode":false,"campfire_choices":[{"floor":6,"key":"REST"},{"data":"Eruption","floor":8,"key":"SMITH"},{"floor":15,"key":"REST"},{"floor":23,"key":"DIG"},{"floor":29,"key":"REST"},{"data":"WindmillStrike","floor":32,"key":"SMITH"}],"circlet_count":0,"master_deck":["Bash","Survivor","Zap","Eruption+1","Strike_G","Strike_B","Defend_G","Defend_P","Protect","Finisher","Bludgeon+1","EmptyFist","EmptyBody","BowlingBash","Halt","JustLucky","FearNoEvil","ClearTheMind","ForeignInfluence","Judgement","CurseOfTheBell","Tantrum","InnerPeace","EmptyBody","Conclude","Trip","WindmillStrike+1","Indignation","Necronomicurse","FlurryOfBlows","FlurryOfBlows","Consecrate","Violence","CutThroughFate","Meditate","FollowUp"],"relics":["PureWater","Calipers","White Beast Statue","Kunai","HornCleat","Calling Bell","Toy Ornithopter","Letter Opener","Shovel","Necronomicon","FossilizedHelix","Old Coin","Matryoshka","Lantern"],"acts_visited":["Exordium","TheCity"],"potions_floor_usage":[14,16,16,28,28,28,28,28,30,30,33,33],"damage_taken":[{"damage":3,"enemies":"2 Louse","floor":1,"turns":3},{"damage":0,"enemies":"Small Slimes","floor":4,"turns":2},{"damage":6,"enemies":"3 Sentries","floor":7,"turns":8},{"damage":0,"enemies":"Cultist","floor":10,"turns":2},{"damage":0,"enemies":"Looter","floor":11,"turns":1},{"damage":7,"enemies":"2 Fungi Beasts","floor":12,"turns":2},{"damage":0,"enemies":"Blue Slaver","floor":13,"turns":1},{"damage":0,"enemies":"Red Slaver","floor":14,"turns":4},{"damage":15,"enemies":"Hexaghost","floor":16,"turns":9},{"damage":0,"enemies":"Spheric Guardian","floor":18,"turns":1},{"damage":5,"enemies":"2 Thieves","floor":20,"turns":3},{"damage":20,"enemies":"Book of Stabbing","floor":24,"turns":4},{"damage":10,"enemies":"Cultist and Chosen","floor":25,"turns":4},{"damage":14,"enemies":"Snake Plant","floor":28,"turns":2},{"damage":0,"enemies":"Shelled Parasite and Fungi","floor":30,"turns":4},{"damage":2,"enemies":"Centurion and Healer","floor":31,"turns":4},{"damage":49,"enemies":"Automaton","floor":33,"turns":6}],"seed_played":"6706742764168558924","potions_obtained":[{"floor":1,"key":"DistilledChaos"},{"floor":4,"key":"DuplicationPotion"},{"floor":7,"key":"Ancient Potion"},{"floor":10,"key":"Block Potion"},{"floor":11,"key":"ColorlessPotion"},{"floor":14,"key":"Regen Potion"},{"floor":16,"key":"SpeedPotion"},{"floor":18,"key":"EntropicBrew"},{"floor":28,"key":"CultistPotion"},{"floor":30,"key":"Ambrosia"},{"floor":31,"key":"Regen Potion"}],"is_trial":false,"path_per_floor":["M","?","$","M","?","R","E","R","T","M","M","M","M","M","R","B",null,"M","?","M","$","?","R","E","M","T","$","M","R","M","M","R","B"],"character_chosen":"WATCHER","items_purchased":["EmptyFist","EmptyBody","Trip","WindmillStrike","Indignation","Lantern","Consecrate","Violence","CutThroughFate"],"campfire_rested":3,"item_purchase_floors":[3,3,21,21,21,27,27,27,27],"current_hp_per_floor":[68,39,39,39,39,58,52,52,52,52,52,45,45,45,56,50,54,53,52,47,47,31,31,11,1,1,1,12,24,34,32,32,0,0],"gold":125,"neow_bonus":"","is_daily":true,"chose_seed":false,"campfire_upgraded":2,"win_rate":0.0,"timestamp":1613532713,"path_taken":["M","?","$","M","?","R","E","R","T","M","M","M","?","M","R","BOSS","M","?","M","$","?","R","E","M","T","?","M","R","M","M","R","BOSS"],"items_purchased_type":["Card","Card","Card","Card","Card","Relic","Card","Card","Card"],"build_version":"2020-12-22","purchased_purges":0,"victory":false,"max_hp_per_floor":[70,69,68,67,66,65,64,63,62,61,60,59,58,57,56,55,54,53,52,51,50,49,48,47,46,45,44,43,42,41,40,39,39,39],"card_choices":[{"not_picked":["DeceiveReality","Wallop"],"picked":"Protect","floor":1},{"not_picked":["Wireheading","Evaluate"],"picked":"BowlingBash","floor":4},{"not_picked":["Crescendo","Nirvana"],"picked":"Halt","floor":7},{"not_picked":["BowlingBash","Pray"],"picked":"JustLucky","floor":10},{"not_picked":["BowlingBash","JustLucky"],"picked":"FearNoEvil","floor":11},{"not_picked":["CarveReality","Weave"],"picked":"ClearTheMind","floor":12},{"not_picked":["Brilliance","FlyingSleeves","Vengeance"],"picked":"SKIP","floor":13},{"not_picked":["ThirdEye","CutThroughFate"],"picked":"ForeignInfluence","floor":14},{"not_picked":["SpiritShield","DevaForm"],"picked":"Judgement","floor":16},{"not_picked":["EmptyFist","BattleHymn+1"],"picked":"Tantrum","floor":18},{"not_picked":["DeceiveReality","Consecrate"],"picked":"Conclude","floor":20},{"not_picked":["Adaptation+1","Judgement"],"picked":"FlurryOfBlows","floor":24},{"not_picked":["DeceiveReality","Consecrate"],"picked":"FlurryOfBlows","floor":25},{"not_picked":["Protect","SandsOfTime"],"picked":"Meditate","floor":28},{"not_picked":["Evaluate","CutThroughFate"],"picked":"FollowUp","floor":30},{"not_picked":["Meditate","Protect","EmptyBody"],"picked":"SKIP","floor":31}],"player_experience":136905,"relics_obtained":[{"floor":7,"key":"Kunai"},{"floor":9,"key":"HornCleat"},{"floor":17,"key":"Toy Ornithopter"},{"floor":17,"key":"Letter Opener"},{"floor":17,"key":"Shovel"},{"floor":22,"key":"Necronomicon"},{"floor":23,"key":"FossilizedHelix"},{"floor":24,"key":"Old Coin"},{"floor":26,"key":"Matryoshka"}],"event_choices":[{"damage_healed":0,"gold_gain":0,"player_choice":"Upgraded","damage_taken":0,"max_hp_gain":0,"max_hp_loss":0,"event_name":"Upgrade Shrine","floor":5,"gold_loss":0,"cards_upgraded":["Bludgeon"]},{"damage_healed":0,"gold_gain":0,"cards_transformed":["Defend_R","Strike_R"],"player_choice":"Became Test Subject","damage_taken":0,"max_hp_gain":0,"max_hp_loss":0,"event_name":"Drug Dealer","floor":19,"gold_loss":0,"cards_obtained":["InnerPeace","EmptyBody"]},{"damage_healed":0,"gold_gain":0,"player_choice":"Obtained Book","damage_taken":16,"max_hp_gain":0,"max_hp_loss":0,"event_name":"Cursed Tome","floor":22,"gold_loss":0}],"is_beta":false,"boss_relics":[{"not_picked":["Astrolabe","Snecko Eye"],"picked":"Calling Bell"}],"items_purged_floors":[],"is_endless":false,"potions_floor_spawned":[1,4,7,10,11,12,13,14,16,18,20,24,25,28,30,31],"killed_by":"Automaton","ascension_level":0}}