{"host":"4mtkxmludbi9f02d","time":1613595882,"event":{"mods":["BaseMod","Minty Spire (QoL Compilation)","StSLib"],"gold_per_floor":[111,36,36,36,36,69,69,85,85,85,95,20,30,45,45,150,150,166,436,130,145,145,145,162,162,210,240,240,50,65,65,65,167,167,177,177,177],"floor_reached":36,"language":"ENG","playtime":2006,"items_purged":["Strike_P","Defend_P","Strike_P"],"score":399,"play_id":"e4403199-c3f9-46a2-a9b8-5c9f684b7797","local_time":"20210217170442","is_ascension_mode":true,"campfire_choices":[{"data":"DevaForm","floor":7,"key":"SMITH"},{"floor":10,"key":"REST"},{"floor":15,"key":"REST"},{"floor":23,"key":"REST"},{"floor":25,"key":"REST"},{"floor":28,"key":"REST"},{"floor":32,"key":"REST"}],"circlet_count":0,"master_deck":["Defend_P","Defend_P","Defend_P","Eruption","Vigilance","PathToVictory","PanicButton","BattleHymn","DevaForm+1","PathToVictory","PathToVictory","Wish"],"relics":["PureWater","Art of War","Bottled Tornado","Pantograph","VioletLotus","Membership Card","Vajra","Juzu Bracelet","Damaru","Bottled Lightning","HornCleat"],"acts_visited":["Exordium","TheCity","TheBeyond"],"potions_floor_usage":[14,21,24,27,27,33,35,36],"damage_taken":[{"damage":0,"enemies":"Cultist","floor":1,"turns":5},{"damage":10,"enemies":"Lagavulin","floor":6,"turns":7},{"damage":14,"enemies":"Small Slimes","floor":8,"turns":3},{"damage":0,"enemies":"2 Louse","floor":11,"turns":4},{"damage":39,"enemies":"Gremlin Gang","floor":13,"turns":7},{"damage":13,"enemies":"Red Slaver","floor":14,"turns":4},{"damage":14,"enemies":"The Guardian","floor":16,"turns":6},{"damage":11,"enemies":"Shell Parasite","floor":18,"turns":4},{"damage":5,"enemies":"3 Byrds","floor":21,"turns":5},{"damage":26,"enemies":"Centurion and Healer","floor":24,"turns":5},{"damage":44,"enemies":"Slavers","floor":27,"turns":7},{"damage":9,"enemies":"Snake Plant","floor":30,"turns":4},{"damage":22,"enemies":"Collector","floor":33,"turns":7},{"damage":16,"enemies":"Orb Walker","floor":35,"turns":4},{"damage":77,"enemies":"2 Orb Walkers","floor":36,"turns":4}],"seed_played":"6407588133964076508","potions_obtained":[{"floor":11,"key":"Dexterity Potion"},{"floor":16,"key":"ColorlessPotion"},{"floor":24,"key":"SpeedPotion"},{"floor":30,"key":"BlessingOfTheForge"},{"floor":33,"key":"GamblersBrew"},{"floor":35,"key":"Explosive Potion"}],"is_trial":false,"path_per_floor":["M","$","?","?","?","E","R","M","T","R","M","$","M","M","R","B",null,"M","?","$","M","?","R","M","R","T","E","R","$","M","?","R","B",null,"M","?"],"character_chosen":"WATCHER","items_purchased":["Regen Potion","Membership Card","Vajra","Block Potion","HornCleat"],"campfire_rested":6,"item_purchase_floors":[12,20,20,20,29],"current_hp_per_floor":[72,72,65,70,70,60,60,46,46,69,69,69,30,29,52,63,77,66,39,39,34,34,57,31,54,54,10,33,33,24,24,47,50,77,61,0,0],"gold":177,"neow_bonus":"RANDOM_COMMON_RELIC","is_daily":false,"chose_seed":false,"campfire_upgraded":1,"win_rate":0.0,"timestamp":1613595882,"path_taken":["M","$","?","?","?","E","R","?","T","R","M","?","M","M","R","BOSS","M","?","?","M","?","R","M","R","T","E","R","$","M","?","R","BOSS","M","?"],"items_purchased_type":["Potion","Relic","Relic","Potion","Relic"],"build_version":"2020-12-22","purchased_purges":3,"victory":false,"max_hp_per_floor":[72,72,72,77,77,77,77,77,77,77,77,77,77,77,77,77,77,77,77,77,77,77,77,77,77,77,77,77,77,77,77,77,77,77,77,77,77],"card_choices":[{"not_picked":["Evaluate","CrushJoints"],"picked":"PathToVictory","floor":1},{"not_picked":["SpiritShield","Fasting2","Prostrate"],"picked":"SKIP","floor":6},{"not_picked":["Evaluate","JustLucky","CutThroughFate"],"picked":"SKIP","floor":8},{"not_picked":["LikeWater","CutThroughFate","ClearTheMind"],"picked":"SKIP","floor":11},{"not_picked":["BattleHymn","Study"],"picked":"PathToVictory","floor":13},{"not_picked":["EmptyFist","ClearTheMind"],"picked":"PathToVictory","floor":14},{"not_picked":["SpiritShield","Ragnarok"],"picked":"Wish","floor":16},{"not_picked":["Prostrate","WheelKick","EmptyBody"],"picked":"SKIP","floor":18},{"not_picked":["Weave","FollowUp","Protect+1"],"picked":"SKIP","floor":21},{"not_picked":["Indignation","EmptyBody","ReachHeaven"],"picked":"SKIP","floor":24},{"not_picked":["SashWhip+1","Consecrate","DevaForm"],"picked":"SKIP","floor":27},{"not_picked":["Crescendo","Consecrate","Pray"],"picked":"SKIP","floor":30},{"not_picked":["Meditate","FlurryOfBlows","Wallop"],"picked":"SKIP","floor":35}],"player_experience":298592,"relics_obtained":[{"floor":6,"key":"Bottled Tornado"},{"floor":9,"key":"Pantograph"},{"floor":26,"key":"Damaru"},{"floor":27,"key":"Bottled Lightning"}],"event_choices":[{"cards_removed":["Strike_P"],"damage_healed":0,"gold_gain":0,"player_choice":"Card Removal","damage_taken":7,"max_hp_gain":0,"max_hp_loss":0,"event_name":"Golden Wing","floor":3,"gold_loss":0},{"damage_healed":0,"gold_gain":0,"player_choice":"Donut","damage_taken":0,"max_hp_gain":5,"max_hp_loss":0,"event_name":"Big Fish","floor":4,"gold_loss":0},{"damage_healed":0,"gold_gain":0,"player_choice":"3 cards matched","damage_taken":0,"max_hp_gain":0,"max_hp_loss":0,"event_name":"Match and Keep!","floor":5,"gold_loss":0,"cards_obtained":["PanicButton","BattleHymn","DevaForm"]},{"damage_healed":0,"gold_gain":270,"player_choice":"GOLD GOLD GOLD ","damage_taken":27,"max_hp_gain":0,"max_hp_loss":0,"event_name":"Knowing Skull","floor":19,"potions_obtained":[],"gold_loss":0,"cards_obtained":[]},{"damage_healed":0,"gold_gain":270,"player_choice":"GOLD GOLD GOLD ","damage_taken":27,"max_hp_gain":0,"max_hp_loss":0,"event_name":"Knowing Skull","floor":19,"potions_obtained":[],"gold_loss":0,"cards_obtained":[]},{"damage_healed":0,"gold_gain":0,"player_choice":"Opened","damage_taken":0,"relics_obtained":["Juzu Bracelet"],"max_hp_gain":0,"max_hp_loss":0,"event_name":"The Mausoleum","floor":22,"gold_loss":0},{"cards_removed":["Strike_P"],"damage_healed":0,"gold_gain":0,"player_choice":"Purged","damage_taken":0,"max_hp_gain":0,"max_hp_loss":0,"event_name":"Purifier","floor":31,"gold_loss":0},{"damage_healed":0,"gold_gain":0,"player_choice":"Fight","damage_taken":0,"max_hp_gain":0,"max_hp_loss":0,"event_name":"Mysterious Sphere","floor":36,"gold_loss":0}],"is_beta":false,"boss_relics":[{"not_picked":["Sozu","Fusion Hammer"],"picked":"VioletLotus"},{"not_picked":["Astrolabe","Empty Cage","Coffee Dripper"]}],"items_purged_floors":[2,20,29],"is_endless":false,"potions_floor_spawned":[6,11,16,24,30,33,35],"killed_by":"2 Orb Walkers","ascension_level":1}}