{"host":"wmojtwekh6s3tor5","time":1613584179,"event":{"mods":["BaseMod","Colored Map","Colored Powertips","DeckTracker","Highlight Path","Minty Spire (QoL Compilation)","Quick Restart","StSLib"],"gold_per_floor":[110,110,13,13,33,33,33,33,33,33,52,70,70,95,95,220,220,239,274,274,299,299,299,323,323,391,414,7,7,7,32,32,152,152,170,185,185,206,206,241,241,254,254,270,270,295,295,295,295,295],"floor_reached":51,"language":"ZHS","playtime":3364,"items_purged":["Choke"],"score":1025,"play_id":"9cc82619-45d7-43c7-b767-e1341a6f5583","local_time":"20210218014939","is_ascension_mode":true,"campfire_choices":[{"data":"Footwork","floor":6.0,"key":"SMITH"},{"data":"Neutralize","floor":8.0,"key":"SMITH"},{"data":"Quick Slash","floor":13.0,"key":"SMITH"},{"data":"Heel Hook","floor":15.0,"key":"SMITH"},{"data":"Calculated Gamble","floor":23.0,"key":"SMITH"},{"floor":25.0,"key":"REST"},{"floor":29.0,"key":"REST"},{"data":"Panache","floor":32.0,"key":"SMITH"},{"floor":41,"key":"REST"},{"floor":45,"key":"REST"},{"floor":47,"key":"REST"},{"data":"Blade Dance","floor":49,"key":"SMITH"}],"circlet_count":0,"master_deck":["Survivor","Neutralize+1","Heel Hook+1","Flash of Steel+1","Footwork+1","Quick Slash+1","Backflip","Reflex","Flying Knee","Storm of Steel","Slice","Calculated Gamble+1","After Image+1","Crippling Poison","Blade Dance+1","Deflect","Expertise","Panache+1","Blur+1"],"relics":["SacredBark","Golden Idol","Mummified Hand","Pandora\u0027s Box","Red Mask","Question Card","Nunchaku","Black Star","Mercury Hourglass","Frozen Egg 2","StoneCalendar"],"acts_visited":["Exordium","TheCity","TheBeyond"],"potions_floor_usage":[40,50],"damage_taken":[{"damage":6.0,"enemies":"Jaw Worm","floor":1.0,"turns":6.0},{"damage":0.0,"enemies":"2 Louse","floor":5.0,"turns":4.0},{"damage":1.0,"enemies":"Small Slimes","floor":11.0,"turns":3.0},{"damage":6.0,"enemies":"2 Fungi Beasts","floor":12.0,"turns":4.0},{"damage":0.0,"enemies":"Red Slaver","floor":14.0,"turns":4.0},{"damage":17.0,"enemies":"Hexaghost","floor":16.0,"turns":12.0},{"damage":0.0,"enemies":"Spheric Guardian","floor":18.0,"turns":3.0},{"damage":1.0,"enemies":"Masked Bandits","floor":19.0,"turns":4.0},{"damage":8.0,"enemies":"Shell Parasite","floor":21.0,"turns":4.0},{"damage":15.0,"enemies":"Shelled Parasite and Fungi","floor":24.0,"turns":4.0},{"damage":13.0,"enemies":"Snake Plant","floor":27.0,"turns":6.0},{"damage":0.0,"enemies":"Chosen and Byrds","floor":31.0,"turns":3.0},{"damage":0.0,"enemies":"Automaton","floor":33.0,"turns":6.0},{"damage":8.0,"enemies":"Orb Walker","floor":35.0,"turns":3.0},{"damage":0.0,"enemies":"3 Shapes","floor":36.0,"turns":4.0},{"damage":23,"enemies":"Writhing Mass","floor":38,"turns":9},{"damage":33,"enemies":"Nemesis","floor":40,"turns":7},{"damage":0,"enemies":"Sphere and 2 Shapes","floor":42,"turns":1},{"damage":0,"enemies":"Transient","floor":44,"turns":5},{"damage":0,"enemies":"Maw","floor":46,"turns":5},{"damage":5,"enemies":"Donu and Deca","floor":50,"turns":7}],"seed_played":"-7893115039917837352","potions_obtained":[{"floor":1.0,"key":"SteroidPotion"},{"floor":12.0,"key":"SteroidPotion"},{"floor":14.0,"key":"Explosive Potion"},{"floor":21.0,"key":"SteroidPotion"},{"floor":33.0,"key":"Weak Potion"},{"floor":38,"key":"SteroidPotion"},{"floor":42,"key":"FearPotion"}],"is_trial":false,"path_per_floor":["M","?","$","?","M","R","?","R","T","?","M","M","R","M","R","B",null,"M","?","?","M","?","R","M","R","T","M","$","R","$","M","R","B",null,"M","M","?","M","?","E","R","M","T","M","R","M","R","?","R","B",null],"character_chosen":"THE_SILENT","items_purchased":["Flash of Steel","Panache","Nunchaku"],"campfire_rested":5,"item_purchase_floors":[3,28,28],"current_hp_per_floor":[57,40,40,40,40,40,63,63,63,63,62,56,56,56,56,39,62,62,61,61,53,53,53,38,59,59,46,46,67,67,67,67,67,69,61,61,61,38,38,5,26,26,26,26,47,47,68,68,68,63],"gold":295,"neow_bonus":"BOSS_RELIC","is_daily":false,"chose_seed":false,"campfire_upgraded":7,"win_rate":0.0,"timestamp":1613584179,"path_taken":["M","?","$","?","M","R","?","R","T","?","M","?","R","M","R","BOSS","M","?","?","M","?","R","?","R","T","M","$","R","$","M","R","BOSS","M","M","?","M","?","E","R","?","T","?","R","M","R","?","R","BOSS"],"items_purchased_type":["Card","Card","Relic"],"build_version":"2020-12-22","purchased_purges":1,"victory":true,"max_hp_per_floor":[70,70,70,70,70,70,70,70,70,70,70,70,70,70,70,70,70,70,70,70,70,70,70,70,70,70,70,70,70,70,70,70,70,70,70,70,70,70,70,70,70,70,70,70,70,70,70,70,70,70],"card_choices":[{"not_picked":["Dagger Spray","Sucker Punch"],"picked":"Heel Hook","floor":1.0},{"not_picked":["Dodge and Roll","Sucker Punch"],"picked":"Footwork","floor":5.0},{"not_picked":["Prepared","PiercingWail"],"picked":"Quick Slash","floor":11.0},{"not_picked":["Sucker Punch","Bane"],"picked":"Backflip","floor":12.0},{"not_picked":["Predator","Flying Knee","Endless Agony"],"picked":"SKIP","floor":14.0},{"not_picked":["Storm of Steel","Night Terror"],"picked":"Grand Finale","floor":16.0},{"not_picked":["PiercingWail+1","Choke","Deflect"],"picked":"SKIP","floor":18.0},{"not_picked":["PiercingWail+1","Choke"],"picked":"Deflect","floor":18.0},{"not_picked":["Accuracy","Heel Hook"],"picked":"Expertise","floor":19.0},{"not_picked":["Underhanded Strike+1","Quick Slash+1","Heel Hook"],"picked":"SKIP","floor":21.0},{"not_picked":["Dagger Spray","Masterful Stab","Underhanded Strike"],"picked":"SKIP","floor":24.0},{"not_picked":["Predator+1","Underhanded Strike","PiercingWail","Envenom"],"picked":"SKIP","floor":27.0},{"not_picked":["Deflect","Slice","Crippling Poison","PiercingWail"],"picked":"SKIP","floor":31.0},{"not_picked":["Underhanded Strike","Infinite Blades+1","Cloak And Dagger+1","Outmaneuver+1"],"picked":"SKIP","floor":35.0},{"not_picked":["Sucker Punch+1","Blade Dance+1","Underhanded Strike+1","Catalyst"],"picked":"SKIP","floor":36.0},{"not_picked":["Blur+1","Slice","Accuracy","Dagger Spray"],"picked":"SKIP","floor":38},{"not_picked":["Blade Dance+1","Backstab+1","Backflip","Quick Slash"],"picked":"SKIP","floor":40},{"not_picked":["Dagger Spray+1","Underhanded Strike","Flechettes"],"picked":"Blur+1","floor":42},{"not_picked":["Tactician","Setup","Sucker Punch","Tools of the Trade+1"],"picked":"SKIP","floor":44},{"not_picked":["Poisoned Stab","Concentrate+1","Endless Agony","All Out Attack+1"],"picked":"SKIP","floor":46}],"player_experience":665078,"relics_obtained":[{"floor":9.0,"key":"Mummified Hand"},{"floor":19.0,"key":"Red Mask"},{"floor":26.0,"key":"Question Card"},{"floor":40,"key":"Mercury Hourglass"},{"floor":40,"key":"Frozen Egg 2"},{"floor":43,"key":"StoneCalendar"}],"event_choices":[{"damage_healed":0.0,"max_hp_gain":0.0,"max_hp_loss":0.0,"gold_gain":0.0,"event_name":"Golden Idol","player_choice":"Take Damage","floor":2.0,"gold_loss":0.0,"damage_taken":17.0,"relics_obtained":["Golden Idol"]},{"cards_removed":["Defend_G"],"damage_healed":0.0,"max_hp_gain":0.0,"max_hp_loss":0.0,"gold_gain":0.0,"event_name":"Living Wall","player_choice":"Forget","floor":4.0,"gold_loss":0.0,"damage_taken":0.0},{"damage_healed":23.0,"max_hp_gain":0.0,"max_hp_loss":0.0,"gold_gain":0.0,"event_name":"Big Fish","player_choice":"Banana","floor":7.0,"gold_loss":0.0,"damage_taken":0.0},{"damage_healed":0.0,"max_hp_gain":0.0,"max_hp_loss":0.0,"gold_gain":0.0,"event_name":"Upgrade Shrine","player_choice":"Upgraded","floor":10.0,"gold_loss":0.0,"damage_taken":0.0,"cards_upgraded":["Flash of Steel"]},{"damage_healed":0.0,"max_hp_gain":0.0,"max_hp_loss":0.0,"gold_gain":0.0,"event_name":"Masked Bandits","player_choice":"Fought Bandits","floor":19.0,"gold_loss":0.0,"damage_taken":0.0},{"damage_healed":0.0,"max_hp_gain":0.0,"max_hp_loss":0.0,"gold_gain":0.0,"event_name":"Vampires","player_choice":"Ignored","floor":20.0,"gold_loss":0.0,"damage_taken":0.0},{"cards_removed":["Grand Finale"],"damage_healed":0.0,"max_hp_gain":0.0,"max_hp_loss":0.0,"gold_gain":0.0,"event_name":"Purifier","player_choice":"Purged","floor":22.0,"gold_loss":0.0,"damage_taken":0.0},{"damage_healed":0.0,"max_hp_gain":0.0,"max_hp_loss":0.0,"gold_gain":0.0,"event_name":"SensoryStone","player_choice":"Memory 1","floor":37.0,"gold_loss":0.0,"damage_taken":0.0},{"damage_healed":0,"gold_gain":0,"player_choice":"Upgraded","damage_taken":0,"max_hp_gain":0,"max_hp_loss":0,"event_name":"Upgrade Shrine","floor":39,"gold_loss":0,"cards_upgraded":["After Image"]},{"damage_healed":0,"gold_gain":0,"player_choice":"Ignored","damage_taken":0,"max_hp_gain":0,"max_hp_loss":0,"event_name":"The Moai Head","floor":48,"gold_loss":0}],"is_beta":false,"boss_relics":[{"not_picked":["Philosopher\u0027s Stone","Runic Pyramid"],"picked":"Pandora\u0027s Box"},{"not_picked":["Fusion Hammer","HoveringKite"],"picked":"Black Star"}],"items_purged_floors":[28],"is_endless":false,"potions_floor_spawned":[1,12,14,21,33,38,42,44],"ascension_level":6}}