{"host":"ia9e4s524g7bamk7","time":1613582794,"event":{"mods":["AchievementEnabler","BaseMod","Colored Map","Minty Spire (QoL Compilation)","Permanent Neow","Slay-I","slay the spire mod where everything is the same but ironclad has a cowboy hat"],"gold_per_floor":[117,128,206,217,198,223,236,271,271,288,299,38,69,86,86,184,184,200,233,248,267,92,92,121,121,175,206,206,206,216,216,216,317,317,332,554,554,566,576,603,603,603,656,656,688,688,688,738,738,738,738,738,143,177,177],"floor_reached":56,"language":"ENG","playtime":4677,"items_purged":["Strike_G"],"score":1538,"play_id":"b70b581b-eb6e-462b-bf16-8a01d7ec820e","local_time":"20210217182634","is_ascension_mode":true,"campfire_choices":[{"floor":15.0,"key":"REST"},{"data":"Accuracy","floor":23.0,"key":"SMITH"},{"floor":25.0,"key":"REST"},{"data":"Accuracy","floor":32.0,"key":"SMITH"},{"floor":41,"key":"REST"},{"data":"Infinite Blades","floor":44,"key":"SMITH"},{"floor":49,"key":"RECALL"},{"floor":52,"key":"REST"}],"circlet_count":0,"master_deck":["Strike_G+1","Strike_G+1","Defend_G+1","Defend_G+1","Defend_G+1","Defend_G+1","Survivor+1","Neutralize","Leg Sweep+1","Infinite Blades+1","Accuracy+1","Riddle With Holes","Dash","Cloak And Dagger+1","Deadly Poison+1","Predator","Envenom","Blade Dance+1","Masterful Stab","Backflip+1","Dodge and Roll+1","Accuracy+1","Unload","PiercingWail+1","Blade Dance+1","After Image","Riddle With Holes","Dramatic Entrance","Apotheosis+1","Cloak And Dagger+1","Backflip+1","Writhe","All Out Attack+1","Leg Sweep+1","Accuracy+1","Blur+1","Footwork+1","Adrenaline+1","Terror+1"],"relics":["Snecko Eye","Sundial","Dream Catcher","Lantern","Pantograph","Toxic Egg 2","Gremlin Horn","WristBlade","Red Mask","Ancient Tea Set","Juzu Bracelet","Sozu","Question Card","Orichalcum","Centennial Puzzle","Ginger","Torii","Snake Skull","Orrery","War Paint"],"acts_visited":["Exordium","TheCity","TheBeyond","TheEnding"],"potions_floor_usage":[33,34,40,54],"damage_taken":[{"damage":9.0,"enemies":"Cultist","floor":1.0,"turns":5.0},{"damage":3.0,"enemies":"Jaw Worm","floor":2.0,"turns":4.0},{"damage":1.0,"enemies":"Small Slimes","floor":4.0,"turns":3.0},{"damage":0.0,"enemies":"Exordium Thugs","floor":5.0,"turns":4.0},{"damage":39.0,"enemies":"Lagavulin","floor":6.0,"turns":10.0},{"damage":0.0,"enemies":"2 Fungi Beasts","floor":7.0,"turns":3.0},{"damage":0.0,"enemies":"3 Sentries","floor":8.0,"turns":9.0},{"damage":0.0,"enemies":"3 Louse","floor":10.0,"turns":4.0},{"damage":11.0,"enemies":"Lots of Slimes","floor":11.0,"turns":4.0},{"damage":6.0,"enemies":"Gremlin Nob","floor":13.0,"turns":4.0},{"damage":0.0,"enemies":"2 Fungi Beasts","floor":14.0,"turns":2.0},{"damage":12.0,"enemies":"Slime Boss","floor":16.0,"turns":9.0},{"damage":12.0,"enemies":"Shell Parasite","floor":18.0,"turns":6.0},{"damage":12.0,"enemies":"Masked Bandits","floor":19.0,"turns":4.0},{"damage":8.0,"enemies":"Spheric Guardian","floor":20.0,"turns":3.0},{"damage":0.0,"enemies":"Cultist and Chosen","floor":21.0,"turns":3.0},{"damage":25.0,"enemies":"Book of Stabbing","floor":24.0,"turns":5.0},{"damage":15.0,"enemies":"Slavers","floor":27.0,"turns":4.0},{"damage":0.0,"enemies":"Centurion and Healer","floor":30.0,"turns":4.0},{"damage":53,"enemies":"Champ","floor":33,"turns":8},{"damage":0,"enemies":"Orb Walker","floor":35,"turns":1},{"damage":1,"enemies":"3 Shapes","floor":38,"turns":3},{"damage":21,"enemies":"Spire Growth","floor":39,"turns":5},{"damage":16,"enemies":"Giant Head","floor":40,"turns":5},{"damage":0,"enemies":"Reptomancer","floor":45,"turns":3},{"damage":0,"enemies":"Mind Bloom Boss Battle","floor":48,"turns":3},{"damage":63,"enemies":"Awakened One","floor":50,"turns":10},{"damage":1,"enemies":"Shield and Spear","floor":54,"turns":7},{"damage":96,"enemies":"The Heart","floor":55,"turns":9}],"seed_played":"-1100303551601879959","potions_obtained":[{"floor":5.0,"key":"EssenceOfSteel"},{"floor":6.0,"key":"Weak Potion"},{"floor":8.0,"key":"SpeedPotion"},{"floor":10.0,"key":"Poison Potion"},{"floor":16.0,"key":"FearPotion"},{"floor":18.0,"key":"Regen Potion"}],"is_trial":false,"path_per_floor":["M","M","T","M","M","E","M","E","T","M","M","$","E","M","R","B",null,"M","?","M","M","$","R","E","R","T","E","?","?","M","?","R","B",null,"M","?","?","M","M","E","R","?","T","R","E","?","?","?","R","B",null,"R","$","E","B",null],"character_chosen":"THE_SILENT","items_purchased":["Toxic Egg 2","EntropicBrew","Torii","Snake Skull","Orrery"],"campfire_rested":4,"item_purchase_floors":[12,22,53,53,53],"current_hp_per_floor":[61,58,58,57,57,18,18,18,18,18,7,7,1,1,22,35,61,49,37,34,34,34,34,9,30,30,15,15,15,15,70,70,17,57,57,57,47,46,25,9,30,48,48,48,48,48,48,70,70,7,54,70,70,69,20],"gold":177,"neow_bonus":"BOSS_RELIC","is_daily":false,"chose_seed":false,"campfire_upgraded":3,"win_rate":0.0,"timestamp":1613582794,"path_taken":["M","?","?","M","M","E","M","E","T","M","M","$","E","M","R","BOSS","M","?","M","M","$","R","E","R","T","E","?","?","M","?","R","BOSS","M","?","?","M","M","E","R","?","T","R","E","?","?","?","R","BOSS","R","$","E","BOSS"],"items_purchased_type":["Relic","Potion","Relic","Relic","Relic"],"build_version":"2020-12-22","purchased_purges":1,"victory":true,"max_hp_per_floor":[70,70,70,70,70,70,70,70,70,70,70,70,70,70,70,70,70,70,70,70,70,70,70,70,70,70,70,70,70,70,70,70,70,70,70,70,70,70,70,70,70,70,70,70,70,70,70,70,70,70,70,70,70,70,70],"card_choices":[{"not_picked":["Blade Dance","Bane","Calculated Gamble"],"picked":"SKIP","floor":1.0},{"not_picked":["Dagger Throw","Prepared"],"picked":"Leg Sweep","floor":2.0},{"not_picked":["Tactician","Flying Knee"],"picked":"Crippling Poison","floor":4.0},{"not_picked":["Sucker Punch","Endless Agony"],"picked":"Infinite Blades","floor":5.0},{"not_picked":["Flying Knee","Prepared"],"picked":"Accuracy","floor":6.0},{"not_picked":["Tactician","Outmaneuver","Well Laid Plans"],"picked":"SKIP","floor":7.0},{"not_picked":["Dagger Throw","Dodge and Roll"],"picked":"Riddle With Holes","floor":8.0},{"not_picked":["Bane","Prepared","Grand Finale"],"picked":"SKIP","floor":10.0},{"not_picked":["Prepared","Footwork"],"picked":"Dash","floor":11.0},{"not_picked":["Bane","PiercingWail+1"],"picked":"Cloak And Dagger+1","floor":13.0},{"not_picked":["Flechettes","Flying Knee"],"picked":"Deadly Poison+1","floor":14.0},{"not_picked":["Noxious Fumes","Backflip+1"],"picked":"Predator","floor":15.0},{"not_picked":["Glass Knife","Venomology+1"],"picked":"Envenom","floor":16.0},{"not_picked":["Terror+1","Acrobatics+1"],"picked":"Blade Dance+1","floor":18.0},{"not_picked":["Crippling Poison+1","Dagger Throw"],"picked":"Masterful Stab","floor":19.0},{"not_picked":["Prepared+1","Deflect+1"],"picked":"Backflip+1","floor":20.0},{"not_picked":["Prepared+1","Outmaneuver+1"],"picked":"Dodge and Roll+1","floor":21.0},{"not_picked":["Quick Slash+1","Slice"],"picked":"Accuracy","floor":24.0},{"not_picked":["Tactician+1","Sucker Punch+1"],"picked":"Unload","floor":27.0},{"not_picked":["Dagger Throw","Endless Agony","Eviscerate"],"picked":"SKIP","floor":30.0},{"not_picked":["Glass Knife","Doppelganger+1"],"picked":"After Image","floor":33},{"not_picked":["Slice+1","Finisher"],"picked":"Riddle With Holes","floor":35},{"not_picked":["Transmutation+1","Blind+1"],"picked":"Dramatic Entrance","floor":37},{"not_picked":["Sadistic Nature","Swift Strike"],"picked":"Apotheosis+1","floor":37},{"not_picked":["Deadly Poison+1","Prepared+1","Deflect+1"],"picked":"SKIP","floor":38},{"not_picked":["Slice+1","Sucker Punch+1"],"picked":"PiercingWail+1","floor":39},{"not_picked":["Riddle With Holes+1","Flying Knee"],"picked":"Cloak And Dagger+1","floor":40},{"not_picked":["Backstab","Slice","Prepared+1"],"picked":"Backflip+1","floor":41},{"not_picked":["Grand Finale","Flechettes","Sucker Punch+1"],"picked":"All Out Attack+1","floor":45},{"not_picked":["Dodge and Roll+1","Backflip+1","Bane+1"],"picked":"Leg Sweep+1","floor":48},{"not_picked":["Slice","Dagger Throw","Footwork"],"picked":"Accuracy+1","floor":52},{"not_picked":["Flying Knee","Distraction+1","Underhanded Strike+1"],"picked":"Blur+1","floor":53},{"not_picked":["Dagger Throw+1","Bouncing Flask+1","Blur+1"],"picked":"Footwork+1","floor":53},{"not_picked":["Backstab","A Thousand Cuts","Prepared+1"],"picked":"Adrenaline+1","floor":53},{"not_picked":["Acrobatics+1","Backflip+1","Bouncing Flask+1"],"picked":"Terror+1","floor":54}],"player_experience":378252,"relics_obtained":[{"floor":3.0,"key":"Sundial"},{"floor":6.0,"key":"Dream Catcher"},{"floor":8.0,"key":"Lantern"},{"floor":9.0,"key":"Pantograph"},{"floor":13.0,"key":"Gremlin Horn"},{"floor":19.0,"key":"Red Mask"},{"floor":24.0,"key":"Ancient Tea Set"},{"floor":27.0,"key":"Juzu Bracelet"},{"floor":40,"key":"Question Card"},{"floor":43,"key":"Orichalcum"},{"floor":45,"key":"Centennial Puzzle"},{"floor":48,"key":"Ginger"},{"floor":54,"key":"War Paint"}],"event_choices":[{"damage_healed":0.0,"max_hp_gain":0.0,"max_hp_loss":0.0,"gold_gain":0.0,"event_name":"Masked Bandits","player_choice":"Fought Bandits","floor":19.0,"gold_loss":0.0,"damage_taken":0.0},{"damage_healed":0.0,"max_hp_gain":0.0,"max_hp_loss":0.0,"gold_gain":0.0,"cards_transformed":["Strike_G","Strike_G"],"event_name":"Drug Dealer","player_choice":"Became Test Subject","floor":28.0,"gold_loss":0.0,"damage_taken":0.0,"cards_obtained":["PiercingWail","Blade Dance"]},{"damage_healed":0.0,"max_hp_gain":0.0,"max_hp_loss":0.0,"gold_gain":0.0,"event_name":"Back to Basics","player_choice":"Simplicity","floor":29.0,"gold_loss":0.0,"damage_taken":0.0,"cards_upgraded":["Strike_G","Strike_G","Defend_G","Defend_G","Defend_G","Defend_G","Defend_G"]},{"cards_removed":["Crippling Poison"],"damage_healed":55.0,"max_hp_gain":0.0,"max_hp_loss":0.0,"gold_gain":0.0,"event_name":"Bonfire Elementals","player_choice":"Offered Uncommon","floor":31.0,"gold_loss":0.0,"damage_taken":0.0},{"damage_healed":0,"gold_gain":222,"player_choice":"Wore Mask","damage_taken":0,"max_hp_gain":0,"max_hp_loss":0,"event_name":"Tomb of Lord Red Mask","floor":36,"gold_loss":0},{"damage_healed":0,"gold_gain":0,"player_choice":"Memory 3","damage_taken":10,"max_hp_gain":0,"max_hp_loss":0,"event_name":"SensoryStone","floor":37,"gold_loss":0},{"damage_healed":18,"gold_gain":0,"player_choice":"Writhe","damage_taken":0,"max_hp_gain":0,"max_hp_loss":0,"event_name":"Winding Halls","floor":42,"gold_loss":0,"cards_obtained":["Writhe"]},{"cards_removed":["Defend_G"],"damage_healed":0,"gold_gain":0,"player_choice":"Purged","damage_taken":0,"max_hp_gain":0,"max_hp_loss":0,"event_name":"Purifier","floor":46,"gold_loss":0},{"cards_removed":["PiercingWail"],"damage_healed":0,"gold_gain":0,"player_choice":"Removed Skill","damage_taken":0,"max_hp_gain":0,"max_hp_loss":0,"event_name":"Falling","floor":47,"gold_loss":0},{"damage_healed":0,"gold_gain":0,"player_choice":"Fight","damage_taken":0,"max_hp_gain":0,"max_hp_loss":0,"event_name":"MindBloom","floor":48,"gold_loss":0}],"is_beta":false,"boss_relics":[{"not_picked":["Philosopher\u0027s Stone","Runic Pyramid"],"picked":"WristBlade"},{"not_picked":["Coffee Dripper","Black Star"],"picked":"Sozu"}],"items_purged_floors":[22],"is_endless":false,"potions_floor_spawned":[5,6,8,10,11,16,18,19,30,39,45],"ascension_level":5}}