{"host":"trw84khdytc0ixrp","time":1613581998,"event":{"mods":["BaseMod","Downfall","Minty Spire (QoL Compilation)","StSLib"],"gold_per_floor":[349,367,387,387,53,68,68,68,80,107,118,133,133,161,174,272,272,72,89,103,121,121,132,159,173,173,173,199,199,199,211,224,325,325,325,344,362,379,379,171,171,221,239,289,189,209,209,234,252,252,252,285,25,25,25,25],"floor_reached":57,"language":"ENG","playtime":8824,"items_purged":["Shame","Slimebound:ForwardTackle","Slimebound:CorrosiveSpit","Slimebound:HauntingLick"],"score":1415,"play_id":"2ff3f9a5-c0f6-410b-8a96-c3e24f706a62","local_time":"20210217181318","is_ascension_mode":true,"campfire_choices":[{"floor":1.0,"key":"RECALL"},{"data":"Slimebound:MassFeed","floor":8.0,"key":"SMITH"},{"data":"Slimebound:LivingWall","floor":18.0,"key":"SMITH"},{"data":"Slimebound:Prepare","floor":29.0,"key":"SMITH"},{"data":"Slimebound:TongueLash","floor":35.0,"key":"SMITH"},{"data":"Slimebound:MegaLick","floor":45.0,"key":"SMITH"},{"data":"Slimebound:AcidTongue","floor":47,"key":"SMITH"},{"data":"Slimebound:SamplingLick","floor":54,"key":"SMITH"}],"circlet_count":0,"master_deck":["Slimebound:Tackle+1","Slimebound:Split","Slimebound:LivingWall+1","Slimebound:Schlurp","Slimebound:Schlurp","Slimebound:MassFeed+1","Slimebound:TongueLash+1","Slimebound:Gluttony","Slimebound:SamplingLick","Slimebound:Schlurp","Slimebound:LeechLife","Slimebound:HauntingLick","Slimebound:SlimeSlap+1","Slimebound:MegaLick+1","Slimebound:SplitMire","Slimebound:SamplingLick+1","Slimebound:SpikyOuterGoop","Slimebound:SpikyOuterGoop+1","Slimebound:Schlurp","Slimebound:Prepare+1","Slimebound:Prepare+1","Slimebound:AcidTongue+1","Slimebound:SamplingLick+1","Slimebound:Prepare+1","Slimebound:Grow+1","Slimebound:HauntingLick+1","Slimebound:SpikyOuterGoop","Slimebound:HauntingLick+1","Slimebound:SamplingLick+1","Slimebound:SamplingLick+1","Slimebound:AcidTongue+1","Slimebound:TongueLash+1","Slimebound:FormOfPuddle+1"],"relics":["Slimebound:AbsorbEndCombat","InkBottle","Mercury Hourglass","Pantograph","downfall:ShatteredFragment","Question Card","Pandora\u0027s Box","downfall:HeartBlessingRed","downfall:HeartBlessingGreen","Toxic Egg 2","downfall:RedIOU","Black Star","Membership Card","Whetstone","Strange Spoon","Pocketwatch","downfall:HeartBlessingBlue","Pear","Potion Belt","Akabeko","Lee\u0027s Waffle"],"acts_visited":["Exordium","TheCity","TheBeyond","TheEnding"],"potions_floor_usage":[56,56,56,56,56,56,56],"damage_taken":[{"damage":7.0,"enemies":"Jaw Worm","floor":2.0,"turns":4.0},{"damage":11.0,"enemies":"Small Slimes","floor":3.0,"turns":4.0},{"damage":7.0,"enemies":"downfall:FleeingMerchant","floor":5.0,"turns":4.0},{"damage":0.0,"enemies":"2 Louse","floor":6.0,"turns":3.0},{"damage":3.0,"enemies":"Exordium Wildlife","floor":9.0,"turns":3.0},{"damage":2.0,"enemies":"Lagavulin","floor":10.0,"turns":7.0},{"damage":0.0,"enemies":"Lots of Slimes","floor":11.0,"turns":1.0},{"damage":0.0,"enemies":"3 Louse","floor":12.0,"turns":1.0},{"damage":5.0,"enemies":"3 Sentries","floor":14.0,"turns":5.0},{"damage":12.0,"enemies":"2 Fungi Beasts","floor":15.0,"turns":4.0},{"damage":36.0,"enemies":"DF_ARCHETYPE_STREAMLINE","floor":16.0,"turns":6.0},{"damage":25.0,"enemies":"downfall:LooterAlt2","floor":19.0,"turns":3.0},{"damage":0.0,"enemies":"Chosen","floor":20.0,"turns":4.0},{"damage":11.0,"enemies":"Snecko","floor":21.0,"turns":5.0},{"damage":26.0,"enemies":"Snake Plant","floor":23.0,"turns":3.0},{"damage":23.0,"enemies":"3 Cultists","floor":25.0,"turns":6.0},{"damage":14.0,"enemies":"Slavers","floor":28.0,"turns":6.0},{"damage":7.0,"enemies":"Centurion and Healer","floor":31.0,"turns":7.0},{"damage":29.0,"enemies":"Shelled Parasite and Fungi","floor":32.0,"turns":6.0},{"damage":11.0,"enemies":"IC_MUSHROOM_ARCHETYPE","floor":33.0,"turns":7.0},{"damage":6.0,"enemies":"3 Shapes","floor":36.0,"turns":3.0},{"damage":38.0,"enemies":"3 Darklings","floor":37.0,"turns":5.0},{"damage":21.0,"enemies":"Spire Growth","floor":38.0,"turns":6.0},{"damage":6.0,"enemies":"downfall:FleeingMerchant","floor":40.0,"turns":4.0},{"damage":11.0,"enemies":"downfall:FleeingMerchant","floor":42.0,"turns":4.0},{"damage":10.0,"enemies":"Jaw Worm Horde","floor":43.0,"turns":4.0},{"damage":20.0,"enemies":"Jaw Worm Horde","floor":44.0,"turns":6.0},{"damage":44.0,"enemies":"Sphere and 2 Shapes","floor":46.0,"turns":8.0},{"damage":0,"enemies":"Nemesis","floor":48,"turns":7},{"damage":25,"enemies":"Spire Growth","floor":49,"turns":4},{"damage":27,"enemies":"WA_ARCHETYPE_DIVINITY","floor":50,"turns":10},{"damage":41,"enemies":"downfall:CharBossMerchant","floor":52,"turns":7},{"damage":71,"enemies":"downfall:NeowBoss","floor":55,"turns":20},{"damage":162,"enemies":"downfall:NeowBossFinal","floor":56,"turns":16}],"seed_played":"-5878207373850329509","potions_obtained":[{"floor":3.0,"key":"BlessingOfTheForge"},{"floor":9.0,"key":"BlessingOfTheForge"},{"floor":10.0,"key":"Fire Potion"},{"floor":12.0,"key":"FairyPotion"},{"floor":15.0,"key":"Slimebound:SlimyTonguePotion"},{"floor":22.0,"key":"CultistPotion"},{"floor":46.0,"key":"Regen Potion"},{"floor":49,"key":"Dexterity Potion"}],"is_trial":false,"path_per_floor":["R","M","M","?","$","M","T","R","M","E","M","M","?","E","M","B",null,"R","M","M","M","?","M","T","M","?","?","E","R","?","M","M","B",null,"R","M","M","M","?","$","T","$","M","?","R","M","R","E","M","B",null,"E","$","R","B","B",null],"character_chosen":"SLIMEBOUND","items_purchased":["InkBottle","Membership Card","Whetstone","Slimebound:SpikyOuterGoop","Slimebound:HauntingLick+1","Strange Spoon","EntropicBrew","Lee\u0027s Waffle","Slimebound:FormOfPuddle+1","sneckomod:MuddlingPotion"],"campfire_rested":0,"item_purchase_floors":[5,40,42,42,42,42,53,53,53,53],"current_hp_per_floor":[65,62,57,57,54,60,60,60,71,77,97,109,91,106,104,96,129,129,112,120,124,124,104,104,97,97,97,111,111,111,145,129,152,157,157,165,139,130,130,166,166,163,169,161,171,147,147,213,196,192,217,182,228,228,163,111],"gold":25,"neow_bonus":"TWO_FIFTY_GOLD","is_daily":false,"chose_seed":false,"campfire_upgraded":7,"win_rate":0.0,"timestamp":1613581998,"path_taken":["R","M","M","?","$","M","T","R","M","E","M","M","?","E","M","BOSS","R","M","M","M","?","M","T","M","?","?","E","R","?","?","M","BOSS","R","M","M","?","?","$","T","$","M","?","R","M","R","E","M","BOSS","E","$","R","BOSS","BOSS"],"items_purchased_type":["Relic","Relic","Relic","Card","Card","Relic","Potion","Relic","Card","Potion"],"build_version":"2020-12-22","purchased_purges":4,"victory":true,"max_hp_per_floor":[65,65,65,65,65,65,65,65,73,77,97,109,109,121,125,129,129,129,133,133,133,133,133,133,141,141,141,141,141,141,145,153,157,157,157,165,169,173,173,173,173,173,181,181,191,203,203,213,217,217,217,221,228,228,228,228],"card_choices":[{"not_picked":["Slimebound:LeadByExample","Slimebound:SlimeSpikes"],"picked":"Slimebound:LivingWall","floor":2.0},{"not_picked":["Slimebound:LeechingTouch","Slimebound:SplitBruiser"],"picked":"Slimebound:Schlurp","floor":3.0},{"not_picked":["Slimebound:DisruptingSlam","Slimebound:FinishingTackle"],"picked":"Slimebound:Schlurp","floor":5.0},{"not_picked":["Slimebound:RollThrough","Slimebound:GoopSpray"],"picked":"Slimebound:MassFeed","floor":6.0},{"not_picked":["Slimebound:DisruptingSlam","Slimebound:SplitMire"],"picked":"Slimebound:TongueLash","floor":9.0},{"not_picked":["Slimebound:TagTeam","Slimebound:SplitSpecialist","Slimebound:FlameTackle"],"picked":"SKIP","floor":10.0},{"not_picked":["Slimebound:SlimeSpikes","Slimebound:DisruptingSlam"],"picked":"Slimebound:HauntingLick","floor":11.0},{"not_picked":["Slimebound:PressTheAttack","Slimebound:MegaLick"],"picked":"Slimebound:Gluttony","floor":12.0},{"not_picked":["Slimebound:SplitAcid","Slimebound:Equalize"],"picked":"Slimebound:SamplingLick","floor":14.0},{"not_picked":["Slimebound:BestDefense","Slimebound:SplitLeeching","Slimebound:GoopSpray"],"picked":"Slimebound:Schlurp","floor":15.0},{"not_picked":["Slimebound:Teamwork","Slimebound:WasteNot","Slimebound:DouseInSlime"],"picked":"Slimebound:LeechLife","floor":16.0},{"not_picked":["Slimebound:Prepare","Slimebound:ItLooksTasty","Slimebound:Repurpose+1"],"picked":"Slimebound:SpikyOuterGoop","floor":19.0},{"not_picked":["Slimebound:LeechingTouch+1","Slimebound:ComboTackle","Slimebound:Equalize"],"picked":"Slimebound:SpikyOuterGoop+1","floor":20.0},{"not_picked":["Slimebound:BestDefense","Slimebound:HungryTackle","Slimebound:SlimeBrawl","Slimebound:Grow"],"picked":"SKIP","floor":21.0},{"not_picked":["Slimebound:LeadByExample","Slimebound:HauntingLick","Slimebound:SplitMire"],"picked":"Slimebound:Schlurp","floor":23.0},{"not_picked":["Slimebound:LeechingTouch","Slimebound:GrowthPunch","Slimebound:RollThrough","Slimebound:ItLooksTasty"],"picked":"SKIP","floor":25.0},{"not_picked":["Slimebound:LeechLife","Slimebound:SplitSpecialist+1","Slimebound:LivingWall+1"],"picked":"Slimebound:Prepare+1","floor":28.0},{"not_picked":["Slimebound:GoopTackle","Slimebound:TongueLash","Slimebound:ItLooksTasty"],"picked":"Slimebound:AcidTongue","floor":31.0},{"not_picked":["Slimebound:GoopSpray+1","Slimebound:ForwardTackle+1","Slimebound:SlimeSpikes+1","Slimebound:Replication+1"],"picked":"SKIP","floor":32.0},{"not_picked":["Slimebound:SplitAcid+1","Slimebound:SplitBruiser+1","Slimebound:RollThrough","Slimebound:LeadByExample"],"picked":"SKIP","floor":36.0},{"not_picked":["Slimebound:SplitAcid+1","Slimebound:LeechingTouch","Slimebound:FlameTackle+1"],"picked":"Slimebound:SamplingLick+1","floor":37.0},{"not_picked":["Slimebound:GoopSpray+1","Slimebound:RollThrough+1","Slimebound:FlameTackle"],"picked":"Slimebound:Prepare+1","floor":38.0},{"not_picked":["Slimebound:RollThrough+1","Slimebound:GoopTackle+1","Slimebound:ForwardTackle"],"picked":"Slimebound:Grow+1","floor":40.0},{"not_picked":["Slimebound:MinionMaster","Slimebound:PressTheAttack","Slimebound:DisruptingSlam"],"picked":"Slimebound:HauntingLick+1","floor":42.0},{"not_picked":["Slimebound:Prepare+1","Slimebound:Repurpose+1","Slimebound:ProtectTheBoss+1","Slimebound:SplitLeeching+1"],"picked":"SKIP","floor":43.0},{"not_picked":["Slimebound:SplitBruiser+1","Slimebound:FormOfPuddle+1","Slimebound:SlimeBarrage+1"],"picked":"Slimebound:SamplingLick+1","floor":44.0},{"not_picked":["Slimebound:LivingWall+1","Slimebound:RollThrough+1","Slimebound:LeechingTouch"],"picked":"Slimebound:SamplingLick+1","floor":46.0},{"not_picked":["Slimebound:Repurpose+1","Slimebound:ViciousTackle","Slimebound:ItLooksTasty","Slimebound:GoopTackle+1"],"picked":"SKIP","floor":48},{"not_picked":["Slimebound:SlimeSlap","Slimebound:DivideAndConquer+1","Slimebound:ProtectTheBoss+1"],"picked":"Slimebound:AcidTongue+1","floor":49},{"not_picked":["Slimebound:Recollect+1","Slimebound:LeechEnergy","Slimebound:ItLooksTasty"],"picked":"Slimebound:TongueLash+1","floor":52}],"player_experience":131352,"relics_obtained":[{"floor":7.0,"key":"Mercury Hourglass"},{"floor":10.0,"key":"Pantograph"},{"floor":14.0,"key":"Question Card"},{"floor":24.0,"key":"Orichalcum"},{"floor":28.0,"key":"Toxic Egg 2"},{"floor":44.0,"key":"Pocketwatch"},{"floor":48,"key":"Pear"},{"floor":48,"key":"Potion Belt"},{"floor":52,"key":"Akabeko"}],"event_choices":[{"damage_healed":0.0,"max_hp_gain":0.0,"max_hp_loss":0.0,"gold_gain":0.0,"cards_transformed":["Slimebound:SplitBruiser","Slimebound:Replication"],"event_name":"Drug Dealer","player_choice":"Became Test Subject","floor":27.0,"gold_loss":0.0,"damage_taken":0.0,"cards_obtained":["Slimebound:Prepare","Slimebound:ForwardTackle"]}],"is_beta":false,"boss_relics":[{"not_picked":["Coffee Dripper","Runic Dome"],"picked":"Pandora\u0027s Box"},{"not_picked":["Cursed Key","SacredBark"],"picked":"Black Star"}],"items_purged_floors":[5,40,42,53],"is_endless":false,"potions_floor_spawned":[3,9,10,12,15,16,21,23,25,28,33,36,38,46,49],"ascension_level":2}}