{"host":"63uc7iyb40dnlk3k","time":1613571368,"event":{"mods":["2.2 Compatiblity","AchievementEnabler","BaseMod","Defuse TimeMaze Blight","Downfall","Jorbs\u0027s Wanderer Trilogy","Minty Spire (QoL Compilation)","Random Character Button","StSLib"],"gold_per_floor":[119,137,137,161,186,186,206,206,206,239,239,20,20,53,53,183,183,183,183],"floor_reached":18,"language":"ENG","playtime":990,"items_purged":["Strike_P"],"score":170,"play_id":"578b2be8-a7fd-4b14-9e3c-d3daa60ec388","local_time":"20210217161608","is_ascension_mode":false,"campfire_choices":[{"data":"Eruption","floor":6,"key":"SMITH"},{"data":"ConjureBlade","floor":8,"key":"SMITH"},{"floor":15,"key":"REST"}],"circlet_count":0,"master_deck":["Strike_P","Strike_P","Strike_P","Defend_P+1","Defend_P","Defend_P","Defend_P","Eruption+1","Vigilance","Writhe","ConjureBlade+1","DeceiveReality","Consecrate","FollowUp+1","Scrawl","Adaptation","Prostrate","LessonLearned","Devotion"],"relics":["PureWater","Golden Idol","Mummified Hand","Blue Candle","Sling","Calipers","Philosopher\u0027s Stone"],"acts_visited":["Exordium","TheCity"],"potions_floor_usage":[5,10,10,18],"damage_taken":[{"damage":0,"enemies":"Small Slimes","floor":1,"turns":3},{"damage":1,"enemies":"Jaw Worm","floor":2,"turns":3},{"damage":0,"enemies":"Cultist","floor":4,"turns":3},{"damage":0,"enemies":"Looter","floor":5,"turns":4},{"damage":6,"enemies":"Exordium Wildlife","floor":7,"turns":6},{"damage":38,"enemies":"3 Sentries","floor":10,"turns":7},{"damage":21,"enemies":"Gremlin Nob","floor":14,"turns":4},{"damage":2,"enemies":"Slime Boss","floor":16,"turns":7},{"damage":78,"enemies":"3 Byrds","floor":18,"turns":4}],"seed_played":"-4322178471219588477","potions_obtained":[{"floor":1,"key":"Block Potion"},{"floor":5,"key":"BottledMiracle"},{"floor":7,"key":"Fruit Juice"},{"floor":16,"key":"Explosive Potion"}],"is_trial":false,"path_per_floor":["M","M","?","M","M","R","M","R","T","E","?","$","$","E","R","B",null,"M"],"character_chosen":"WATCHER","items_purchased":["Sling"],"campfire_rested":1,"item_purchase_floors":[12],"current_hp_per_floor":[72,71,67,67,67,67,61,61,61,28,23,23,23,2,23,21,72,0,0],"gold":183,"neow_bonus":"THREE_RARE_CARDS","is_daily":false,"chose_seed":false,"campfire_upgraded":2,"win_rate":0.0,"timestamp":1613571368,"path_taken":["M","M","?","M","M","R","M","R","T","E","?","?","$","E","R","BOSS","M"],"items_purchased_type":["Relic"],"build_version":"2020-12-22","purchased_purges":1,"victory":false,"max_hp_per_floor":[72,72,67,67,67,67,67,67,67,72,72,72,72,72,72,72,72,72,72],"card_choices":[{"not_picked":["Alpha","Judgement"],"picked":"ConjureBlade","floor":0},{"not_picked":["CutThroughFate","EmptyFist"],"picked":"DeceiveReality","floor":1},{"not_picked":["FlyingSleeves","Swivel"],"picked":"Consecrate","floor":2},{"not_picked":["Pray","ClearTheMind"],"picked":"FollowUp","floor":4},{"not_picked":["FollowUp","JustLucky"],"picked":"Scrawl","floor":5},{"not_picked":["Collect","Evaluate"],"picked":"Adaptation","floor":7},{"not_picked":["BowlingBash","FlurryOfBlows"],"picked":"Prostrate","floor":10},{"not_picked":["Crescendo","Halt"],"picked":"LessonLearned","floor":14},{"not_picked":["Establishment","Blasphemy"],"picked":"Devotion","floor":16}],"player_experience":372365,"relics_obtained":[{"floor":10,"key":"Mummified Hand"},{"floor":14,"key":"Calipers"}],"event_choices":[{"damage_healed":0,"gold_gain":0,"player_choice":"Lose Max HP","damage_taken":0,"relics_obtained":["Golden Idol"],"max_hp_gain":0,"max_hp_loss":5,"event_name":"Golden Idol","floor":3,"gold_loss":0}],"is_beta":false,"boss_relics":[{"not_picked":["Tiny House","Snecko Eye"],"picked":"Philosopher\u0027s Stone"}],"items_purged_floors":[12],"is_endless":false,"potions_floor_spawned":[1,5,7,16],"killed_by":"3 Byrds","ascension_level":0}}