{"host":"lktusdb9orijgc6z","time":1613522103,"event":{"mods":["BaseMod","Bestiary","Colored Map","Colored Powertips","Filter the Spire","Minty Spire (QoL Compilation)","Permanent Neow","Quick Restart","Relic Stats","StSLib","everything is the same but u backflip on backflip","slay the spire mod where everything is the same but ironclad has a cowboy hat"],"gold_per_floor":[110,124,142,217,217,217,217,217],"floor_reached":7,"language":"ENG","playtime":368,"items_purged":[],"score":82,"play_id":"bb93b4a1-c97f-4a82-99aa-d213428d197a","local_time":"20210217013503","is_ascension_mode":true,"campfire_choices":[{"data":"Force Field","floor":6,"key":"SMITH"}],"circlet_count":0,"master_deck":["AscendersBane","Strike_B","Strike_B","Strike_B","Strike_B","Defend_B","Defend_B","Defend_B","Defend_B","Zap","Dualcast","Force Field+1","Undo","Skim"],"relics":["Snecko Eye","Eternal Feather"],"acts_visited":["Exordium"],"potions_floor_usage":[],"damage_taken":[{"damage":14,"enemies":"Jaw Worm","floor":1,"turns":4},{"damage":4,"enemies":"2 Louse","floor":2,"turns":3},{"damage":0,"enemies":"Small Slimes","floor":3,"turns":5},{"damage":41,"enemies":"3 Sentries","floor":7,"turns":9}],"seed_played":"2356020613731122947","potions_obtained":[{"floor":1,"key":"Weak Potion"}],"is_trial":false,"path_per_floor":["M","M","M","?","T","R","E"],"character_chosen":"DEFECT","items_purchased":[],"campfire_rested":0,"item_purchase_floors":[],"current_hp_per_floor":[50,46,46,35,35,41,0,0],"gold":217,"neow_bonus":"BOSS_RELIC","is_daily":false,"chose_seed":false,"campfire_upgraded":1,"win_rate":0.0,"timestamp":1613522103,"path_taken":["M","M","M","?","?","R","E"],"items_purchased_type":[],"build_version":"2020-12-22","purchased_purges":0,"victory":false,"max_hp_per_floor":[71,71,71,71,71,71,71,71],"relic_stats":{"counters":[4,21],"Snecko Eye":[23,34,26,36],"Eternal Feather":6,"obtain_stats":[{"Snecko Eye":0,"Eternal Feather":5,"Cracked Core":0},{"Snecko Eye":0,"Eternal Feather":3,"Cracked Core":0},{"Snecko Eye":0,"Eternal Feather":12,"Cracked Core":0}]},"card_choices":[{"not_picked":["Chaos","Coolheaded"],"picked":"Force Field","floor":1},{"not_picked":["Capacitor","Compile Driver"],"picked":"Undo","floor":2},{"not_picked":["Go for the Eyes","Steam"],"picked":"Skim","floor":3}],"player_experience":796045,"relics_obtained":[{"floor":5,"key":"Eternal Feather"}],"event_choices":[{"damage_healed":0,"gold_gain":75,"player_choice":"Gather Gold","damage_taken":11,"max_hp_gain":0,"max_hp_loss":0,"event_name":"World of Goop","floor":4,"gold_loss":0}],"is_beta":false,"boss_relics":[],"items_purged_floors":[],"is_endless":false,"potions_floor_spawned":[1],"killed_by":"3 Sentries","ascension_level":20}}