{"host":"o7j6aatxjwpw1421","time":1613576320,"event":{"mods":["2.2 Compatiblity","AchievementEnabler","BaseMod","Colored Map","DeckTracker","Highlight Path","Keyboard Shortcuts","Minty Spire (QoL Compilation)","Permanent Neow","Quick Restart","StSLib","SuperFastMode","everything is the same but u backflip on backflip"],"gold_per_floor":[118,118,137,147,147,174,192,192,192,202,265,265,299,309,309,404,404,423,443,466,481,481,481],"floor_reached":22,"language":"KOR","playtime":776,"items_purged":[],"score":200,"play_id":"3936c322-eb09-469c-86cf-c5e050dcf063","local_time":"20210218003840","is_ascension_mode":false,"campfire_choices":[{"data":"Perfected Strike","floor":8.0,"key":"SMITH"},{"data":"Bash","floor":15.0,"key":"SMITH"}],"circlet_count":0,"master_deck":["Strike_R","Strike_R","Strike_R","Strike_R","Strike_R","Defend_R","Defend_R","Defend_R","Defend_R","Bash+1","Perfected Strike+1","Headbutt","Armaments+1","Shrug It Off","Pommel Strike"],"relics":["Burning Blood","StoneCalendar","CeramicFish","Pantograph","Incense Burner","Letter Opener","Unceasing Top","Black Star"],"acts_visited":["Exordium","TheCity"],"potions_floor_usage":[],"damage_taken":[{"damage":1.0,"enemies":"Jaw Worm","floor":1.0,"turns":3.0},{"damage":1.0,"enemies":"Cultist","floor":3.0,"turns":3.0},{"damage":0.0,"enemies":"Small Slimes","floor":4.0,"turns":3.0},{"damage":17.0,"enemies":"3 Sentries","floor":6.0,"turns":7.0},{"damage":18.0,"enemies":"Exordium Wildlife","floor":7.0,"turns":4.0},{"damage":7.0,"enemies":"Blue Slaver","floor":10.0,"turns":3.0},{"damage":6.0,"enemies":"Gremlin Nob","floor":11.0,"turns":3.0},{"damage":17.0,"enemies":"Gremlin Nob","floor":13.0,"turns":4.0},{"damage":11.0,"enemies":"3 Louse","floor":14.0,"turns":3.0},{"damage":16.0,"enemies":"Slime Boss","floor":16.0,"turns":7.0},{"damage":0.0,"enemies":"Chosen","floor":18.0,"turns":4.0},{"damage":37.0,"enemies":"Shell Parasite","floor":19.0,"turns":7.0},{"damage":15.0,"enemies":"Cultist and Chosen","floor":20.0,"turns":6.0},{"damage":13.0,"enemies":"Snake Plant","floor":21.0,"turns":4.0},{"damage":23,"enemies":"Sentry and Sphere","floor":22,"turns":5}],"seed_played":"9181723734490640250","potions_obtained":[{"floor":2.0,"key":"SmokeBomb"},{"floor":2.0,"key":"GamblersBrew"},{"floor":2.0,"key":"SkillPotion"},{"floor":6.0,"key":"EssenceOfSteel"},{"floor":10.0,"key":"Swift Potion"},{"floor":13.0,"key":"Strength Potion"},{"floor":19.0,"key":"Swift Potion"},{"floor":20.0,"key":"SpeedPotion"}],"is_trial":false,"path_per_floor":["M","?","M","M","?","E","M","R","T","M","?","T","E","M","R","B",null,"M","M","M","M","M"],"character_chosen":"IRONCLAD","items_purchased":[],"campfire_rested":0,"item_purchase_floors":[],"current_hp_per_floor":[61,61,66,72,72,61,49,49,49,48,48,48,37,32,32,47,80,80,49,40,33,10,10],"gold":481,"neow_bonus":"ONE_RARE_RELIC","is_daily":false,"chose_seed":false,"campfire_upgraded":2,"win_rate":0.0,"timestamp":1613576320,"path_taken":["M","?","M","?","?","E","M","R","T","?","?","?","E","M","R","BOSS","M","M","M","M","M"],"items_purchased_type":[],"build_version":"2020-12-22","purchased_purges":0,"victory":false,"max_hp_per_floor":[80,80,80,80,80,80,80,80,80,80,80,80,80,80,80,80,80,80,80,80,80,80,80],"card_choices":[{"not_picked":["Inflame","Warcry"],"picked":"Perfected Strike","floor":1.0},{"not_picked":["Body Slam","Entrench","Second Wind"],"picked":"SKIP","floor":3.0},{"not_picked":["Clothesline","Shockwave"],"picked":"Headbutt","floor":4.0},{"not_picked":["Sever Soul","Feel No Pain","Ghostly Armor"],"picked":"SKIP","floor":6.0},{"not_picked":["Body Slam","Sever Soul","Seeing Red"],"picked":"SKIP","floor":7.0},{"not_picked":["Havoc","Clash","Combust"],"picked":"SKIP","floor":10.0},{"not_picked":["Double Tap","Sever Soul","Clash"],"picked":"SKIP","floor":13.0},{"not_picked":["Anger","Rampage","Carnage"],"picked":"SKIP","floor":14.0},{"not_picked":["Wild Strike","Power Through"],"picked":"Armaments+1","floor":18.0},{"not_picked":["Rupture","Warcry"],"picked":"Shrug It Off","floor":19.0},{"not_picked":["Shrug It Off","Iron Wave"],"picked":"Pommel Strike","floor":20.0},{"not_picked":["Havoc+1","Power Through","Carnage+1"],"picked":"SKIP","floor":21.0}],"player_experience":618627,"relics_obtained":[{"floor":6.0,"key":"CeramicFish"},{"floor":9.0,"key":"Pantograph"},{"floor":11.0,"key":"Incense Burner"},{"floor":12.0,"key":"Letter Opener"},{"floor":13.0,"key":"Unceasing Top"}],"event_choices":[{"damage_healed":0.0,"max_hp_gain":0.0,"max_hp_loss":0.0,"gold_gain":0.0,"event_name":"Lab","player_choice":"Got Potions","floor":2.0,"gold_loss":0.0,"damage_taken":0.0},{"damage_healed":0.0,"max_hp_gain":0.0,"max_hp_loss":0.0,"gold_gain":0.0,"event_name":"NoteForYourself","player_choice":"Ignored","floor":5.0,"gold_loss":0.0,"damage_taken":0.0},{"damage_healed":0.0,"max_hp_gain":0.0,"max_hp_loss":0.0,"gold_gain":0.0,"event_name":"Dead Adventurer","player_choice":"Searched \u00271\u0027 times","floor":11.0,"gold_loss":0.0,"damage_taken":0.0}],"is_beta":false,"boss_relics":[{"not_picked":["Runic Dome","Runic Pyramid"],"picked":"Black Star"}],"items_purged_floors":[],"is_endless":false,"potions_floor_spawned":[3,4,6,10,13,19,20],"killed_by":"Sentry and Sphere","ascension_level":0}}