{"host":"en4narc5947t7k9n","time":1613538789,"event":{"mods":["AchievementEnabler","BaseMod","Colored Map","Minty Spire (QoL Compilation)","SuperFastMode"],"gold_per_floor":[114,64,64,64,84,84,104,121,203,221,237,272,27,61,61,61,61],"floor_reached":16,"language":"KOR","playtime":896,"items_purged":["Strike_R"],"score":112,"play_id":"31d8840c-0333-4ed8-938c-7fa9b3935560","local_time":"20210217141309","is_ascension_mode":false,"campfire_choices":[{"data":"Blood for Blood","floor":6,"key":"SMITH"},{"data":"Enlightenment","floor":15,"key":"SMITH"}],"circlet_count":0,"master_deck":["Strike_R","Strike_R","Defend_R","Defend_R","Defend_R","Defend_R","Bash","Ghostly Armor","Blood for Blood+1","Intimidate","Dual Wield","Fiend Fire","Searing Blow","Warcry","Enlightenment+1","Shockwave","Disarm"],"relics":["Burning Blood","Self Forming Clay","Anchor","Regal Pillow"],"acts_visited":["Exordium"],"potions_floor_usage":[7,12,14,14,14,14],"damage_taken":[{"damage":2,"enemies":"2 Louse","floor":1,"turns":3},{"damage":3,"enemies":"Jaw Worm","floor":5,"turns":4},{"damage":0,"enemies":"Cultist","floor":7,"turns":3},{"damage":38,"enemies":"Gremlin Gang","floor":8,"turns":5},{"damage":7,"enemies":"Looter","floor":10,"turns":3},{"damage":13,"enemies":"2 Fungi Beasts","floor":11,"turns":3},{"damage":21,"enemies":"Gremlin Nob","floor":12,"turns":4},{"damage":15,"enemies":"3 Sentries","floor":14,"turns":8},{"damage":24,"enemies":"Slime Boss","floor":16,"turns":6}],"seed_played":"7191358321384867977","potions_obtained":[{"floor":0,"key":"CultistPotion"},{"floor":0,"key":"Weak Potion"},{"floor":0,"key":"Weak Potion"},{"floor":1,"key":"EntropicBrew"},{"floor":5,"key":"AttackPotion"},{"floor":10,"key":"SpeedPotion"},{"floor":12,"key":"DuplicationPotion"}],"is_trial":false,"path_per_floor":["M","?","$","?","M","R","M","M","T","M","M","E","$","E","R","B"],"character_chosen":"IRONCLAD","items_purchased":["Enlightenment","Shockwave"],"campfire_rested":0,"item_purchase_floors":[13,13],"current_hp_per_floor":[80,80,80,73,76,76,80,48,48,47,40,25,25,16,16,0,0],"gold":61,"neow_bonus":"THREE_SMALL_POTIONS","is_daily":false,"chose_seed":false,"campfire_upgraded":2,"win_rate":0.0,"timestamp":1613538789,"path_taken":["M","?","$","?","M","R","M","M","T","M","M","E","$","E","R","BOSS"],"items_purchased_type":["Card","Card"],"build_version":"2020-12-22","purchased_purges":1,"victory":false,"max_hp_per_floor":[80,80,80,80,80,80,80,80,80,80,80,80,80,80,80,80,80],"card_choices":[{"not_picked":["Body Slam","Flex"],"picked":"Ghostly Armor","floor":1},{"not_picked":["Metallicize","Twin Strike"],"picked":"Blood for Blood","floor":5},{"not_picked":["Clash","Sword Boomerang"],"picked":"Intimidate","floor":7},{"not_picked":["Spot Weakness","Rupture"],"picked":"Dual Wield","floor":8},{"not_picked":["Iron Wave","Havoc"],"picked":"Fiend Fire","floor":10},{"not_picked":["Dark Embrace","Infernal Blade"],"picked":"Searing Blow","floor":11},{"not_picked":["Iron Wave","Pommel Strike"],"picked":"Warcry","floor":12},{"not_picked":["Blood for Blood","Dual Wield"],"picked":"Disarm","floor":14}],"player_experience":24821,"relics_obtained":[{"floor":9,"key":"Self Forming Clay"},{"floor":12,"key":"Anchor"},{"floor":14,"key":"Regal Pillow"}],"event_choices":[{"cards_removed":["Strike_R"],"damage_healed":0,"gold_gain":0,"player_choice":"Card Removal","damage_taken":0,"max_hp_gain":0,"max_hp_loss":0,"event_name":"The Cleric","floor":2,"gold_loss":50},{"cards_removed":["Strike_R"],"damage_healed":0,"gold_gain":0,"player_choice":"Card Removal","damage_taken":7,"max_hp_gain":0,"max_hp_loss":0,"event_name":"Golden Wing","floor":4,"gold_loss":0}],"is_beta":false,"boss_relics":[],"items_purged_floors":[13],"is_endless":false,"potions_floor_spawned":[1,5,10,12],"killed_by":"Slime Boss","ascension_level":0}}