{"host":"3syfdf73vqzvzpwj","time":1613594086,"event":{"mods":["AchievementEnabler","BaseMod","Colored Map","Minty Spire (QoL Compilation)","everything is the same but u backflip on backflip"],"gold_per_floor":[117,117,82,82,357,397,413,456,456,456,456,7,20,43,43,168,168,186,186,199,220,255,286,286,309,335,335,349,370,409,212,212,338,338,354,370,370,33,53,53,92,113,184,80,99,124,167,190,190,190],"floor_reached":51,"language":"KOR","playtime":2117,"items_purged":["Defend_G"],"score":1099,"play_id":"50f30ebe-56a7-4d79-bbe5-db341e402166","local_time":"20210218053446","is_ascension_mode":true,"campfire_choices":[{"floor":15.0,"key":"REST"},{"floor":24.0,"key":"REST"},{"floor":32.0,"key":"REST"},{"data":"Envenom","floor":40.0,"key":"SMITH"},{"floor":49,"key":"REST"}],"circlet_count":0,"master_deck":["Strike_G","Strike_G","Strike_G","Strike_G","Strike_G","Defend_G","Defend_G","Defend_G","Defend_G","Survivor","Neutralize","Terror","Blade Dance","Deadly Poison","Poisoned Stab","After Image+1","Crippling Poison+1","Deadly Poison+1","Cloak And Dagger+1","Injury","PiercingWail+1","Bane+1","After Image","Infinite Blades","Envenom+1","Deadly Poison+1","Riddle With Holes+1","Decay","Dagger Spray+1","Corpse Explosion+1","Doubt","Deadly Poison+1","Catalyst+1"],"relics":["Ring of the Snake","NeowsBlessing","Golden Idol","Kunai","Snake Skull","InkBottle","Centennial Puzzle","Toxic Egg 2","Boot","CaptainsWheel","Cursed Key","FaceOfCleric","Red Mask","Du-Vu Doll","Strawberry","StrikeDummy","Black Star","Paper Crane","Lantern","The Specimen","Ninja Scroll","Letter Opener","Orichalcum"],"acts_visited":["Exordium","TheCity","TheBeyond"],"potions_floor_usage":[50,50],"damage_taken":[{"damage":0.0,"enemies":"2 Louse","floor":1.0,"turns":1.0},{"damage":0.0,"enemies":"3 Sentries","floor":6.0,"turns":2.0},{"damage":0.0,"enemies":"Cultist","floor":7.0,"turns":1.0},{"damage":26.0,"enemies":"Lagavulin","floor":8.0,"turns":11.0},{"damage":1.0,"enemies":"Jaw Worm","floor":13.0,"turns":2.0},{"damage":0.0,"enemies":"Looter","floor":14.0,"turns":3.0},{"damage":17.0,"enemies":"The Guardian","floor":16.0,"turns":8.0},{"damage":2.0,"enemies":"Chosen","floor":18.0,"turns":4.0},{"damage":12.0,"enemies":"2 Thieves","floor":20.0,"turns":4.0},{"damage":2.0,"enemies":"Centurion and Healer","floor":21.0,"turns":6.0},{"damage":4.0,"enemies":"Masked Bandits","floor":22.0,"turns":4.0},{"damage":35.0,"enemies":"Gremlin Leader","floor":23.0,"turns":5.0},{"damage":7.0,"enemies":"Snake Plant","floor":25.0,"turns":4.0},{"damage":0.0,"enemies":"Snecko","floor":28.0,"turns":5.0},{"damage":7.0,"enemies":"Cultist and Chosen","floor":29.0,"turns":5.0},{"damage":3.0,"enemies":"Slavers","floor":30.0,"turns":4.0},{"damage":24.0,"enemies":"Champ","floor":33.0,"turns":9.0},{"damage":11.0,"enemies":"3 Darklings","floor":35.0,"turns":5.0},{"damage":6.0,"enemies":"Orb Walker","floor":36.0,"turns":4.0},{"damage":13.0,"enemies":"Writhing Mass","floor":39.0,"turns":4.0},{"damage":11.0,"enemies":"Nemesis","floor":41.0,"turns":5.0},{"damage":4.0,"enemies":"4 Shapes","floor":42.0,"turns":4.0},{"damage":0,"enemies":"Jaw Worm Horde","floor":45,"turns":2},{"damage":4,"enemies":"Transient","floor":46,"turns":5},{"damage":19,"enemies":"Giant Head","floor":47,"turns":6},{"damage":0,"enemies":"Sphere and 2 Shapes","floor":48,"turns":3},{"damage":56,"enemies":"Awakened One","floor":50,"turns":9}],"seed_played":"-7665627159095742192","potions_obtained":[{"floor":14.0,"key":"Strength Potion"},{"floor":16.0,"key":"BlessingOfTheForge"},{"floor":18.0,"key":"DistilledChaos"},{"floor":25.0,"key":"SteroidPotion"},{"floor":29.0,"key":"Block Potion"},{"floor":30.0,"key":"DistilledChaos"},{"floor":33.0,"key":"SpeedPotion"},{"floor":39.0,"key":"SteroidPotion"},{"floor":41.0,"key":"FairyPotion"}],"is_trial":false,"path_per_floor":["M","?","?","?","?","E","M","E","T","T","?","$","M","M","R","B",null,"M","?","M","M","?","E","R","M","T","?","M","M","E","$","R","B",null,"M","M","?","$","M","R","E","M","T","$","M","M","E","M","R","B",null],"character_chosen":"THE_SILENT","items_purchased":["Boot","CaptainsWheel","Infinite Blades","AttackPotion","Paper Crane","CunningPotion","EntropicBrew"],"campfire_rested":4,"item_purchase_floors":[12,12,31,31,38,38,44],"current_hp_per_floor":[70,53,70,67,67,67,67,41,41,41,41,41,40,40,61,44,64,62,62,51,50,47,13,35,29,36,36,37,31,29,29,54,31,72,62,57,57,57,45,45,35,32,32,32,33,30,12,13,41,29],"gold":190,"neow_bonus":"THREE_ENEMY_KILL","is_daily":false,"chose_seed":false,"campfire_upgraded":1,"win_rate":0.0,"timestamp":1613594086,"path_taken":["M","?","?","?","?","E","?","E","T","?","?","$","M","M","R","BOSS","M","?","?","M","?","E","R","M","T","?","?","M","E","?","R","BOSS","M","M","?","$","M","R","E","M","T","?","?","M","E","M","R","BOSS"],"items_purchased_type":["Relic","Relic","Card","Potion","Relic","Potion","Potion"],"build_version":"2020-12-22","purchased_purges":1,"victory":true,"max_hp_per_floor":[70,70,70,70,70,70,70,70,70,70,70,70,70,70,70,70,70,70,70,71,72,73,74,74,75,82,82,83,84,85,85,85,86,86,87,88,88,88,89,89,90,91,91,91,92,93,94,95,95,96],"card_choices":[{"not_picked":["Deflect","Flying Knee"],"picked":"Terror","floor":1.0},{"not_picked":["Slice","Sucker Punch","Wraith Form v2"],"picked":"SKIP","floor":6.0},{"not_picked":["Slice","Acrobatics"],"picked":"Blade Dance","floor":7.0},{"not_picked":["PiercingWail","Slice"],"picked":"Deadly Poison","floor":8.0},{"not_picked":["Accuracy","Calculated Gamble+1"],"picked":"Poisoned Stab","floor":13.0},{"not_picked":["Dodge and Roll+1","Quick Slash","Dash"],"picked":"SKIP","floor":14.0},{"not_picked":["Burst+1","Doppelganger+1"],"picked":"After Image","floor":16.0},{"not_picked":["Slice","Concentrate+1"],"picked":"Crippling Poison+1","floor":18.0},{"not_picked":["Sucker Punch+1","Bane+1"],"picked":"Deadly Poison+1","floor":20.0},{"not_picked":["Slice+1","Endless Agony"],"picked":"Cloak And Dagger+1","floor":21.0},{"not_picked":["Flying Knee","Deflect+1","Leg Sweep+1"],"picked":"SKIP","floor":23.0},{"not_picked":["Flechettes","Backflip+1","Skewer"],"picked":"SKIP","floor":25.0},{"not_picked":["Dagger Spray","Night Terror+1"],"picked":"PiercingWail+1","floor":28.0},{"not_picked":["Expertise+1","Caltrops"],"picked":"Bane+1","floor":29.0},{"not_picked":["Leg Sweep+1","Backflip+1"],"picked":"After Image","floor":30.0},{"not_picked":["Die Die Die","Doppelganger+1"],"picked":"Envenom","floor":33.0},{"not_picked":["Tactician+1","Underhanded Strike+1"],"picked":"Deadly Poison+1","floor":35.0},{"not_picked":["Skewer+1","Flechettes+1"],"picked":"Riddle With Holes+1","floor":36.0},{"not_picked":["All Out Attack","Setup+1"],"picked":"Dagger Spray+1","floor":39.0},{"not_picked":["Dodge and Roll+1","Phantasmal Killer+1"],"picked":"Corpse Explosion+1","floor":41.0},{"not_picked":["Accuracy+1","Dodge and Roll+1","Infinite Blades"],"picked":"SKIP","floor":42.0},{"not_picked":["Cloak And Dagger+1","Crippling Poison+1"],"picked":"Deadly Poison+1","floor":45},{"not_picked":["PiercingWail+1","Backstab"],"picked":"Catalyst+1","floor":46},{"not_picked":["Crippling Poison+1","Predator","Tactician+1"],"picked":"SKIP","floor":47},{"not_picked":["Acrobatics+1","Poisoned Stab+1","Quick Slash"],"picked":"SKIP","floor":48}],"player_experience":207013,"relics_obtained":[{"floor":6.0,"key":"Snake Skull"},{"floor":8.0,"key":"InkBottle"},{"floor":9.0,"key":"Centennial Puzzle"},{"floor":10.0,"key":"Toxic Egg 2"},{"floor":22.0,"key":"Red Mask"},{"floor":23.0,"key":"Du-Vu Doll"},{"floor":26.0,"key":"Strawberry"},{"floor":30.0,"key":"StrikeDummy"},{"floor":41.0,"key":"Lantern"},{"floor":41.0,"key":"The Specimen"},{"floor":43.0,"key":"Ninja Scroll"},{"floor":47,"key":"Letter Opener"},{"floor":47,"key":"Orichalcum"}],"event_choices":[{"damage_healed":0.0,"max_hp_gain":0.0,"max_hp_loss":0.0,"gold_gain":0.0,"event_name":"Golden Idol","player_choice":"Take Damage","floor":2.0,"gold_loss":0.0,"damage_taken":17.0,"relics_obtained":["Golden Idol"]},{"damage_healed":17.0,"max_hp_gain":0.0,"max_hp_loss":0.0,"gold_gain":0.0,"event_name":"The Cleric","player_choice":"Healed","floor":3.0,"gold_loss":35.0,"damage_taken":0.0},{"damage_healed":0.0,"max_hp_gain":0.0,"max_hp_loss":0.0,"gold_gain":0.0,"event_name":"Scrap Ooze","player_choice":"Success","floor":4.0,"gold_loss":0.0,"damage_taken":3.0,"relics_obtained":["Kunai"]},{"damage_healed":0.0,"max_hp_gain":0.0,"max_hp_loss":0.0,"gold_gain":275.0,"event_name":"Golden Shrine","player_choice":"Desecrate","floor":5.0,"gold_loss":0.0,"damage_taken":0.0,"cards_obtained":["Regret"]},{"cards_removed":["Regret"],"damage_healed":0.0,"max_hp_gain":0.0,"max_hp_loss":0.0,"gold_gain":0.0,"event_name":"Purifier","player_choice":"Purged","floor":11.0,"gold_loss":0.0,"damage_taken":0.0},{"damage_healed":0.0,"max_hp_gain":0.0,"max_hp_loss":0.0,"gold_gain":0.0,"event_name":"FaceTrader","player_choice":"Trade","floor":19.0,"gold_loss":0.0,"damage_taken":0.0,"relics_obtained":["FaceOfCleric"]},{"damage_healed":0.0,"max_hp_gain":0.0,"max_hp_loss":0.0,"gold_gain":0.0,"event_name":"Masked Bandits","player_choice":"Fought Bandits","floor":22.0,"gold_loss":0.0,"damage_taken":0.0},{"damage_healed":0.0,"max_hp_gain":0.0,"max_hp_loss":0.0,"gold_gain":0.0,"event_name":"Upgrade Shrine","player_choice":"Upgraded","floor":27.0,"gold_loss":0.0,"damage_taken":0.0,"cards_upgraded":["After Image"]},{"damage_healed":0.0,"max_hp_gain":0.0,"max_hp_loss":0.0,"gold_gain":0.0,"event_name":"Wheel of Change","player_choice":"Cursed","floor":37.0,"gold_loss":0.0,"damage_taken":0.0,"cards_obtained":["Decay"]}],"is_beta":false,"boss_relics":[{"not_picked":["Astrolabe","Ectoplasm"],"picked":"Cursed Key"},{"not_picked":["SacredBark","Sozu"],"picked":"Black Star"}],"items_purged_floors":[31],"is_endless":false,"potions_floor_spawned":[14,16,18,25,29,30,33,39,41,47],"ascension_level":5}}