{"host":"a6ztjasp7lxlo10n","time":1613537742,"event":{"mods":["Act Like it!","BaseMod","Colored Map","Marisa£®ÏF”Í°°ƒß¿Ì…≥£©","Minty Spire (QoL Compilation)","Quick Restart","StSLib","SuperFastMode","UnlockEverythingMod"],"gold_per_floor":[119,119,44,61,111,145,145,176,176,190,190,90,101,130,130,130,130],"floor_reached":16,"language":"ZHS","playtime":446,"items_purged":["Strike_R","Bash"],"score":286,"play_id":"39c70fb8-a090-40af-bbde-97df15b7a703","local_time":"20210217125542","is_ascension_mode":true,"campfire_choices":[{"data":"Body Slam","floor":7.0,"key":"SMITH"},{"data":"Uppercut","floor":11.0,"key":"SMITH"},{"floor":15,"key":"REST"}],"circlet_count":0,"master_deck":["AscendersBane","Strike_R","Strike_R","Strike_R","Strike_R","Defend_R","Defend_R","Defend_R","Defend_R","Uppercut+1","Body Slam+1","Shrug It Off","Carnage","Limit Break"],"relics":["Burning Blood","NeowsBlessing","Bag of Preparation","Strawberry","Paper Frog","The Courier"],"acts_visited":["Exordium"],"potions_floor_usage":[13,13],"damage_taken":[{"damage":0.0,"enemies":"Jaw Worm","floor":1.0,"turns":1.0},{"damage":0.0,"enemies":"Cultist","floor":4.0,"turns":1.0},{"damage":0.0,"enemies":"Lagavulin","floor":6.0,"turns":1.0},{"damage":42.0,"enemies":"3 Sentries","floor":8.0,"turns":8.0},{"damage":7.0,"enemies":"Small Slimes","floor":10.0,"turns":3.0},{"damage":13,"enemies":"Exordium Thugs","floor":13,"turns":4},{"damage":46,"enemies":"Lagavulin","floor":14,"turns":9},{"damage":40,"enemies":"Hexaghost","floor":16,"turns":9}],"seed_played":"2124323351583196005","potions_obtained":[{"floor":4.0,"key":"PowerPotion"},{"floor":8.0,"key":"Strength Potion"},{"floor":10.0,"key":"BloodPotion"}],"is_trial":false,"path_per_floor":["M","?","$","M","?","E","R","E","T","M","R","$","M","E","R","B"],"character_chosen":"IRONCLAD","items_purchased":[],"campfire_rested":1,"item_purchase_floors":[],"current_hp_per_floor":[74,74,74,75,75,75,75,46,46,45,45,45,54,14,38,0,0],"gold":130,"neow_bonus":"THREE_ENEMY_KILL","is_daily":false,"chose_seed":false,"campfire_upgraded":2,"win_rate":0.0,"timestamp":1613537742,"path_taken":["M","?","$","?","?","E","R","E","T","M","R","$","M","E","R","BOSS"],"items_purchased_type":[],"build_version":"2020-12-22","purchased_purges":2,"victory":false,"max_hp_per_floor":[75,75,75,75,75,75,75,82,82,82,82,82,82,82,82,82,82],"card_choices":[{"not_picked":["Flex","Thunderclap","Clothesline"],"picked":"SKIP","floor":1.0},{"not_picked":["Entrench","Armaments"],"picked":"Body Slam","floor":4.0},{"not_picked":["Uppercut","Twin Strike","Sentinel"],"picked":"SKIP","floor":6.0},{"not_picked":["Clothesline","Spot Weakness"],"picked":"Shrug It Off","floor":8.0},{"not_picked":["Clothesline","Armaments"],"picked":"Carnage","floor":10.0},{"not_picked":["Heavy Blade","Infernal Blade"],"picked":"Limit Break","floor":13},{"not_picked":["Dark Embrace","Cleave","Pommel Strike"],"picked":"SKIP","floor":14}],"player_experience":242882,"relics_obtained":[{"floor":6.0,"key":"Bag of Preparation"},{"floor":8.0,"key":"Strawberry"},{"floor":9.0,"key":"Paper Frog"},{"floor":14,"key":"The Courier"}],"event_choices":[{"damage_healed":0.0,"max_hp_gain":0.0,"max_hp_loss":0.0,"gold_gain":0.0,"event_name":"Match and Keep!","player_choice":"1 cards matched","floor":2.0,"gold_loss":0.0,"damage_taken":0.0,"cards_obtained":["Uppercut"]},{"damage_healed":0.0,"max_hp_gain":0.0,"max_hp_loss":0.0,"gold_gain":50.0,"event_name":"Golden Shrine","player_choice":"Pray","floor":5.0,"gold_loss":0.0,"damage_taken":0.0}],"is_beta":false,"boss_relics":[],"items_purged_floors":[3,12],"is_endless":false,"potions_floor_spawned":[4,8,10],"killed_by":"Hexaghost","ascension_level":20}}