{"host":"4nv61ujg37lx5d7m","time":1613541888,"event":{"mods":["BaseMod","Minty Spire (QoL Compilation)","Quick Restart"],"gold_per_floor":[113,132,132,82,82,120,120,155,182,222,237,258,258,11,11,11,11],"floor_reached":16,"language":"ZHS","playtime":283,"items_purged":[],"score":200,"play_id":"efb50dec-d530-4f2a-a9d2-495203b07e35","local_time":"20210217140448","is_ascension_mode":true,"campfire_choices":[{"data":"Hemokinesis","floor":7.0,"key":"SMITH"},{"floor":15,"key":"REST"}],"circlet_count":0,"master_deck":["Strike_R","Strike_R","Strike_R","Strike_R","Strike_R","Defend_R+1","Defend_R+1","Defend_R","Defend_R","Bash","Feel No Pain","Hemokinesis+1","Anger","Sever Soul","Ghostly Armor","Shockwave","Cleave"],"relics":["Burning Blood","NeowsBlessing","War Paint","Golden Idol","Toy Ornithopter","Pen Nib","Strawberry","Girya","Blue Candle","Kunai"],"acts_visited":["Exordium"],"potions_floor_usage":[10],"damage_taken":[{"damage":0.0,"enemies":"Cultist","floor":1.0,"turns":1.0},{"damage":0.0,"enemies":"2 Louse","floor":2.0,"turns":1.0},{"damage":0.0,"enemies":"Gremlin Nob","floor":6.0,"turns":1.0},{"damage":58,"enemies":"Lagavulin","floor":8,"turns":9},{"damage":18,"enemies":"Gremlin Nob","floor":10,"turns":3},{"damage":0,"enemies":"Small Slimes","floor":11,"turns":2},{"damage":8,"enemies":"Looter","floor":12,"turns":3},{"damage":0,"enemies":"The Guardian","floor":16,"turns":1}],"seed_played":"-7577675643190762811","potions_obtained":[{"floor":1.0,"key":"SteroidPotion"},{"floor":6.0,"key":"BlessingOfTheForge"},{"floor":12,"key":"PowerPotion"}],"is_trial":false,"path_per_floor":["M","M","?","?","?","E","R","E","T","E","M","M","T","$","R","B"],"character_chosen":"IRONCLAD","items_purchased":["Kunai"],"campfire_rested":1,"item_purchase_floors":[14],"current_hp_per_floor":[78,80,80,80,60,66,66,14,21,14,20,18,18,18,44,44,44],"gold":11,"neow_bonus":"THREE_ENEMY_KILL","is_daily":false,"chose_seed":false,"campfire_upgraded":1,"win_rate":0.0,"timestamp":1613541888,"path_taken":["M","?","?","?","?","E","R","E","T","E","M","M","?","$","R","BOSS"],"items_purchased_type":["Relic"],"build_version":"2020-12-22","purchased_purges":0,"victory":false,"max_hp_per_floor":[80,80,80,80,80,80,80,80,87,87,87,87,87,87,87,87,87],"card_choices":[{"not_picked":["Uppercut","Twin Strike"],"picked":"Feel No Pain","floor":1.0},{"not_picked":["Armaments","Sword Boomerang"],"picked":"Hemokinesis","floor":2.0},{"not_picked":["Entrench","Blood for Blood"],"picked":"Anger","floor":6.0},{"not_picked":["Disarm","True Grit"],"picked":"Sever Soul","floor":8},{"not_picked":["Dual Wield","Anger"],"picked":"Ghostly Armor","floor":10},{"not_picked":["Havoc","Clash"],"picked":"Shockwave","floor":11},{"not_picked":["Searing Blow","Perfected Strike"],"picked":"Cleave","floor":12}],"player_experience":45908,"relics_obtained":[{"floor":6.0,"key":"Toy Ornithopter"},{"floor":8,"key":"Pen Nib"},{"floor":9,"key":"Strawberry"},{"floor":10,"key":"Girya"},{"floor":13,"key":"Blue Candle"}],"event_choices":[{"damage_healed":0.0,"max_hp_gain":0.0,"max_hp_loss":0.0,"gold_gain":0.0,"event_name":"Big Fish","player_choice":"Box","floor":3.0,"gold_loss":0.0,"damage_taken":0.0,"relics_obtained":["War Paint"],"cards_obtained":["Regret"]},{"cards_removed":["Regret"],"damage_healed":0.0,"max_hp_gain":0.0,"max_hp_loss":0.0,"gold_gain":0.0,"event_name":"The Cleric","player_choice":"Card Removal","floor":4.0,"gold_loss":50.0,"damage_taken":0.0},{"damage_healed":0.0,"max_hp_gain":0.0,"max_hp_loss":0.0,"gold_gain":0.0,"event_name":"Golden Idol","player_choice":"Take Damage","floor":5.0,"gold_loss":0.0,"damage_taken":20.0,"relics_obtained":["Golden Idol"]}],"is_beta":false,"boss_relics":[],"items_purged_floors":[],"is_endless":false,"potions_floor_spawned":[1,6,12],"killed_by":"The Guardian","ascension_level":8}}