{"host":"lstr3pesnbx2qpzo","time":1613596696,"event":{"mods":["Aspiration","BaseMod","Conspire","Downfall","Hubris","Infinite Spire","Minty Spire (QoL Compilation)","Replay The Spire","StSLib"],"gold_per_floor":[99,99,99,31,45,45,45,63,92,5,5,5,5,23,39,140,140,140,159,171,276,292,307,307,307,307,307],"floor_reached":25,"language":"ENG","playtime":999,"items_purged":[],"score":201,"play_id":"7713fb29-0dfe-490e-8813-a83bfb6d4e8e","local_time":"20210217141816","is_ascension_mode":false,"campfire_choices":[{"data":"bronze:Replicate","floor":1,"key":"SMITH"},{"data":"bronze:ChosenStrike","floor":6,"key":"SMITH"},{"data":"bronze:ClassDefault","floor":13,"key":"SMITH"},{"data":"bronze:Optimize","floor":18,"key":"SMITH"}],"circlet_count":0,"master_deck":["bronze:Strike","bronze:Strike","bronze:Strike","bronze:Strike","bronze:Defend","bronze:Defend","bronze:Defend","bronze:Defend","bronze:Replicate+1","bronze:Goto+1","bronze:CutThrough+1","bronze:WhirlingStrike+1","bronze:ChosenStrike+1","bronze:Optimize+1","bronze:Branch","bronze:CleanCode","bronze:Branch","bronze:ClassDefault+1","Parasite","bronze:Flail+1","bronze:Iterate","bronze:WhirlingStrike+1"],"relics":["bronze:BronzeCore","downfall:HeartsMalice","Bag of Preparation","Smiling Mask","hubris:HollowSoul","Bag of Marbles"],"acts_visited":["Exordium","TheCity"],"potions_floor_usage":[16,25],"damage_taken":[{"damage":0,"enemies":"Cultist","floor":2,"turns":1},{"damage":0,"enemies":"Jaw Worm","floor":3,"turns":1},{"damage":0,"enemies":"downfall:FleeingMerchant","floor":4,"turns":1},{"damage":8,"enemies":"2 Louse","floor":5,"turns":2},{"damage":0,"enemies":"Red Slaver","floor":8,"turns":1},{"damage":13,"enemies":"3 Sentries","floor":9,"turns":3},{"damage":5,"enemies":"downfall:FleeingMerchant","floor":10,"turns":4},{"damage":0,"enemies":"Lots of Slimes","floor":14,"turns":1},{"damage":0,"enemies":"Large Slime","floor":15,"turns":1},{"damage":76,"enemies":"WA_ARCHETYPE_RETAIN","floor":16,"turns":8},{"damage":10,"enemies":"3 Byrds","floor":19,"turns":5},{"damage":2,"enemies":"Chosen","floor":20,"turns":4},{"damage":32,"enemies":"Centurion and Healer","floor":22,"turns":4},{"damage":1,"enemies":"3 Cultists","floor":23,"turns":4},{"damage":0,"enemies":"Nightmare","floor":25,"turns":1}],"seed_played":"4607015671930282673","potions_obtained":[{"floor":5,"key":"Venom Potion"},{"floor":8,"key":"FairyPotion"},{"floor":9,"key":"SkillPotion"},{"floor":19,"key":"hexamod:SoulburnPotion"},{"floor":22,"key":"Explosive Potion"}],"is_trial":false,"path_per_floor":["R","M","M","$","M","R","T","M","E","$","?","?","R","M","M","B",null,"R","M","M","?","M","M","T","NM"],"character_chosen":"THE_AUTOMATON","items_purchased":["bronze:ChosenStrike","bronze:ClassDefault"],"campfire_rested":0,"item_purchase_floors":[4,10],"current_hp_per_floor":[70,70,70,70,62,62,62,62,49,44,61,61,61,61,61,21,70,70,60,58,58,26,25,25,14,14,14],"gold":307,"neow_bonus":"THREE_ENEMY_KILL","is_daily":false,"chose_seed":false,"campfire_upgraded":4,"win_rate":0.0,"timestamp":1613596696,"path_taken":["R","M","M","$","?","R","T","M","E","$","?","?","R","?","M","BOSS","R","M","?","?","?","M","T","NM"],"items_purchased_type":["Card","Card"],"build_version":"2020-12-22","purchased_purges":0,"victory":false,"max_hp_per_floor":[70,70,70,70,70,70,70,70,70,70,70,70,70,70,70,70,70,70,70,70,70,70,70,70,14,14,14],"card_choices":[{"not_picked":["bronze:BitShift","bronze:ForLoop"],"picked":"bronze:CutThrough","floor":2},{"not_picked":["bronze:Allocate","bronze:ChildClass","bronze:Deprecate"],"picked":"SKIP","floor":3},{"not_picked":["bronze:Overheat","bronze:Turbo"],"picked":"bronze:WhirlingStrike","floor":4},{"not_picked":["bronze:WhirlingStrike","bronze:BugBarrage"],"picked":"bronze:Optimize","floor":5},{"not_picked":["bronze:DigitalCarnage","bronze:Shield"],"picked":"bronze:Branch","floor":8},{"not_picked":["bronze:BuggyMess","bronze:Repair"],"picked":"bronze:CleanCode","floor":9},{"not_picked":["bronze:CutThrough","bronze:Deprecate"],"picked":"bronze:Branch","floor":10},{"not_picked":["bronze:Terminator","bronze:OilSpill","bronze:Turbo"],"picked":"SKIP","floor":14},{"not_picked":["bronze:ItsAFeature","bronze:Branch","bronze:DigitalCarnage"],"picked":"SKIP","floor":15},{"not_picked":["bronze:WildBeam","bronze:Safeguard+1"],"picked":"bronze:Flail+1","floor":19},{"not_picked":["bronze:Terminator","bronze:Shield","bronze:WildBeam"],"picked":"SKIP","floor":20},{"not_picked":["bronze:Turbo","bronze:Deprecate"],"picked":"bronze:Iterate","floor":21},{"not_picked":["bronze:NullPointer","bronze:WildBeam"],"picked":"bronze:WhirlingStrike+1","floor":21},{"not_picked":["bronze:DigitalCarnage","bronze:ClassDefault","bronze:Repulsor+1"],"picked":"SKIP","floor":22},{"not_picked":["bronze:CloningBeam","bronze:Deprecate","bronze:Terminator"],"picked":"SKIP","floor":23}],"player_experience":259916,"relics_obtained":[{"floor":7,"key":"Bag of Preparation"},{"floor":9,"key":"Smiling Mask"},{"floor":24,"key":"Bag of Marbles"}],"event_choices":[{"damage_healed":17,"gold_gain":0,"player_choice":"Healed and dodged fight","damage_taken":0,"max_hp_gain":0,"max_hp_loss":0,"event_name":"Mushrooms","floor":11,"gold_loss":0,"cards_obtained":["Parasite"]}],"is_beta":false,"boss_relics":[{"not_picked":["Runic Pyramid","hubris:GrandSneckoEye"],"picked":"hubris:HollowSoul"}],"items_purged_floors":[],"is_endless":false,"potions_floor_spawned":[5,8,9,15,19,22],"killed_by":"Nightmare","ascension_level":0}}