{"host":"sav7uxregyirlf69","time":1613545368,"event":{"mods":["AchievementEnabler","BaseMod","Colored Map","DeckTracker","Keyboard Shortcuts","Minty Spire (QoL Compilation)","READ ME - Guardian Mod","StSLib","SuperFastMode"],"gold_per_floor":[114,114,114,124,124,124,150,162,230,230,241,241,258,273,273,346,346,366,384,42,42,61,61,151,151,151,169,183,183,183,209,209,281,281,293,293,293,348,367,367,367],"floor_reached":40,"language":"KOR","playtime":662,"items_purged":["Strike_G"],"score":912,"play_id":"957529a1-c4bf-46da-a18d-6e2545c95e20","local_time":"20210217160248","is_ascension_mode":true,"campfire_choices":[{"data":"Deadly Poison","floor":6,"key":"SMITH"},{"data":"Neutralize","floor":10,"key":"SMITH"},{"data":"Catalyst","floor":12,"key":"SMITH"},{"data":"Reflex","floor":15,"key":"SMITH"},{"data":"Adrenaline","floor":23,"key":"SMITH"},{"floor":25,"key":"REST"},{"data":"Bouncing Flask","floor":32,"key":"SMITH"}],"circlet_count":0,"master_deck":["AscendersBane","Strike_G+1","Strike_G+1","Defend_G","Defend_G","Defend_G","Survivor","Neutralize+1","Deadly Poison+1","Reflex+1","Dagger Throw","Catalyst+1","Adrenaline+1","Adrenaline","Acrobatics","Bouncing Flask+1","Bullet Time","Backflip"],"relics":["Ring of the Snake","NeowsBlessing","Nunchaku","Mercury Hourglass","Runic Pyramid","Sundial","Anchor","Singing Bowl","Empty Cage","Art of War"],"acts_visited":["Exordium","TheCity","TheBeyond"],"potions_floor_usage":[16,16,28,31,33,40],"damage_taken":[{"damage":0,"enemies":"Small Slimes","floor":1,"turns":1},{"damage":0,"enemies":"2 Louse","floor":4,"turns":1},{"damage":0,"enemies":"Gremlin Nob","floor":7,"turns":1},{"damage":4,"enemies":"Cultist","floor":8,"turns":3},{"damage":4,"enemies":"3 Louse","floor":11,"turns":2},{"damage":11,"enemies":"Looter","floor":13,"turns":2},{"damage":4,"enemies":"Large Slime","floor":14,"turns":2},{"damage":4,"enemies":"Hexaghost","floor":16,"turns":7},{"damage":14,"enemies":"2 Thieves","floor":18,"turns":4},{"damage":4,"enemies":"Chosen","floor":19,"turns":3},{"damage":0,"enemies":"Snecko","floor":22,"turns":3},{"damage":1,"enemies":"Centurion and Healer","floor":27,"turns":4},{"damage":6,"enemies":"Sentry and Sphere","floor":28,"turns":5},{"damage":5,"enemies":"Slavers","floor":31,"turns":5},{"damage":24,"enemies":"Automaton","floor":33,"turns":8},{"damage":9,"enemies":"3 Shapes","floor":35,"turns":4},{"damage":0,"enemies":"Orb Walker","floor":39,"turns":2},{"damage":49,"enemies":"Reptomancer","floor":40,"turns":4}],"seed_played":"-1881274989396036710","potions_obtained":[{"floor":8,"key":"CunningPotion"},{"floor":13,"key":"LiquidBronze"},{"floor":16,"key":"AttackPotion"},{"floor":18,"key":"Strength Potion"},{"floor":22,"key":"Block Potion"},{"floor":30,"key":"GhostInAJar"},{"floor":33,"key":"SteroidPotion"},{"floor":35,"key":"Weak Potion"}],"is_trial":false,"path_per_floor":["M","?","?","M","?","R","E","M","T","R","M","R","M","M","R","B",null,"M","M","$","?","M","R","?","R","T","M","M","?","?","E","R","B",null,"M","?","?","T","M","E"],"character_chosen":"THE_SILENT","items_purchased":["Sundial"],"campfire_rested":1,"item_purchase_floors":[20],"current_hp_per_floor":[59,39,39,39,39,39,39,35,35,35,31,31,20,16,16,12,53,39,35,35,35,35,35,23,42,42,41,35,35,35,30,30,6,51,44,44,46,46,46,0,0],"gold":367,"neow_bonus":"THREE_ENEMY_KILL","is_daily":false,"chose_seed":false,"campfire_upgraded":6,"win_rate":0.0,"timestamp":1613545368,"path_taken":["M","?","?","?","?","R","E","M","T","R","M","R","M","M","R","BOSS","M","M","$","?","M","R","?","R","T","M","?","?","?","E","R","BOSS","M","?","?","?","?","E"],"items_purchased_type":["Relic"],"build_version":"2020-12-22","purchased_purges":1,"victory":false,"max_hp_per_floor":[66,66,66,66,66,66,66,66,66,66,66,66,66,66,66,66,66,66,66,66,66,66,66,66,66,66,66,66,66,66,66,66,66,66,68,68,70,70,70,70,70],"card_choices":[{"not_picked":["Outmaneuver","Cloak And Dagger"],"picked":"Deadly Poison","floor":1},{"not_picked":["Eviscerate","Sucker Punch","Flying Knee"],"picked":"SKIP","floor":4},{"not_picked":["Setup","Flying Knee"],"picked":"Reflex","floor":7},{"not_picked":["Prepared","PiercingWail"],"picked":"Dagger Throw","floor":8},{"not_picked":["Deflect","Reflex"],"picked":"Catalyst","floor":11},{"not_picked":["Blur","Finisher","Terror"],"picked":"SKIP","floor":13},{"not_picked":["Choke","Calculated Gamble"],"picked":"Adrenaline","floor":14},{"not_picked":["Bullet Time","Night Terror"],"picked":"Adrenaline","floor":16},{"not_picked":["Accuracy","Dash","Reflex"],"picked":"SKIP","floor":18},{"not_picked":["Flying Knee","Outmaneuver","Eviscerate"],"picked":"SKIP","floor":19},{"not_picked":["Quick Slash","Dagger Throw","Dodge and Roll+1"],"picked":"SKIP","floor":22},{"not_picked":["Deflect","Outmaneuver","Dagger Throw+1"],"picked":"SKIP","floor":27},{"not_picked":["Quick Slash","Dagger Throw"],"picked":"Acrobatics","floor":28},{"not_picked":["PiercingWail","Bane"],"picked":"Bouncing Flask","floor":31},{"not_picked":["Doppelganger","A Thousand Cuts"],"picked":"Bullet Time","floor":33},{"not_picked":["Poisoned Stab","PiercingWail","Deadly Poison+1"],"picked":"Singing Bowl","floor":35},{"not_picked":["Enlightenment","HandOfGreed","Mind Blast"],"picked":"Singing Bowl","floor":37},{"not_picked":["PiercingWail","Setup"],"picked":"Backflip","floor":39}],"player_experience":1593818,"relics_obtained":[{"floor":7,"key":"Nunchaku"},{"floor":9,"key":"Mercury Hourglass"},{"floor":26,"key":"Anchor"},{"floor":31,"key":"Singing Bowl"},{"floor":38,"key":"Art of War"}],"event_choices":[{"damage_healed":0,"gold_gain":0,"player_choice":"Entered Light","damage_taken":20,"max_hp_gain":0,"max_hp_loss":0,"event_name":"Shining Light","floor":2,"gold_loss":0,"cards_upgraded":["Strike_G","Strike_G"]},{"damage_healed":0,"gold_gain":0,"cards_transformed":["Defend_G"],"player_choice":"Transformed","damage_taken":0,"max_hp_gain":0,"max_hp_loss":0,"event_name":"Transmorgrifier","floor":3,"gold_loss":0,"cards_obtained":["Choke"]},{"damage_healed":0,"gold_gain":0,"player_choice":"Ignored","damage_taken":0,"max_hp_gain":0,"max_hp_loss":0,"event_name":"Liars Game","floor":5,"gold_loss":0},{"damage_healed":0,"gold_gain":90,"player_choice":"GOLD ","damage_taken":12,"max_hp_gain":0,"max_hp_loss":0,"event_name":"Knowing Skull","floor":24,"potions_obtained":[],"gold_loss":0,"cards_obtained":[]},{"cards_removed":["Strike_G"],"damage_healed":0,"gold_gain":0,"player_choice":"Elegance","damage_taken":0,"max_hp_gain":0,"max_hp_loss":0,"event_name":"Back to Basics","floor":29,"gold_loss":0},{"damage_healed":0,"gold_gain":0,"player_choice":"Got Potions","damage_taken":0,"max_hp_gain":0,"max_hp_loss":0,"event_name":"Lab","floor":30,"gold_loss":0},{"cards_removed":["Choke"],"damage_healed":0,"gold_gain":0,"player_choice":"Removed Attack","damage_taken":0,"max_hp_gain":0,"max_hp_loss":0,"event_name":"Falling","floor":36,"gold_loss":0},{"damage_healed":0,"gold_gain":0,"player_choice":"Memory 1","damage_taken":0,"max_hp_gain":0,"max_hp_loss":0,"event_name":"SensoryStone","floor":37,"gold_loss":0}],"is_beta":false,"boss_relics":[{"not_picked":["Pandora\u0027s Box","Ring of the Serpent"],"picked":"Runic Pyramid"},{"not_picked":["Calling Bell","Runic Dome"],"picked":"Empty Cage"}],"items_purged_floors":[20],"is_endless":false,"potions_floor_spawned":[8,13,16,18,22,33,35],"killed_by":"Reptomancer","ascension_level":20}}