{"host":"2m6tiise24ys9klz","time":1613526094,"event":{"mods":["BaseMod","Better Third Choice","Colored Map","Downfall","Highlight Path","Minty Spire (QoL Compilation)","StSLib"],"gold_per_floor":[99,99,99,99,199,199,199,209,241,256,284,313,331,351,362,465,465,265,275,305,95,95,95,95,95,110,110,140,140,168,185,204,308,308,208,218,234,234,250,250,250,386,436,470,470,496,95,95,114,114,114,140,103,103,103,103],"floor_reached":57,"language":"ENG","playtime":3683,"items_purged":[],"score":1562,"play_id":"88c3ea6e-1592-4ab1-b157-fc8d7e7be22d","local_time":"20210216174134","is_ascension_mode":true,"campfire_choices":[{"data":"Slimebound:Split","floor":1,"key":"SMITH"},{"data":"Slimebound:DouseInSlime","floor":6,"key":"SMITH"},{"data":"Slimebound:MassRepurpose","floor":18,"key":"SMITH"},{"floor":25,"key":"RECALL"},{"floor":35,"key":"REST"},{"floor":54,"key":"REST"}],"circlet_count":0,"master_deck":["Slimebound:Strike_Slimebound","Slimebound:Strike_Slimebound","Slimebound:Tackle","Slimebound:Defend_Slimebound","Slimebound:Defend_Slimebound","Slimebound:Split+1","Slimebound:CorrosiveSpit+1","Slimebound:SplitBruiser","Slimebound:SplitLeeching","Slimebound:DouseInSlime+1","Slimebound:ItLooksTasty","Slimebound:Prepare","Slimebound:Nibble","Slimebound:SamplingLick","Slimebound:SlimeBrawl","Slimebound:SlimeSpikes","Slimebound:SpikyOuterGoop","Slimebound:DisruptingSlam","Slimebound:RallyTheTroops","Slimebound:MassRepurpose+1","Slimebound:Prepare+1","Slimebound:LevelUp","Slimebound:LeechEnergy+1","Sadistic Nature","Slimebound:LevelUp","Slimebound:SlimeSpikes+1","Slimebound:GoopSpray+1","Slimebound:GoopSpray","Slimebound:RollThrough+1","Slimebound:DuplicatedForm","Slimebound:SlimeSpikes+1","Slimebound:SplitAcid+1","expansioncontent:DashGenerateEvil","expansioncontent:AwakenDeath","Slimebound:Teamwork","Slimebound:Gluttony","Slimebound:SplitSpecialist","Slimebound:SlimeBarrage","Slimebound:FormOfPuddle"],"relics":["Slimebound:AbsorbEndCombat","downfall:HeartsMalice","Juzu Bracelet","White Beast Statue","Blood Vial","Odd Mushroom","SlaversCollar","downfall:HeartBlessingGreen","downfall:HeartBlessingBlue","Red Mask","Bottled Lightning","Toy Ornithopter","WarpedTongs","Bag of Preparation","Fusion Hammer","downfall:HeartBlessingRed","Gremlin Horn","TungstenRod","Art of War","Ice Cream","Slimebound:PotencyRelic","Mummified Hand"],"acts_visited":["Exordium","TheCity","TheBeyond","TheEnding"],"potions_floor_usage":[9,9,12,13,16,19,21,30,32,32,32,32,37,39,39,42,46,49,50,56,56,56],"damage_taken":[{"damage":0,"enemies":"Jaw Worm","floor":2,"turns":1},{"damage":0,"enemies":"2 Louse","floor":4,"turns":1},{"damage":0,"enemies":"downfall:Heads","floor":5,"turns":1},{"damage":0,"enemies":"Small Slimes","floor":8,"turns":2},{"damage":12,"enemies":"Gremlin Nob","floor":9,"turns":3},{"damage":0,"enemies":"Exordium Wildlife","floor":10,"turns":2},{"damage":6,"enemies":"Lagavulin","floor":11,"turns":4},{"damage":19,"enemies":"The Mushroom Lair","floor":12,"turns":3},{"damage":8,"enemies":"Blue Slaver","floor":13,"turns":3},{"damage":0,"enemies":"downfall:LooterAlt","floor":14,"turns":2},{"damage":6,"enemies":"3 Louse","floor":15,"turns":3},{"damage":0,"enemies":"SI_SHIV_ARCHETYPE","floor":16,"turns":6},{"damage":8,"enemies":"Chosen","floor":19,"turns":4},{"damage":13,"enemies":"Masked Bandits","floor":20,"turns":4},{"damage":0,"enemies":"downfall:FleeingMerchant","floor":21,"turns":4},{"damage":9,"enemies":"Shell Parasite","floor":26,"turns":4},{"damage":13,"enemies":"Gremlin Leader","floor":28,"turns":4},{"damage":12,"enemies":"Book of Stabbing","floor":30,"turns":4},{"damage":4,"enemies":"Snake Plant","floor":31,"turns":2},{"damage":12,"enemies":"Chosen and Byrds","floor":32,"turns":6},{"damage":13,"enemies":"WA_ARCHETYPE_CALM","floor":33,"turns":5},{"damage":12,"enemies":"3 Darklings","floor":36,"turns":4},{"damage":0,"enemies":"3 Shapes","floor":37,"turns":4},{"damage":22,"enemies":"3 Darklings","floor":39,"turns":3},{"damage":15,"enemies":"downfall:FleeingMerchant","floor":42,"turns":4},{"damage":15,"enemies":"downfall:FleeingMerchant","floor":43,"turns":2},{"damage":34,"enemies":"Nemesis","floor":44,"turns":5},{"damage":21,"enemies":"Giant Head","floor":46,"turns":6},{"damage":0,"enemies":"Transient","floor":49,"turns":5},{"damage":43,"enemies":"DF_ARCHETYPE_ORBS","floor":50,"turns":6},{"damage":23,"enemies":"downfall:CharBossMerchant","floor":52,"turns":6},{"damage":34,"enemies":"downfall:NeowBoss","floor":55,"turns":12},{"damage":81,"enemies":"downfall:NeowBossFinal","floor":56,"turns":8}],"seed_played":"4048622812416951470","potions_obtained":[{"floor":5,"key":"EssenceOfSteel"},{"floor":8,"key":"SteroidPotion"},{"floor":9,"key":"Weak Potion"},{"floor":10,"key":"SkillPotion"},{"floor":11,"key":"Explosive Potion"},{"floor":12,"key":"SkillPotion"},{"floor":13,"key":"Fruit Juice"},{"floor":14,"key":"SpeedPotion"},{"floor":16,"key":"Slimebound:SlimyTonguePotion"},{"floor":19,"key":"sneckomod:MuddlingPotion"},{"floor":20,"key":"Energy Potion"},{"floor":21,"key":"Ancient Potion"},{"floor":30,"key":"EntropicBrew"},{"floor":31,"key":"DuplicationPotion"},{"floor":32,"key":"Block Potion"},{"floor":37,"key":"ColorlessPotion"},{"floor":39,"key":"LiquidMemories"},{"floor":42,"key":"LiquidMemories"},{"floor":44,"key":"Dexterity Potion"},{"floor":46,"key":"AttackPotion"},{"floor":49,"key":"Energy Potion"},{"floor":52,"key":"Guardian:BlockOnCardUsePotion"}],"is_trial":false,"path_per_floor":["R","M","?","M","?","R","T","M","E","M","E","?","M","M","M","B",null,"R","M","?","$","?","?","T","R","M","?","E","?","E","M","M","B",null,"R","M","M","?","M","?","T","$","?","E","?","E","$","?","M","B",null,"E","$","R","B","B",null],"character_chosen":"SLIMEBOUND","items_purchased":["Sadistic Nature","expansioncontent:DashGenerateEvil","Slimebound:Gluttony","Slimebound:PotencyRelic","Slimebound:SplitSpecialist","Slimebound:FormOfPuddle"],"campfire_rested":2,"item_purchase_floors":[21,42,47,47,47,53],"current_hp_per_floor":[65,65,65,65,65,65,65,65,57,59,61,50,53,61,59,69,70,80,80,71,79,79,79,79,79,77,77,74,74,72,76,80,73,80,80,75,80,72,80,80,80,80,80,65,65,73,73,73,80,56,80,65,65,80,60,19],"gold":103,"neow_bonus":"THREE_ENEMY_KILL","is_daily":false,"chose_seed":false,"campfire_upgraded":3,"win_rate":0.0,"timestamp":1613526094,"path_taken":["R","M","?","M","?","R","T","M","E","M","E","?","M","M","M","BOSS","R","M","?","$","?","?","T","R","M","?","E","?","E","M","M","BOSS","R","M","M","?","M","?","T","$","?","E","?","E","$","?","M","BOSS","E","$","R","BOSS","BOSS"],"items_purchased_type":["Card","Card","Card","Relic","Card","Card"],"build_version":"2020-12-22","purchased_purges":0,"victory":true,"max_hp_per_floor":[65,65,65,65,65,65,65,65,65,65,65,65,70,70,70,70,70,80,80,80,80,80,80,80,80,80,80,80,80,80,80,80,80,80,80,80,80,80,80,80,80,80,80,80,80,80,80,80,80,80,80,80,80,80,80,80],"card_choices":[{"not_picked":["Slimebound:ProtectTheBoss","Slimebound:GoopSpray"],"picked":"Slimebound:SplitBruiser","floor":2},{"not_picked":["Slimebound:BestDefense","Slimebound:GoopTackle"],"picked":"Slimebound:SplitLeeching","floor":4},{"not_picked":["Slimebound:Grow","Slimebound:Nibble"],"picked":"Slimebound:ItLooksTasty","floor":5},{"not_picked":["Slimebound:FormOfPuddle","Slimebound:SplitAcid"],"picked":"Slimebound:Prepare","floor":8},{"not_picked":["Slimebound:ServeAndProtect","Slimebound:GoopTackle"],"picked":"Slimebound:Nibble","floor":9},{"not_picked":["Slimebound:DivideAndConquer","Slimebound:PressTheAttack"],"picked":"Slimebound:SamplingLick","floor":10},{"not_picked":["Slimebound:BestDefense","Slimebound:SlimeTap"],"picked":"Slimebound:SlimeBrawl","floor":11},{"not_picked":["Slimebound:ComboTackle","Slimebound:RainOfGoop"],"picked":"Slimebound:SlimeSpikes","floor":12},{"not_picked":["Slimebound:MegaLick","Slimebound:SplitBruiser"],"picked":"Slimebound:SpikyOuterGoop","floor":13},{"not_picked":["Slimebound:RainOfGoop","Slimebound:FinishingTackle"],"picked":"Slimebound:DisruptingSlam","floor":14},{"not_picked":["Slimebound:SplitLeeching","Slimebound:SamplingLick"],"picked":"Slimebound:RallyTheTroops","floor":15},{"not_picked":["Slimebound:OozeBath","Slimebound:CheckThePlaybook"],"picked":"Slimebound:MassRepurpose","floor":16},{"not_picked":["Slimebound:PressTheAttack","Slimebound:MegaLick"],"picked":"Slimebound:Prepare+1","floor":19},{"not_picked":["Slimebound:MegaLick","Slimebound:HauntingLick"],"picked":"Slimebound:LevelUp","floor":20},{"not_picked":["Slimebound:ItLooksTasty","Slimebound:SamplingLick"],"picked":"Slimebound:LeechEnergy","floor":21},{"not_picked":["Slimebound:SpikyOuterGoop","Slimebound:MassRepurpose"],"picked":"Slimebound:SlimeSpikes+1","floor":26},{"not_picked":["Slimebound:GoopTackle+1","Slimebound:ItLooksTasty","Slimebound:DivideAndConquer"],"picked":"SKIP","floor":28},{"not_picked":["Slimebound:HauntingLick+1","Slimebound:Grow"],"picked":"Slimebound:GoopSpray+1","floor":30},{"not_picked":["Slimebound:SplitBruiser","Slimebound:FlameTackle+1"],"picked":"Slimebound:GoopSpray","floor":31},{"not_picked":["Slimebound:FinishingTackle","Slimebound:LeechingTouch+1"],"picked":"Slimebound:RollThrough+1","floor":32},{"not_picked":["Slimebound:WasteNot","Slimebound:SlimeSlap"],"picked":"Slimebound:DuplicatedForm","floor":33},{"not_picked":["Slimebound:HungryTackle","Slimebound:ItLooksTasty+1","Slimebound:LeechingTouch"],"picked":"SKIP","floor":36},{"not_picked":["Slimebound:TongueLash","Slimebound:GoopSpray+1"],"picked":"Slimebound:SlimeSpikes+1","floor":37},{"not_picked":["Slimebound:Prepare+1","Slimebound:MassRepurpose"],"picked":"Slimebound:SplitAcid+1","floor":39},{"not_picked":["Slimebound:HungryTackle","Slimebound:Grow","Slimebound:SpikyOuterGoop+1"],"picked":"SKIP","floor":42},{"not_picked":["Slimebound:GrowthPunch","Slimebound:SlimeTap+1","Slimebound:GoopTackle+1"],"picked":"SKIP","floor":44},{"not_picked":["expansioncontent:PolyBeam","expansioncontent:LastStand"],"picked":"expansioncontent:AwakenDeath","floor":45},{"not_picked":["Slimebound:SlimeTap+1","Slimebound:RainOfGoop"],"picked":"Slimebound:Teamwork","floor":46},{"not_picked":["Slimebound:BestDefense","Slimebound:GoopTackle+1"],"picked":"Slimebound:SlimeBarrage","floor":49},{"not_picked":["Slimebound:FinishingTackle","Slimebound:SplitLeeching+1","Slimebound:SamplingLick"],"picked":"SKIP","floor":52}],"player_experience":826555,"relics_obtained":[{"floor":9,"key":"White Beast Statue"},{"floor":11,"key":"Blood Vial"},{"floor":12,"key":"Odd Mushroom"},{"floor":20,"key":"Red Mask"},{"floor":24,"key":"Bottled Lightning"},{"floor":28,"key":"Toy Ornithopter"},{"floor":30,"key":"Bag of Preparation"},{"floor":41,"key":"Gremlin Horn"},{"floor":43,"key":"TungstenRod"},{"floor":44,"key":"Art of War"},{"floor":46,"key":"Ice Cream"},{"floor":52,"key":"Mummified Hand"}],"event_choices":[{"damage_healed":0,"gold_gain":0,"player_choice":"Box","damage_taken":0,"relics_obtained":["Juzu Bracelet"],"max_hp_gain":0,"max_hp_loss":0,"event_name":"Big Fish","floor":3,"gold_loss":0,"cards_obtained":["Regret"]},{"damage_healed":0,"gold_gain":0,"player_choice":"Fought Mushrooms","damage_taken":0,"max_hp_gain":0,"max_hp_loss":0,"event_name":"Mushrooms","floor":12,"gold_loss":0},{"damage_healed":0,"gold_gain":0,"player_choice":"Fought Bandits","damage_taken":0,"max_hp_gain":0,"max_hp_loss":0,"event_name":"Masked Bandits","floor":20,"gold_loss":0},{"damage_healed":0,"gold_gain":0,"player_choice":"Ignored","damage_taken":0,"max_hp_gain":0,"max_hp_loss":0,"event_name":"Ghosts","floor":22,"gold_loss":0},{"damage_healed":0,"gold_gain":0,"player_choice":"Read","damage_taken":0,"max_hp_gain":0,"max_hp_loss":0,"event_name":"The Library","floor":23,"gold_loss":0,"cards_obtained":["Slimebound:LevelUp"]},{"damage_healed":0,"gold_gain":0,"player_choice":"Rummage","damage_taken":0,"relics_obtained":["WarpedTongs"],"max_hp_gain":0,"max_hp_loss":0,"event_name":"Accursed Blacksmith","floor":29,"gold_loss":0,"cards_obtained":["Pain"]}],"is_beta":false,"boss_relics":[{"not_picked":["SacredBark","Slimebound:TarBlob"],"picked":"SlaversCollar"},{"not_picked":["Runic Dome","Velvet Choker"],"picked":"Fusion Hammer"}],"items_purged_floors":[],"is_endless":false,"potions_floor_spawned":[5,8,9,10,11,12,13,14,15,16,19,20,21,26,28,30,31,32,33,36,37,39,42,43,44,46,49,52],"ascension_level":4}}