{"host":"0y90508114dtmhdq","time":1613520188,"event":{"mods":["BaseMod","Colored Powertips","Luminous","Marisa£®ÏF”Í°°ƒß¿Ì…≥£©","Minty Spire (QoL Compilation)","Reimu£®≤©¿ˆ¡È√Œ£©","Remilia£®¿Ÿ√◊¿Ú—«£©","Replay The Spire","SOS£®Àπ∞Õ¥Ô÷Æ◊”£©","StSLib","Td1madao Mod","The Bug Knight","The Cursed","The Saiyan","The Servant 0.9.4","Warlord Emblem","Youmu£®ªÍ∆«—˝√Œ£©","Yuri Mod"],"gold_per_floor":[113,131,142,142,142,142,162,173,173,188,206,232,257,270,270,368,368,382,191,191,116,133,133,158,158,158,176,196,43,63,97,97,194,194,211,224,124,136,136,136,136,152,202,240,252,252],"floor_reached":45,"language":"ZHS","playtime":6674,"items_purged":["HollowMod:MidwifesHunger","Clumsy"],"score":489,"play_id":"b40848cc-6143-42a4-b542-a994007886e1","local_time":"20210217080308","is_ascension_mode":false,"campfire_choices":[{"data":"HollowMod:MantisMark","floor":6.0,"key":"SMITH"},{"data":"HollowMod:SlysStrikes","floor":23.0,"key":"SMITH"},{"data":"HollowMod:LifebloodCocoon","floor":23.0,"key":"SMITH"},{"floor":32.0,"key":"REST"},{"floor":40,"key":"REST"}],"circlet_count":0,"master_deck":["HollowMod:NailStrikeStart","HollowMod:NailStrikeStart","HollowMod:NailStrikeStart","HollowMod:NailStrikeStart","HollowMod:QuickDashStart+1","HollowMod:QuickDashStart","HollowMod:QuickDashStart","HollowMod:QuickDashStart+1","HollowMod:FocusHealStart+1","HollowMod:PogoStrike","HollowMod:MantisMark+1","HollowMod:CloakDash","HollowMod:GreatSlash+1","HollowMod:PureNailStrike+1","HollowMod:AbyssShriek","HollowMod:PerfectDash","HollowMod:DoubleDash","HollowMod:CycloneSlash","HollowMod:SlysStrikes+1","HollowMod:SiblingsSouls+1","HollowMod:LifebloodCocoon+1","HollowMod:GoodIntentions+1","HollowMod:MothsMistake+1","HollowMod:CornifersMapStart+1","HollowMod:HuntersJournal+1","HollowMod:ZotesMagnificence","HollowMod:RecoilStrike","Parasite","HollowMod:CrystalDash+1"],"relics":["HollowMod:VesselMask","Snack Pack","PreservedInsect","Replay:Arrowhead","SlaversCollar","Pen Nib","HornCleat","Toxic Egg 2","Ice Cream","War Paint","Counterbalance","Busted Crown","MawBank","HollowMod:PaleOreRelic"],"acts_visited":["Exordium","TheCity","TheBeyond"],"potions_floor_usage":[44],"damage_taken":[{"damage":1.0,"enemies":"Jaw Worm","floor":1.0,"turns":4.0},{"damage":6.0,"enemies":"2 Louse","floor":2.0,"turns":3.0},{"damage":0.0,"enemies":"Small Slimes","floor":3.0,"turns":3.0},{"damage":0.0,"enemies":"Gremlin Gang","floor":7.0,"turns":3.0},{"damage":10.0,"enemies":"Exordium Thugs","floor":8.0,"turns":3.0},{"damage":0.0,"enemies":"Large Slime","floor":10.0,"turns":4.0},{"damage":0.0,"enemies":"Gremlin Gang","floor":11.0,"turns":2.0},{"damage":11.0,"enemies":"Replay:BlueRogue","floor":13.0,"turns":5.0},{"damage":0.0,"enemies":"Looter","floor":14.0,"turns":2.0},{"damage":57.0,"enemies":"HollowMod:FalseKnight","floor":16.0,"turns":8.0},{"damage":14.0,"enemies":"3 Byrds","floor":18.0,"turns":4.0},{"damage":22.0,"enemies":"Chosen","floor":22.0,"turns":6.0},{"damage":16.0,"enemies":"Book of Stabbing","floor":24.0,"turns":5.0},{"damage":9.0,"enemies":"Centurion and Healer","floor":27.0,"turns":5.0},{"damage":2.0,"enemies":"Cultist and Chosen","floor":28.0,"turns":4.0},{"damage":1.0,"enemies":"3 Cultists","floor":30.0,"turns":3.0},{"damage":7.0,"enemies":"HollowMod:Nosk","floor":31.0,"turns":6.0},{"damage":19.0,"enemies":"Collector","floor":33.0,"turns":7.0},{"damage":3.0,"enemies":"3 Darklings","floor":35.0,"turns":5.0},{"damage":4.0,"enemies":"3 Shapes","floor":36.0,"turns":4.0},{"damage":57.0,"enemies":"Spire Growth","floor":38.0,"turns":6.0},{"damage":19,"enemies":"Writhing Mass","floor":42,"turns":5},{"damage":39,"enemies":"Giant Head","floor":44,"turns":8},{"damage":19,"enemies":"Sphere and 2 Shapes","floor":45,"turns":3}],"seed_played":"-3138517297642570450","potions_obtained":[{"floor":3.0,"key":"AttackPotion"},{"floor":8.0,"key":"LiquidMemories"},{"floor":10.0,"key":"SpeedPotion"},{"floor":13.0,"key":"Strength Potion"},{"floor":22.0,"key":"SneckoOil"},{"floor":27.0,"key":"Cursed Concoction"},{"floor":31.0,"key":"EntropicBrew"},{"floor":38,"key":"LifebloodPotion"},{"floor":44,"key":"Venom Potion"}],"is_trial":false,"path_per_floor":["M","M","M","?","?","R","M","M","T","M","M","T","E","M","R","B",null,"M","$","?","$","M","R","E","?","T","M","M","$","M","E","R","B",null,"M","M","$","M","?","R","$","M","T","E","M"],"character_chosen":"THE_BUGKNIGHT","items_purchased":["HollowMod:LifebloodCocoon","Pen Nib","War Paint"],"campfire_rested":2,"item_purchase_floors":[19,19,29],"current_hp_per_floor":[75,75,75,60,60,60,66,62,62,66,66,66,67,67,75,27,75,61,61,61,61,47,47,33,33,33,28,28,28,27,34,56,51,75,75,73,73,20,20,42,42,33,33,10,0,0],"gold":252,"neow_bonus":"ONE_RANDOM_RARE_CARD","is_daily":false,"chose_seed":false,"campfire_upgraded":3,"win_rate":0.0,"timestamp":1613520188,"path_taken":["M","M","M","?","?","R","M","M","T","M","M","?","E","?","R","BOSS","M","$","?","?","M","R","E","?","T","M","M","$","?","E","R","BOSS","M","?","$","M","?","R","$","M","T","E","M"],"items_purchased_type":["Card","Relic","Relic"],"build_version":"2020-12-22","purchased_purges":2,"victory":false,"max_hp_per_floor":[75,75,75,75,75,75,75,75,75,75,75,75,75,75,75,75,75,75,75,75,75,75,75,75,75,75,75,75,75,75,75,75,75,75,75,75,75,75,75,75,75,75,75,75,75,75],"card_choices":[{"not_picked":["HollowMod:InfectedAttack","HollowMod:Grubsong"],"picked":"HollowMod:MantisMark","floor":1.0},{"not_picked":["HollowMod:SiblingsShadow","HollowMod:InfectionAssault"],"picked":"HollowMod:CloakDash","floor":2.0},{"not_picked":["HollowMod:NewLittleFool","HollowMod:MothsMistake"],"picked":"HollowMod:GreatSlash","floor":3.0},{"not_picked":["HollowMod:SiblingsSouls","HollowMod:HeavyBlow"],"picked":"HollowMod:PureNailStrike","floor":7.0},{"not_picked":["HollowMod:HeavyBlow","HollowMod:SiblingsSouls"],"picked":"HollowMod:AbyssShriek","floor":8.0},{"not_picked":["HollowMod:NewJinnsSoul","HollowMod:NewGlowingWomb"],"picked":"HollowMod:PerfectDash","floor":10.0},{"not_picked":["HollowMod:WraithStrike","HollowMod:NewLittleFool"],"picked":"HollowMod:FastStrike","floor":11.0},{"not_picked":["HollowMod:GoodIntentions","HollowMod:ChannelNail"],"picked":"HollowMod:DoubleDash","floor":13.0},{"not_picked":["HollowMod:Grubsong","HollowMod:SharpenedNail"],"picked":"HollowMod:CycloneSlash","floor":14.0},{"not_picked":["HollowMod:theNailsmith","HollowMod:HornetsHelp"],"picked":"HollowMod:SlysStrikes","floor":16.0},{"not_picked":["HollowMod:HuntersJournal","HollowMod:DashSlash"],"picked":"HollowMod:SiblingsSouls+1","floor":18.0},{"not_picked":["HollowMod:CornifersMapStart","HollowMod:MantisMark","HollowMod:SoulEater+1"],"picked":"SKIP","floor":22.0},{"not_picked":["HollowMod:WraithStrike","HollowMod:theNailsmith+1"],"picked":"HollowMod:GoodIntentions+1","floor":24.0},{"not_picked":["HollowMod:DashSlash","HollowMod:CornifersMapStart+1"],"picked":"HollowMod:MothsMistake+1","floor":27.0},{"not_picked":["HollowMod:BaldurShell","HollowMod:NewLittleFool","HollowMod:InfectedAttack"],"picked":"SKIP","floor":28.0},{"not_picked":["HollowMod:DoubleDash+1","HollowMod:VengefulVoid+1"],"picked":"HollowMod:CornifersMapStart+1","floor":30.0},{"not_picked":["HollowMod:GoodIntentions+1","HollowMod:GreatSlash"],"picked":"HollowMod:HuntersJournal+1","floor":31.0},{"not_picked":["HollowMod:Hiveblood+1","HollowMod:ElderbugsWisdom"],"picked":"HollowMod:ZotesMagnificence","floor":33.0},{"not_picked":["HollowMod:CycloneSlash+1"],"picked":"SKIP","floor":35.0},{"not_picked":["HollowMod:ShadowDash+1"],"picked":"SKIP","floor":36.0},{"not_picked":[],"picked":"HollowMod:RecoilStrike","floor":38},{"not_picked":["HollowMod:TaintedHusks+1"],"picked":"SKIP","floor":42},{"not_picked":[],"picked":"HollowMod:CrystalDash+1","floor":44}],"player_experience":13382,"relics_obtained":[{"floor":9.0,"key":"Snack Pack"},{"floor":12.0,"key":"PreservedInsect"},{"floor":13.0,"key":"Replay:Arrowhead"},{"floor":24.0,"key":"Toxic Egg 2"},{"floor":26.0,"key":"Ice Cream"},{"floor":31.0,"key":"Counterbalance"},{"floor":43,"key":"MawBank"},{"floor":44,"key":"HollowMod:PaleOreRelic"}],"event_choices":[{"damage_healed":0.0,"max_hp_gain":0.0,"max_hp_loss":0.0,"gold_gain":0.0,"event_name":"Shining Light","player_choice":"Entered Light","floor":4.0,"gold_loss":0.0,"damage_taken":15.0,"cards_upgraded":["HollowMod:QuickDashStart","HollowMod:GreatSlash"]},{"cards_removed":["HollowMod:FastStrike"],"damage_healed":0,"gold_gain":0,"player_choice":"Removed Attack","damage_taken":0,"max_hp_gain":0,"max_hp_loss":0,"event_name":"Falling","floor":39,"gold_loss":0}],"is_beta":false,"boss_relics":[{"not_picked":["Replay:Drink Me","Calling Bell"],"picked":"SlaversCollar"},{"not_picked":["ReplayTheSpireMod:DimensionalGlitch","Replay:Ancient Bell"],"picked":"Busted Crown"}],"items_purged_floors":[21,37],"is_endless":false,"potions_floor_spawned":[3,8,10,13,22,27,31,38,42,44],"killed_by":"Sphere and 2 Shapes","ascension_level":0}}