{"host":"zu1swnxjkaahohqc","time":1613586944,"event":{"mods":["BaseMod","Hubris","Minty Spire (QoL Compilation)","Replay The Spire","StSLib","UnlockEverythingMod"],"gold_per_floor":[111,128,128,144,166,197,197,208,208,208,69,69,69,85,85,196,196,220,238,95,122,147,147,147],"floor_reached":23,"language":"ENG","playtime":1164,"items_purged":["Defend_B","Strike_B"],"score":232,"play_id":"3454ca0a-ea18-4a41-b06b-716fe7e69a69","local_time":"20210217133544","is_ascension_mode":true,"campfire_choices":[{"data":"White Noise","floor":7,"key":"SMITH"},{"data":"Crystallizer","floor":15,"key":"SMITH"}],"circlet_count":0,"master_deck":["Strike_B","Strike_B","Strike_B","Defend_B","Defend_B","Defend_B","Zap+1","Dualcast","White Noise+1","Steam","Crystallizer+1","Fission","Redo+1","Ball Lightning","Coolheaded+1","FTL"],"relics":["Cracked Core","NeowsBlessing","hubris:FunFungus","Matryoshka","Akabeko","DataDisk","CeramicFish","Counterbalance","hubris:VirtuousBlindfold"],"acts_visited":["Exordium","TheCity"],"potions_floor_usage":[16,18,19,23,23],"damage_taken":[{"damage":0.0,"enemies":"Jaw Worm","floor":1.0,"turns":1.0},{"damage":0.0,"enemies":"Cultist","floor":2.0,"turns":1.0},{"damage":0.0,"enemies":"Small Slimes","floor":4.0,"turns":1.0},{"damage":30.0,"enemies":"3 Sentries","floor":6.0,"turns":8.0},{"damage":17,"enemies":"3 Louse","floor":8,"turns":4},{"damage":3,"enemies":"Blue Slaver","floor":14,"turns":3},{"damage":29,"enemies":"The Guardian","floor":16,"turns":10},{"damage":12,"enemies":"Chosen","floor":18,"turns":6},{"damage":14,"enemies":"3 Byrds","floor":19,"turns":4},{"damage":12,"enemies":"Snecko","floor":21,"turns":5},{"damage":32,"enemies":"Snake Plant","floor":22,"turns":3},{"damage":0,"enemies":"Replay:Snechameleon","floor":23,"turns":2}],"seed_played":"5760053008659325979","potions_obtained":[{"floor":1.0,"key":"LifebloodPotion"},{"floor":4.0,"key":"SpeedPotion"},{"floor":8,"key":"BlessingOfTheForge"},{"floor":18,"key":"DuplicationPotion"},{"floor":19,"key":"Regen Potion"},{"floor":22,"key":"Block Potion"}],"is_trial":false,"path_per_floor":["M","M","?","M","?","E","R","M","T","T","$","$","?","M","R","B",null,"M","M","$","M","M","E"],"character_chosen":"DEFECT","items_purchased":["Crystallizer","Ball Lightning"],"campfire_rested":0,"item_purchase_floors":[11,20],"current_hp_per_floor":[75,75,75,75,75,47,47,31,31,31,31,31,31,29,29,7,75,75,65,65,56,28,30,30],"gold":147,"neow_bonus":"THREE_ENEMY_KILL","is_daily":false,"chose_seed":false,"campfire_upgraded":2,"win_rate":0.0,"timestamp":1613586944,"path_taken":["M","M","?","?","?","E","R","M","T","?","?","$","?","M","R","BOSS","M","M","$","M","M","E"],"items_purchased_type":["Card","Card"],"build_version":"2020-12-13","purchased_purges":2,"victory":false,"max_hp_per_floor":[75,75,75,75,75,75,75,75,75,75,75,75,75,75,75,75,75,75,75,75,75,75,75,75],"card_choices":[{"not_picked":["Reprogram","Conserve Battery","Compile Driver"],"picked":"SKIP","floor":1.0},{"not_picked":["Blizzard","Hologram","Leap"],"picked":"SKIP","floor":2.0},{"not_picked":["Gash","Compile Driver","Reprogram"],"picked":"SKIP","floor":4.0},{"not_picked":["Gash","ReplayTheSpireMod:Calculation Training"],"picked":"White Noise","floor":5.0},{"not_picked":["Double Energy","Redo","Meteor Strike"],"picked":"SKIP","floor":6.0},{"not_picked":["ReplaySolidLightProjector","Panic Button"],"picked":"Steam","floor":8},{"not_picked":["Barrage","Cold Snap","Streamline"],"picked":"SKIP","floor":14},{"not_picked":["ReplayTheSpireMod:Fabricate Wheel","hubris:Prefetch"],"picked":"Fission","floor":16},{"not_picked":["BasicCrystalCard","Tempest"],"picked":"Redo+1","floor":18},{"not_picked":["Consume","Melter","Cold Snap"],"picked":"SKIP","floor":19},{"not_picked":["ReplayTheSpireMod:System Scan","Conserve Battery"],"picked":"Coolheaded+1","floor":21},{"not_picked":["Sunder+1","Compile Driver"],"picked":"FTL","floor":22}],"player_experience":4830,"relics_obtained":[{"floor":5.0,"key":"hubris:FunFungus"},{"floor":6.0,"key":"Matryoshka"},{"floor":9,"key":"Akabeko"},{"floor":9,"key":"DataDisk"},{"floor":10,"key":"CeramicFish"},{"floor":10,"key":"Counterbalance"}],"event_choices":[{"damage_healed":0.0,"max_hp_gain":0.0,"max_hp_loss":0.0,"gold_gain":0.0,"event_name":"Accursed Blacksmith","player_choice":"Forge","floor":3.0,"gold_loss":0.0,"damage_taken":0.0,"cards_upgraded":["Zap"]},{"damage_healed":0,"gold_gain":0,"player_choice":"Ignored","damage_taken":0,"max_hp_gain":0,"max_hp_loss":0,"event_name":"Liars Game","floor":13,"gold_loss":0}],"is_beta":false,"boss_relics":[{"not_picked":["Honey Jar","hubris:GrandSneckoEye"],"picked":"hubris:VirtuousBlindfold"}],"items_purged_floors":[11,20],"is_endless":false,"potions_floor_spawned":[1,4,8,18,19,22],"killed_by":"Replay:Snechameleon","ascension_level":4}}