{"host":"m6rwrrl4vtok99e8","time":1613529886,"event":{"mods":["Act Like it!","Arknights","Aspiration","BaseMod","Colored Powertips","Downfall","KomeijiMod","LagranYue(???·?)","Lobotomy","Marisa????????","Minty Spire (QoL Compilation)","Quick Restart","Reliquary","Remilia??????","Replay The Spire","StSLib","The Bug Knight","The Hierophant","The Servant 0.9.4","Waifu the Spire","WarShipGirlsR/????R mod","Youmu??????","Yuri Mod"],"gold_per_floor":[113,188,10,22,97,97,107,121,171,48,48,48,62,73,73,169,169,185,185,200,200,217,252,252,264,287,287,305,321,346,359,359,456,456,482,1493,1193,1207,1207,1207,1220,1220,1247,1279,1179,1190,1190,1202,1202,1202,1202],"floor_reached":50,"language":"ZHS","playtime":2090,"items_purged":["Normality"],"score":536,"play_id":"90515d6e-cf0c-4ad1-84c3-d6ee4a992445","local_time":"20210217104446","is_ascension_mode":false,"campfire_choices":[{"data":"Caltrops","floor":6.0,"key":"SMITH"},{"data":"Mayhem","floor":12,"key":"SMITH"},{"floor":15,"key":"REST"},{"floor":24,"key":"DIG"},{"floor":40,"key":"DIG"},{"floor":42,"key":"DIG"},{"floor":49,"key":"REST"}],"circlet_count":0,"master_deck":["Strike_G","Strike_G","Strike_G","Strike_G","Strike_G","Defend_G","Defend_G","Defend_G","Defend_G","Defend_G","Survivor","Neutralize","Slice","Mayhem+1","Caltrops+1","Noxious Fumes+1","Blade Dance","Adrenaline+1","Deadly Poison+1","Blade Dance+1","After Image+1","Atom Bomb","CurseOfTheBell","Footwork+1","Normality","Specialist","Parasite","Noxious Fumes"],"relics":["Ring of the Snake","LagranYue:RandomDrawCardRelic","NeowsBlessing","Anchor","GoodDreamPillow","FossilizedHelix","Busted Crown","MutagenicStrength","Replay:Multitool","Durian","aspiration:VileToxins","reliquary:Buckler","Calling Bell","MawBank","Pantograph","StoneCalendar","Bronze Scales","reliquary:TuningFork","reliquary:RadioactivePellet","reliquary:SharkskinSheath","aspiration:HummingbirdHeart"],"acts_visited":["Exordium","TheCity","TheBeyond"],"potions_floor_usage":[28,50,50,50],"damage_taken":[{"damage":0.0,"enemies":"Jaw Worm","floor":1.0,"turns":1.0},{"damage":0.0,"enemies":"ats:Genji","floor":4.0,"turns":1.0},{"damage":0.0,"enemies":"Cultist","floor":7.0,"turns":1.0},{"damage":2.0,"enemies":"Blue Slaver","floor":8.0,"turns":5.0},{"damage":1,"enemies":"Exordium Wildlife","floor":13,"turns":4},{"damage":0,"enemies":"Exordium Thugs","floor":14,"turns":4},{"damage":39,"enemies":"Slime Boss","floor":16,"turns":13},{"damage":6,"enemies":"Chosen","floor":18,"turns":5},{"damage":17,"enemies":"Spheric Guardian","floor":20,"turns":4},{"damage":19,"enemies":"3 Cultists","floor":22,"turns":5},{"damage":37,"enemies":"Slavers","floor":23,"turns":5},{"damage":0,"enemies":"Centurion and Healer","floor":25,"turns":5},{"damage":0,"enemies":"Shelled Parasite and Fungi","floor":28,"turns":5},{"damage":0,"enemies":"Chosen and Byrds","floor":29,"turns":5},{"damage":0,"enemies":"Sentry and Sphere","floor":31,"turns":5},{"damage":3,"enemies":"Collector","floor":33,"turns":9},{"damage":36,"enemies":"3 Shapes","floor":35,"turns":4},{"damage":0,"enemies":"Orb Walker","floor":38,"turns":2},{"damage":0,"enemies":"Writhing Mass","floor":41,"turns":4},{"damage":22,"enemies":"Giant Head","floor":44,"turns":8},{"damage":18,"enemies":"Spire Growth","floor":46,"turns":6},{"damage":9,"enemies":"4 Shapes","floor":48,"turns":5},{"damage":92,"enemies":"Awakened One","floor":50,"turns":10}],"seed_played":"-7700240956018414201","potions_obtained":[{"floor":1.0,"key":"Fruit Juice"},{"floor":7.0,"key":"champ:CounterPotion"},{"floor":13,"key":"Strength Potion"},{"floor":16,"key":"Regen Potion"},{"floor":31,"key":"Fire Potion"},{"floor":45,"key":"Poison Potion"}],"is_trial":false,"path_per_floor":["M","?","$","M","?","R","M","M","T","?","T","R","M","M","R","B",null,"M","?","M","?","M","E","R","M","T","?","M","M","T","M","R","B",null,"M","?","$","M","?","R","M","R","T","E","?","M","R","M","R","B"],"character_chosen":"THE_SILENT","items_purchased":["Mayhem","Specialist","Bronze Scales"],"campfire_rested":2,"item_purchase_floors":[3,37,37],"current_hp_per_floor":[70,59,59,59,52,52,52,50,50,50,50,50,49,49,70,31,70,64,64,47,70,51,14,19,19,19,19,24,24,24,24,48,45,80,44,44,44,44,44,44,44,44,44,22,22,4,28,19,43,0,0],"gold":1202,"neow_bonus":"THREE_ENEMY_KILL","is_daily":false,"chose_seed":false,"campfire_upgraded":2,"win_rate":0.0,"timestamp":1613529886,"path_taken":["M","?","$","M","?","R","M","?","T","?","?","R","?","M","R","BOSS","M","?","M","?","?","E","R","M","T","?","M","M","?","?","R","BOSS","M","?","$","M","?","R","M","R","T","E","?","M","R","M","R","BOSS"],"items_purchased_type":["Card","Card","Relic"],"build_version":"2020-12-22","purchased_purges":1,"victory":false,"max_hp_per_floor":[70,70,70,70,70,70,70,70,70,70,70,70,70,70,70,70,70,70,70,70,70,70,70,75,75,75,75,80,80,80,80,80,80,80,80,80,80,80,80,80,80,80,80,80,80,80,80,80,80,80,80],"card_choices":[{"not_picked":["Footwork","Dagger Throw"],"picked":"Slice","floor":1.0},{"not_picked":["Draining Mist","Deflect"],"picked":"Caltrops","floor":4.0},{"not_picked":["Poisoned Stab","Heel Hook"],"picked":"Noxious Fumes","floor":7.0},{"not_picked":["Distraction","Deflect","Dagger Throw"],"picked":"SKIP","floor":8.0},{"not_picked":["Hidden Blade","Quick Slash"],"picked":"Blade Dance","floor":13},{"not_picked":["Acrobatics","ReplayTheSpireMod:The Works","Underhanded Strike"],"picked":"SKIP","floor":14},{"not_picked":["Wraith Form v2","Malaise"],"picked":"Adrenaline","floor":16},{"not_picked":[],"picked":"Deadly Poison+1","floor":18},{"not_picked":[],"picked":"Blade Dance","floor":20},{"not_picked":["Escape Plan"],"picked":"SKIP","floor":22},{"not_picked":[],"picked":"After Image","floor":23},{"not_picked":["Backflip"],"picked":"SKIP","floor":25},{"not_picked":["Dagger Spray"],"picked":"SKIP","floor":28},{"not_picked":["Prepared"],"picked":"SKIP","floor":29},{"not_picked":["Blur"],"picked":"SKIP","floor":31},{"not_picked":[],"picked":"Atom Bomb","floor":33},{"not_picked":[],"picked":"Footwork+1","floor":35},{"not_picked":["Tactician+1"],"picked":"SKIP","floor":38},{"not_picked":["Dodge and Roll+1"],"picked":"SKIP","floor":41},{"not_picked":["Dodge and Roll+1"],"picked":"SKIP","floor":41},{"not_picked":["Leg Sweep"],"picked":"SKIP","floor":44},{"not_picked":["Dodge and Roll+1"],"picked":"SKIP","floor":46},{"not_picked":[],"picked":"Noxious Fumes","floor":48}],"player_experience":26326,"relics_obtained":[{"floor":9.0,"key":"Anchor"},{"floor":11.0,"key":"FossilizedHelix"},{"floor":23,"key":"Replay:Multitool"},{"floor":24,"key":"Durian"},{"floor":26,"key":"aspiration:VileToxins"},{"floor":30,"key":"reliquary:Buckler"},{"floor":34,"key":"MawBank"},{"floor":34,"key":"Pantograph"},{"floor":34,"key":"StoneCalendar"},{"floor":40,"key":"reliquary:TuningFork"},{"floor":42,"key":"reliquary:RadioactivePellet"},{"floor":43,"key":"reliquary:SharkskinSheath"},{"floor":44,"key":"aspiration:HummingbirdHeart"}],"event_choices":[{"damage_healed":0.0,"max_hp_gain":0.0,"max_hp_loss":0.0,"gold_gain":75.0,"event_name":"World of Goop","player_choice":"Gather Gold","floor":2.0,"gold_loss":0.0,"damage_taken":11.0},{"damage_healed":0.0,"max_hp_gain":0.0,"max_hp_loss":0.0,"gold_gain":75.0,"event_name":"FaceTrader","player_choice":"Touch","floor":5.0,"gold_loss":0.0,"damage_taken":7.0},{"damage_healed":0,"gold_gain":0,"player_choice":"Inject Mutagens","damage_taken":0,"relics_obtained":["MutagenicStrength"],"max_hp_gain":0,"max_hp_loss":0,"event_name":"Drug Dealer","floor":19,"gold_loss":0},{"damage_healed":23,"gold_gain":0,"player_choice":"Heal","damage_taken":0,"max_hp_gain":0,"max_hp_loss":0,"event_name":"The Library","floor":21,"gold_loss":0},{"damage_healed":0,"gold_gain":0,"player_choice":"Ignored","damage_taken":0,"max_hp_gain":0,"max_hp_loss":0,"event_name":"Cursed Tome","floor":27,"gold_loss":0},{"damage_healed":0,"gold_gain":999,"player_choice":"Gold","damage_taken":0,"max_hp_gain":0,"max_hp_loss":0,"event_name":"MindBloom","floor":36,"gold_loss":0,"cards_obtained":["Normality","Normality"]},{"damage_healed":0,"gold_gain":0,"player_choice":"Memory 1","damage_taken":0,"max_hp_gain":0,"max_hp_loss":0,"event_name":"SensoryStone","floor":39,"gold_loss":0}],"is_beta":false,"boss_relics":[{"not_picked":["LagranYue:ContractPerformanceRelic","Ring of Chaos"],"picked":"Busted Crown"},{"not_picked":["reliquary:RedCape","aspiration:RitualDagger"],"picked":"Calling Bell"}],"items_purged_floors":[37],"is_endless":false,"potions_floor_spawned":[1,7,13,16,22,23,31,33,41,46],"killed_by":"Awakened One","ascension_level":0}}