{"host":"syfsfjmzue8y1a6l","time":1613552205,"event":{"mods":["AchievementEnabler","BaseMod","Colored Map","DeckTracker","Minty Spire (QoL Compilation)","Permanent Neow","SuperFastMode"],"gold_per_floor":[113,128,203,222,147,178,178,198,243,243,257,257,275,285,285,383,383,398,416,18,32,45,45,73,73,96,96,124,124,151,161,161,258,258,274,48,64,64,76,88,118,118,134,158,171,21,41,73,73,73,73,73,73,73,105,105,105],"floor_reached":56,"language":"KOR","playtime":3970,"items_purged":["Barricade","Brutality","Demon Form","Warcry"],"score":803,"play_id":"667ca0eb-5c61-4879-89f2-1214496406c3","local_time":"20210217175645","is_ascension_mode":false,"campfire_choices":[{"data":"Bash","floor":10,"key":"SMITH"},{"data":"Flex","floor":12,"key":"SMITH"},{"data":"Dark Embrace","floor":15,"key":"SMITH"},{"data":"Warcry","floor":23,"key":"SMITH"},{"data":"Seeing Red","floor":27,"key":"SMITH"},{"data":"Double Tap","floor":29,"key":"SMITH"},{"data":"Uppercut","floor":32,"key":"SMITH"},{"data":"Pommel Strike","floor":42,"key":"SMITH"},{"floor":50,"key":"RECALL"},{"data":"Limit Break","floor":53,"key":"SMITH"}],"circlet_count":0,"master_deck":["Bash+1","Reaper","True Grit","Whirlwind","Limit Break+1","Headbutt","Twin Strike","Fiend Fire","Clash","Flex+1","Dark Embrace+1","Anger","Seeing Red+1","Ghostly Armor","Warcry+1","Double Tap+1","Rage","Uppercut+1","Sever Soul","CurseOfTheBell","Heavy Blade+1","Clash","Iron Wave+1","Pommel Strike+1","Inflame+1","Battle Trance+1","Flex","Flex+1"],"relics":["Pandora\u0027s Box","Shuriken","PreservedInsect","Sozu","Mummified Hand","Dream Catcher","Red Mask","Strawberry","Calling Bell","Sundial","Toy Ornithopter","Gambling Chip","Incense Burner","Happy Flower","Thread and Needle","StoneCalendar","Centennial Puzzle"],"acts_visited":["Exordium","TheCity","TheBeyond","TheEnding"],"potions_floor_usage":[40,56],"damage_taken":[{"damage":0,"enemies":"Cultist","floor":1,"turns":2},{"damage":14,"enemies":"Jaw Worm","floor":2,"turns":4},{"damage":0,"enemies":"Small Slimes","floor":4,"turns":2},{"damage":14,"enemies":"Gremlin Nob","floor":6,"turns":3},{"damage":3,"enemies":"Looter","floor":8,"turns":2},{"damage":11,"enemies":"Gremlin Gang","floor":11,"turns":2},{"damage":13,"enemies":"Lots of Slimes","floor":13,"turns":3},{"damage":6,"enemies":"2 Fungi Beasts","floor":14,"turns":2},{"damage":1,"enemies":"Slime Boss","floor":16,"turns":4},{"damage":17,"enemies":"3 Byrds","floor":18,"turns":3},{"damage":30,"enemies":"2 Thieves","floor":19,"turns":4},{"damage":35,"enemies":"Centurion and Healer","floor":21,"turns":4},{"damage":10,"enemies":"Cultist and Chosen","floor":22,"turns":3},{"damage":19,"enemies":"Gremlin Leader","floor":24,"turns":4},{"damage":10,"enemies":"Masked Bandits","floor":28,"turns":3},{"damage":23,"enemies":"Book of Stabbing","floor":30,"turns":3},{"damage":5,"enemies":"Snake Plant","floor":31,"turns":2},{"damage":29,"enemies":"Champ","floor":33,"turns":7},{"damage":0,"enemies":"3 Shapes","floor":35,"turns":3},{"damage":1,"enemies":"Orb Walker","floor":37,"turns":2},{"damage":31,"enemies":"Jaw Worm Horde","floor":39,"turns":5},{"damage":7,"enemies":"3 Darklings","floor":40,"turns":4},{"damage":9,"enemies":"Giant Head","floor":41,"turns":4},{"damage":11,"enemies":"Sphere and 2 Shapes","floor":43,"turns":3},{"damage":20,"enemies":"Jaw Worm Horde","floor":45,"turns":3},{"damage":0,"enemies":"Transient","floor":47,"turns":5},{"damage":11,"enemies":"Nemesis","floor":48,"turns":3},{"damage":18,"enemies":"Donu and Deca","floor":51,"turns":6},{"damage":29,"enemies":"Shield and Spear","floor":55,"turns":4},{"damage":73,"enemies":"The Heart","floor":56,"turns":2}],"seed_played":"797825619712793677","potions_obtained":[{"floor":8,"key":"Swift Potion"},{"floor":11,"key":"LiquidMemories"},{"floor":13,"key":"PowerPotion"},{"floor":14,"key":"AttackPotion"}],"is_trial":false,"path_per_floor":["M","M","?","M","$","E","?","M","T","R","M","R","M","M","R","B",null,"M","M","$","M","M","R","E","$","T","R","?","R","E","M","R","B",null,"M","$","M","M","M","M","E","R","M","T","M","$","M","E","?","R","B",null,"R","$","E","B"],"character_chosen":"IRONCLAD","items_purchased":["Warcry","Mummified Hand","Clash","Warcry"],"campfire_rested":0,"item_purchase_floors":[20,20,36,36],"current_hp_per_floor":[80,70,59,59,59,45,45,46,46,46,41,41,48,50,50,49,80,72,50,50,39,37,37,61,61,61,61,64,64,65,60,60,31,87,87,87,86,86,55,67,87,87,76,76,56,56,77,73,73,73,84,87,87,87,58,0,0],"gold":105,"neow_bonus":"BOSS_RELIC","is_daily":false,"chose_seed":false,"campfire_upgraded":9,"win_rate":0.0,"timestamp":1613552205,"path_taken":["M","M","?","M","$","E","?","?","T","R","M","R","M","?","R","BOSS","M","?","$","M","M","R","E","$","T","R","?","R","E","M","R","BOSS","M","$","M","M","M","M","E","R","M","T","M","$","M","E","?","R","BOSS","R","$","E","BOSS"],"items_purchased_type":["Card","Relic","Card","Card"],"build_version":"2020-12-22","purchased_purges":4,"victory":false,"max_hp_per_floor":[80,80,80,80,80,80,80,80,80,80,80,80,80,80,80,80,80,80,80,80,80,80,80,80,80,80,80,80,80,87,87,87,87,87,87,87,87,87,87,87,87,87,87,87,87,87,87,87,87,87,87,87,87,87,87,87,87],"card_choices":[{"not_picked":["Headbutt","Body Slam"],"picked":"Clash","floor":1},{"not_picked":["Cleave","Shrug It Off"],"picked":"Flex","floor":2},{"not_picked":["Pommel Strike","Pummel"],"picked":"Dark Embrace","floor":4},{"not_picked":["Metallicize","Headbutt","Berserk"],"picked":"SKIP","floor":6},{"not_picked":["Shrug It Off","Perfected Strike","Clothesline"],"picked":"SKIP","floor":8},{"not_picked":["Thunderclap","Twin Strike"],"picked":"Anger","floor":11},{"not_picked":["Sword Boomerang","Metallicize"],"picked":"Seeing Red","floor":13},{"not_picked":["Dropkick","Twin Strike"],"picked":"Ghostly Armor","floor":14},{"not_picked":["Berserk","Barricade"],"picked":"Demon Form","floor":16},{"not_picked":["Body Slam","Twin Strike","Iron Wave"],"picked":"SKIP","floor":18},{"not_picked":["Rampage","Twin Strike","Wild Strike"],"picked":"SKIP","floor":19},{"not_picked":["Perfected Strike+1","Body Slam+1","Cleave+1"],"picked":"SKIP","floor":21},{"not_picked":["Shockwave","Armaments+1","Rampage+1"],"picked":"SKIP","floor":22},{"not_picked":["Shrug It Off","Clothesline"],"picked":"Double Tap","floor":24},{"not_picked":["Entrench","Iron Wave"],"picked":"Rage","floor":28},{"not_picked":["Ghostly Armor","Headbutt"],"picked":"Uppercut","floor":30},{"not_picked":["Sword Boomerang","Shrug It Off"],"picked":"Sever Soul","floor":31},{"not_picked":["Searing Blow+1","Iron Wave+1"],"picked":"Heavy Blade+1","floor":35},{"not_picked":["Heavy Blade+1","Cleave"],"picked":"Iron Wave+1","floor":37},{"not_picked":["Metallicize","Perfected Strike+1"],"picked":"Pommel Strike","floor":39},{"not_picked":["Anger+1","Body Slam+1"],"picked":"Inflame+1","floor":40},{"not_picked":["Bludgeon","Inflame"],"picked":"Battle Trance+1","floor":41},{"not_picked":["Searing Blow+1","Sword Boomerang+1"],"picked":"Flex","floor":43},{"not_picked":["Body Slam+1","Barricade","Sever Soul"],"picked":"SKIP","floor":45},{"not_picked":["Wild Strike","Warcry+1"],"picked":"Flex+1","floor":47},{"not_picked":["Pummel","Metallicize","Thunderclap+1"],"picked":"SKIP","floor":48},{"not_picked":["Shockwave+1","Thunderclap","True Grit+1"],"picked":"SKIP","floor":55}],"player_experience":115118,"relics_obtained":[{"floor":6,"key":"Shuriken"},{"floor":9,"key":"PreservedInsect"},{"floor":24,"key":"Dream Catcher"},{"floor":28,"key":"Red Mask"},{"floor":30,"key":"Strawberry"},{"floor":34,"key":"Sundial"},{"floor":34,"key":"Toy Ornithopter"},{"floor":34,"key":"Gambling Chip"},{"floor":41,"key":"Incense Burner"},{"floor":44,"key":"Happy Flower"},{"floor":48,"key":"Thread and Needle"},{"floor":49,"key":"StoneCalendar"},{"floor":55,"key":"Centennial Puzzle"}],"event_choices":[{"damage_healed":0,"gold_gain":75,"player_choice":"Gather Gold","damage_taken":11,"max_hp_gain":0,"max_hp_loss":0,"event_name":"World of Goop","floor":3,"gold_loss":0},{"damage_healed":0,"gold_gain":0,"player_choice":"Bought 0 Potions","damage_taken":0,"max_hp_gain":0,"max_hp_loss":0,"event_name":"The Woman in Blue","floor":7,"gold_loss":0},{"damage_healed":0,"gold_gain":0,"player_choice":"Fought Bandits","damage_taken":0,"max_hp_gain":0,"max_hp_loss":0,"event_name":"Masked Bandits","floor":28,"gold_loss":0},{"damage_healed":0,"gold_gain":0,"player_choice":"Relic","damage_taken":0,"max_hp_gain":0,"max_hp_loss":0,"event_name":"Wheel of Change","floor":49,"gold_loss":0}],"is_beta":false,"boss_relics":[{"not_picked":["Astrolabe","Coffee Dripper"],"picked":"Sozu"},{"not_picked":["Tiny House","Velvet Choker"],"picked":"Calling Bell"}],"items_purged_floors":[5,20,36,46],"is_endless":false,"potions_floor_spawned":[8,11,13,14,18,21,28,31,35,37,41,43],"killed_by":"The Heart","ascension_level":0}}