{"host":"uxjsgyia3bdyayt0","time":1613535446,"event":{"mods":["Act Like it!","BaseMod","Downfall","Gensokyo","Marisa（霧雨　魔理沙）","Minty Spire (QoL Compilation)","Prisma Mod","Reimu（博??梦）","Remilia（蕾米莉?）","StSLib","The Animator","The Servant 0.9.4","Yakumo Yukari mod","Youmu（魂魄妖梦）","Yuyuko"],"gold_per_floor":[99,117,130,189,200,200,270,370,21,121,14,0,0,0,13,111,111,111,111,126,126,126,86,86,86,114,29,44,44,74,86,104,104,104,104],"floor_reached":33,"language":"ENG","playtime":2809,"items_purged":[],"score":271,"play_id":"45d4c9c8-6e98-43c2-a099-2da65f73c80f","local_time":"20210217041726","is_ascension_mode":false,"campfire_choices":[{"data":"champ:Execute","floor":1.0,"key":"SMITH"},{"data":"champ:StanceDance","floor":6.0,"key":"SMITH"},{"data":"expansioncontent:PolyBeam","floor":13.0,"key":"SMITH"},{"data":"champ:Lariat","floor":18.0,"key":"SMITH"},{"data":"champ:ArenaPreparation","floor":25.0,"key":"SMITH"},{"data":"champ:TripleStrike","floor":29,"key":"SMITH"}],"circlet_count":0,"master_deck":["champ:Strike+1","champ:Strike+1","champ:Strike+1","champ:Strike+1","champ:Defend+1","champ:Defend+1","champ:Defend+1","champ:Execute+1","champ:Taunt","champ:StanceDance+1","champ:PreciseThrust","champ:Backstep","champ:GutPunch","champ:Lariat+1","champ:BladeFlurry","expansioncontent:PolyBeam+1","champ:TripleStrike","champ:IronFortress","champ:PreciseThrust","champ:VampiricStrike","champ:Taunt","champ:EnragedBash","champ:TornadoPunch","champ:TripleStrike+1","champ:HeartStrike","champ:ArenaPreparation+1","ZunPunch:ReiMu","champ:SteelEdge","champ:GutPunch","champ:CalledShot","champ:DeathBlow","champ:BringItOn","champ:Shatter+1","champ:StanceDance"],"relics":["champ:ChampionCrown","Potion Belt","Matryoshka","CloakClasp","Tea:ReiMu","Sozu","champ:FightingForDummies","Orichalcum","Eternal Feather","ScarletDevilRocket"],"acts_visited":["Exordium","TheCity"],"potions_floor_usage":[],"damage_taken":[{"damage":19.0,"enemies":"Small Slimes","floor":2.0,"turns":4.0},{"damage":10.0,"enemies":"Jaw Worm","floor":3.0,"turns":2.0},{"damage":37.0,"enemies":"3 Sentries","floor":4.0,"turns":8.0},{"damage":10.0,"enemies":"Cultist","floor":5.0,"turns":3.0},{"damage":71.0,"enemies":"Cultist","floor":8.0,"turns":14.0},{"damage":30.0,"enemies":"downfall:FleeingMerchant","floor":9.0,"turns":4.0},{"damage":15.0,"enemies":"downfall:FleeingMerchant","floor":11.0,"turns":4.0},{"damage":35.0,"enemies":"downfall:FleeingMerchant","floor":12.0,"turns":4.0},{"damage":16.0,"enemies":"Gremlin Gang","floor":15.0,"turns":4.0},{"damage":61.0,"enemies":"WA_ARCHETYPE_RETAIN","floor":16.0,"turns":9.0},{"damage":28.0,"enemies":"Shell Parasite","floor":20.0,"turns":4.0},{"damage":17.0,"enemies":"Slavers","floor":26.0,"turns":4.0},{"damage":14,"enemies":"downfall:FleeingMerchant","floor":27,"turns":4},{"damage":0,"enemies":"Spheric Guardian","floor":28,"turns":3},{"damage":16,"enemies":"Gremlin Leader","floor":30,"turns":6},{"damage":7,"enemies":"Snake Plant","floor":31,"turns":3},{"damage":21,"enemies":"Centurion and Healer","floor":32,"turns":4},{"damage":95,"enemies":"DF_ARCHETYPE_CLAW","floor":33,"turns":8}],"seed_played":"5837843060901231349","potions_obtained":[{"floor":8.0,"key":"Explosive Potion"},{"floor":15.0,"key":"hexamod:SoulburnPotion"},{"floor":16.0,"key":"EssenceOfSteel"}],"is_trial":false,"path_per_floor":["R","M","M","?","M","R","T","?","$","?","$","$","R","?","M","B",null,"R","?","M","?","?","?","T","R","E","$","M","R","E","M","M","B"],"character_chosen":"THE_CHAMP","items_purchased":["Tea:ReiMu","expansioncontent:PolyBeam","champ:IronFortress","champ:PreciseThrust","champ:CalledShot"],"campfire_rested":0,"item_purchase_floors":[9,9,11,11,27],"current_hp_per_floor":[99,90,90,83,83,83,83,52,52,52,52,52,81,81,80,49,99,99,99,91,91,91,91,91,91,84,80,80,99,93,86,80,0,0,0],"gold":104,"neow_bonus":"TEN_PERCENT_HP_BONUS","is_daily":false,"chose_seed":false,"campfire_upgraded":6,"win_rate":0.0,"timestamp":1613535446,"path_taken":["R","M","M","?","M","R","T","?","$","?","?","$","R","?","M","BOSS","R","?","?","?","?","?","T","R","E","?","M","R","E","M","M","BOSS"],"items_purchased_type":["Relic","Card","Card","Card","Card"],"build_version":"2020-12-22","purchased_purges":0,"victory":false,"max_hp_per_floor":[99,99,99,99,99,99,99,99,99,99,99,99,99,99,99,99,99,99,99,99,99,99,99,99,99,99,99,99,99,99,99,99,99,99,99],"card_choices":[{"not_picked":["champ:TornadoPunch","champ:CrownThrow"],"picked":"champ:StanceDance","floor":2.0},{"not_picked":["champ:BladeFlurry","champ:FaceSlap"],"picked":"champ:PreciseThrust","floor":3.0},{"not_picked":["champ:Endure","champ:FanOfKnives"],"picked":"champ:Backstep","floor":4.0},{"not_picked":["champ:PerfectedStrike","champ:BladeFlurry"],"picked":"champ:GutPunch","floor":5.0},{"not_picked":["champ:BerserkersShout","champ:Shatter"],"picked":"champ:Lariat","floor":8.0},{"not_picked":["champ:StanceDance","champ:BerserkersShout"],"picked":"champ:BladeFlurry","floor":9.0},{"not_picked":["champ:TornadoPunch","champ:EnGarde"],"picked":"champ:TripleStrike","floor":11.0},{"not_picked":["champ:DefensiveShout","champ:CrownThrow"],"picked":"champ:VampiricStrike","floor":12.0},{"not_picked":["champ:EnGarde","champ:DefensiveShout"],"picked":"champ:TornadoPunch","floor":15.0},{"not_picked":["champ:StrikeOfGenius","champ:IgnorePain"],"picked":"champ:TripleStrike","floor":16.0},{"not_picked":["champ:Circumvent","champ:Backstep"],"picked":"champ:HeartStrike","floor":20.0},{"not_picked":["champ:RisingSlash","champ:FlashCut"],"picked":"champ:SteelEdge","floor":26.0},{"not_picked":["champ:SetATrap+1","champ:PreciseThrust+1"],"picked":"champ:GutPunch","floor":27},{"not_picked":["champ:HeartStrike","champ:BerserkersShout+1"],"picked":"champ:DeathBlow","floor":28},{"not_picked":["champ:ShieldSlam","champ:SetATrap"],"picked":"champ:BringItOn","floor":30},{"not_picked":["champ:FocusedBerserking","champ:Circumvent"],"picked":"champ:Shatter+1","floor":31},{"not_picked":["champ:PreemptiveStrike","champ:ShieldWall"],"picked":"champ:StanceDance","floor":32}],"player_experience":12015,"relics_obtained":[{"floor":7.0,"key":"Matryoshka"},{"floor":8.0,"key":"CloakClasp"},{"floor":24.0,"key":"champ:FightingForDummies"},{"floor":24.0,"key":"Orichalcum"},{"floor":26.0,"key":"Eternal Feather"},{"floor":30,"key":"ScarletDevilRocket"}],"event_choices":[{"cards_removed":["champ:Defend"],"damage_healed":0.0,"max_hp_gain":0.0,"max_hp_loss":0.0,"gold_gain":0.0,"event_name":"Bonfire Elementals","player_choice":"Offered Basic","floor":19.0,"gold_loss":0.0,"damage_taken":0.0},{"damage_healed":0.0,"max_hp_gain":0.0,"max_hp_loss":0.0,"gold_gain":0.0,"event_name":"The Library","player_choice":"Read","floor":21.0,"gold_loss":0.0,"damage_taken":0.0,"cards_obtained":["champ:ArenaPreparation"]},{"damage_healed":0.0,"max_hp_gain":0.0,"max_hp_loss":0.0,"gold_gain":0.0,"event_name":"ZunEvent","player_choice":"Hand rover O-miki","floor":23.0,"relics_lost":["ZunR:ReiMu"],"gold_loss":0.0,"damage_taken":0.0,"cards_obtained":["ZunPunch:ReiMu"]}],"is_beta":false,"boss_relics":[{"not_picked":["Fusion Hammer","Philosopher\u0027s Stone"],"picked":"Sozu"}],"items_purged_floors":[],"is_endless":false,"potions_floor_spawned":[8,15,16,26,30,31,32],"killed_by":"DF_ARCHETYPE_CLAW","ascension_level":0}}