{"host":"s41rn2jhghpwfrvz","time":1613598816,"event":{"mods":["BaseMod","Minty Spire (QoL Compilation)","Quick Restart","Relic Stats","SuperFastMode"],"gold_per_floor":[110,90,104,119,119,119,144,175,175,175,189,224,243,168,168,245,245,259,259,270,170,199,230,241,271,271,289,289,315,349,379,379,457,457,470,470,496,512,528,557,342,358,383,383,396,430,280,294,294,294,294,294,294,119,149,149],"floor_reached":57,"language":"ENG","playtime":2786,"items_purged":["Pain","Streamline","SignatureMove+1","FTL","Sunder+1"],"score":3535,"play_id":"28f8da64-39cd-4ee6-850c-3286fb976314","local_time":"20210217235336","daily_mods":["SealedDeck","Diverse","DeadlyEvents"],"is_ascension_mode":true,"campfire_choices":[{"data":"Rage","floor":6,"key":"SMITH"},{"data":"SignatureMove","floor":10,"key":"SMITH"},{"data":"Swivel","floor":15,"key":"SMITH"},{"floor":32,"key":"RECALL"},{"floor":44,"key":"REST"},{"floor":49,"key":"REST"},{"floor":53,"key":"REST"}],"circlet_count":0,"master_deck":["AscendersBane","Swivel+1","Expertise","Blade Dance","Rage+1","Accuracy+1","Shrug It Off","Feel No Pain"],"relics":["Burning Blood","WarpedTongs","Orichalcum","Unceasing Top","Singing Bowl","Fusion Hammer","Nloth\u0027s Gift","Ancient Tea Set","Bag of Marbles","PreservedInsect","Torii","Ice Cream","Happy Flower","Oddly Smooth Stone","Akabeko","Astrolabe","Ornamental Fan","Bag of Preparation","Paper Frog","StoneCalendar"],"acts_visited":["Exordium","TheCity","TheBeyond","TheEnding"],"potions_floor_usage":[56,56],"damage_taken":[{"damage":2,"enemies":"2 Louse","floor":1,"turns":2},{"damage":0,"enemies":"Cultist","floor":3,"turns":2},{"damage":0,"enemies":"Jaw Worm","floor":4,"turns":2},{"damage":8,"enemies":"Gremlin Nob","floor":7,"turns":3},{"damage":9,"enemies":"3 Sentries","floor":8,"turns":5},{"damage":11,"enemies":"Gremlin Gang","floor":11,"turns":4},{"damage":0,"enemies":"Gremlin Nob","floor":12,"turns":2},{"damage":8,"enemies":"Looter","floor":13,"turns":2},{"damage":8,"enemies":"The Guardian","floor":16,"turns":7},{"damage":0,"enemies":"Shell Parasite","floor":18,"turns":2},{"damage":0,"enemies":"3 Byrds","floor":20,"turns":4},{"damage":0,"enemies":"Gremlin Leader","floor":22,"turns":6},{"damage":24,"enemies":"Slavers","floor":23,"turns":5},{"damage":0,"enemies":"Centurion and Healer","floor":24,"turns":4},{"damage":0,"enemies":"Gremlin Leader","floor":25,"turns":5},{"damage":0,"enemies":"Cultist and Chosen","floor":27,"turns":5},{"damage":0,"enemies":"Slavers","floor":29,"turns":3},{"damage":1,"enemies":"Gremlin Leader","floor":30,"turns":2},{"damage":1,"enemies":"Slavers","floor":31,"turns":2},{"damage":21,"enemies":"Automaton","floor":33,"turns":7},{"damage":0,"enemies":"Orb Walker","floor":35,"turns":1},{"damage":8,"enemies":"Nemesis","floor":37,"turns":3},{"damage":9,"enemies":"3 Darklings","floor":38,"turns":3},{"damage":0,"enemies":"Jaw Worm Horde","floor":39,"turns":2},{"damage":0,"enemies":"Reptomancer","floor":40,"turns":4},{"damage":9,"enemies":"4 Shapes","floor":42,"turns":3},{"damage":0,"enemies":"Sphere and 2 Shapes","floor":45,"turns":2},{"damage":0,"enemies":"Giant Head","floor":46,"turns":4},{"damage":0,"enemies":"Transient","floor":48,"turns":6},{"damage":0,"enemies":"Awakened One","floor":50,"turns":11},{"damage":46,"enemies":"Time Eater","floor":51,"turns":10},{"damage":0,"enemies":"Shield and Spear","floor":55,"turns":8},{"damage":18,"enemies":"The Heart","floor":56,"turns":11}],"seed_played":"3776940795889218621","potions_obtained":[{"floor":2,"key":"Dexterity Potion"},{"floor":4,"key":"ColorlessPotion"},{"floor":8,"key":"Dexterity Potion"},{"floor":46,"key":"ElixirPotion"}],"is_trial":true,"path_per_floor":["M","?","M","M","?","R","E","E","T","R","M","E","M","$","R","B",null,"M","?","M","$","E","E","M","E","T","M","T","E","E","E","R","B",null,"M","?","E","M","M","E","$","M","T","R","M","E","$","M","R","B","B",null,"R","$","E","B",null],"character_chosen":"IRONCLAD","items_purchased":["Feel No Pain"],"campfire_rested":3,"item_purchase_floors":[41],"current_hp_per_floor":[72,72,75,75,75,75,73,70,70,70,67,75,75,75,75,75,81,85,85,87,87,89,73,81,89,89,97,97,99,101,103,103,90,101,107,107,107,106,111,113,113,112,112,115,117,119,119,121,121,121,81,111,121,121,123,111],"gold":149,"neow_bonus":"","is_daily":false,"chose_seed":false,"campfire_upgraded":3,"win_rate":0.0,"timestamp":1613598816,"path_taken":["M","?","M","?","?","R","E","?","T","R","M","E","M","$","R","BOSS","M","?","M","$","?","E","M","E","T","M","?","?","?","E","R","BOSS","M","?","?","M","?","E","$","?","T","R","?","E","$","M","R","BOSS","BOSS","R","$","E","BOSS"],"items_purchased_type":["Card"],"build_version":"2020-12-22","purchased_purges":5,"victory":true,"max_hp_per_floor":[75,75,75,75,75,75,75,75,75,75,77,79,81,81,81,83,83,85,85,87,87,89,91,93,95,95,97,97,99,101,103,103,105,105,107,107,109,111,111,113,113,115,115,115,117,119,119,121,121,121,121,121,121,121,123,123],"relic_stats":{"Singing Bowl":48,"Torii":2,"Happy Flower":[26],"counters":[33,142],"Astrolabe":["Accuracy","Sunder","Tantrum"],"StoneCalendar":[52],"PreservedInsect":445,"Bag of Preparation":[16],"Orichalcum":[30],"Burning Blood":118,"WarpedTongs":[99],"Ornamental Fan":[380],"Nloth\u0027s Gift":4,"obtain_stats":[{"Ice Cream":28,"Singing Bowl":9,"Torii":26,"Happy Flower":29,"CeramicFish":12,"Astrolabe":34,"Oddly Smooth Stone":30,"StoneCalendar":55,"PreservedInsect":25,"Bag of Preparation":40,"Orichalcum":7,"Ancient Tea Set":22,"Burning Blood":0,"Akabeko":31,"WarpedTongs":5,"Ornamental Fan":37,"Fusion Hammer":17,"Nloth\u0027s Gift":19,"Bag of Marbles":23,"Unceasing Top":8,"Paper Frog":46},{"Ice Cream":16,"Singing Bowl":5,"Torii":15,"Happy Flower":17,"CeramicFish":7,"Astrolabe":20,"Oddly Smooth Stone":18,"StoneCalendar":32,"PreservedInsect":15,"Bag of Preparation":25,"Orichalcum":4,"Ancient Tea Set":12,"Burning Blood":0,"Akabeko":19,"WarpedTongs":3,"Ornamental Fan":22,"Fusion Hammer":9,"Nloth\u0027s Gift":10,"Bag of Marbles":13,"Unceasing Top":5,"Paper Frog":28},{"Ice Cream":60,"Singing Bowl":14,"Torii":55,"Happy Flower":63,"CeramicFish":20,"Astrolabe":74,"Oddly Smooth Stone":65,"StoneCalendar":131,"PreservedInsect":55,"Bag of Preparation":87,"Orichalcum":9,"Ancient Tea Set":41,"Burning Blood":0,"Akabeko":67,"WarpedTongs":6,"Ornamental Fan":78,"Fusion Hammer":29,"Nloth\u0027s Gift":31,"Bag of Marbles":46,"Unceasing Top":14,"Paper Frog":96}],"Unceasing Top":[11]},"card_choices":[{"not_picked":["ThirdEye","Acrobatics","Dodge and Roll"],"picked":"SKIP","floor":1},{"not_picked":["Infernal Blade","Outmaneuver","Bane"],"picked":"SKIP","floor":3},{"not_picked":["Leap","Crippling Poison","Chaos"],"picked":"SKIP","floor":4},{"not_picked":["True Grit","Poisoned Stab","Collect"],"picked":"SKIP","floor":7},{"not_picked":["Accuracy","Entrench","Calculated Gamble"],"picked":"SKIP","floor":8},{"not_picked":["Warcry","Clothesline","FollowUp"],"picked":"Singing Bowl","floor":11},{"not_picked":["Underhanded Strike","Feed","Reinforced Body"],"picked":"Singing Bowl","floor":12},{"not_picked":["Beam Cell","Protect","Armaments"],"picked":"Singing Bowl","floor":13},{"not_picked":["Berserk","Phantasmal Killer","Blasphemy"],"picked":"Singing Bowl","floor":16},{"not_picked":["FTL","Combust","Underhanded Strike"],"picked":"Singing Bowl","floor":18},{"not_picked":["Defragment","Halt","PathToVictory"],"picked":"Singing Bowl","floor":20},{"not_picked":["Redo","Prepared","Swivel"],"picked":"Singing Bowl","floor":22},{"not_picked":["True Grit","Wireheading","Night Terror"],"picked":"Singing Bowl","floor":23},{"not_picked":["Halt","Setup+1","Slice"],"picked":"Singing Bowl","floor":24},{"not_picked":["Night Terror","WindmillStrike","Flying Knee"],"picked":"Singing Bowl","floor":25},{"not_picked":["Slice","Wireheading","BowlingBash"],"picked":"Singing Bowl","floor":27},{"not_picked":["Flechettes","Dagger Throw+1","Tactician"],"picked":"Singing Bowl","floor":29},{"not_picked":["Evaluate","Static Discharge","FearNoEvil"],"picked":"Singing Bowl","floor":30},{"not_picked":["Wraith Form v2","Stack","Pommel Strike"],"picked":"Singing Bowl","floor":31},{"not_picked":["Electrodynamics","Alpha","Fission"],"picked":"Singing Bowl","floor":33},{"not_picked":["Dagger Spray","BootSequence+1","Crippling Poison+1"],"picked":"Singing Bowl","floor":35},{"not_picked":["Steam","CutThroughFate","EmptyFist"],"picked":"Singing Bowl","floor":37},{"not_picked":["Melter","Conserve Battery","Battle Trance"],"picked":"Singing Bowl","floor":38},{"not_picked":["Warcry","Iron Wave"],"picked":"Shrug It Off","floor":39},{"not_picked":["Feed","Iron Wave","Grand Finale"],"picked":"Singing Bowl","floor":40},{"not_picked":["CrushJoints","FlurryOfBlows","Heatsinks"],"picked":"Singing Bowl","floor":42},{"not_picked":["Bouncing Flask+1","Darkness+1","Lockon"],"picked":"Singing Bowl","floor":45},{"not_picked":["Sucker Punch","WindmillStrike","Collect"],"picked":"Singing Bowl","floor":46},{"not_picked":["Blizzard+1","Thunderclap","Nirvana+1"],"picked":"Singing Bowl","floor":48},{"not_picked":["Streamline+1","Protect","DevaForm"],"picked":"Singing Bowl","floor":55}],"player_experience":1929323,"relics_obtained":[{"floor":7,"key":"Orichalcum"},{"floor":8,"key":"Unceasing Top"},{"floor":9,"key":"Singing Bowl"},{"floor":12,"key":"CeramicFish"},{"floor":22,"key":"Ancient Tea Set"},{"floor":23,"key":"Bag of Marbles"},{"floor":25,"key":"PreservedInsect"},{"floor":26,"key":"Torii"},{"floor":28,"key":"Ice Cream"},{"floor":29,"key":"Happy Flower"},{"floor":30,"key":"Oddly Smooth Stone"},{"floor":31,"key":"Akabeko"},{"floor":37,"key":"Ornamental Fan"},{"floor":40,"key":"Bag of Preparation"},{"floor":46,"key":"Paper Frog"},{"floor":55,"key":"StoneCalendar"}],"event_choices":[{"damage_healed":0,"gold_gain":0,"player_choice":"Bought 1 Potion","damage_taken":0,"max_hp_gain":0,"max_hp_loss":0,"event_name":"The Woman in Blue","floor":2,"gold_loss":0},{"damage_healed":0,"gold_gain":0,"player_choice":"Rummage","damage_taken":0,"relics_obtained":["WarpedTongs"],"max_hp_gain":0,"max_hp_loss":0,"event_name":"Accursed Blacksmith","floor":5,"gold_loss":0,"cards_obtained":["Pain"]},{"damage_healed":0,"gold_gain":0,"player_choice":"Traded Relic","damage_taken":0,"relics_obtained":["Nloth\u0027s Gift"],"max_hp_gain":0,"max_hp_loss":0,"event_name":"N\u0027loth","floor":19,"relics_lost":["CeramicFish"],"gold_loss":0},{"cards_removed":["Tantrum"],"damage_healed":0,"gold_gain":0,"player_choice":"Card Removal","damage_taken":0,"max_hp_gain":0,"max_hp_loss":0,"event_name":"Wheel of Change","floor":36,"gold_loss":0}],"is_beta":false,"boss_relics":[{"not_picked":["Black Blood","Runic Cube"],"picked":"Fusion Hammer"},{"not_picked":["Tiny House","Sozu"],"picked":"Astrolabe"}],"items_purged_floors":[14,21,41,47,54],"is_endless":false,"potions_floor_spawned":[4,8,11,13,18,20,25,29,30,31,33,37,38,42,46,48],"ascension_level":20}}