{"host":"1nniobf0g4s2td4e","time":1613576050,"event":{"mods":["2.2 Compatiblity","BaseMod","Minty Spire (QoL Compilation)","StSLib","SuperFastMode"],"gold_per_floor":[110,110,130,19,19,58,78,78,78,91,16,60,79,79,79,79,79],"floor_reached":16,"language":"ENG","playtime":403,"items_purged":["Strike_R"],"score":135,"play_id":"a065669c-9521-4d2f-8c6b-64da730a8039","local_time":"20210217093410","is_ascension_mode":false,"campfire_choices":[{"data":"Combust","floor":8,"key":"SMITH"},{"data":"Finesse","floor":15,"key":"SMITH"}],"circlet_count":0,"master_deck":["Strike_R","Strike_R","Strike_R","Strike_R","Defend_R","Defend_R","Defend_R","Defend_R","Bash","Intimidate","Combust+1","Finesse+1","Cleave","Iron Wave","Shrug It Off","Thunderclap","Shrug It Off","Warcry"],"relics":["Burning Blood","NeowsBlessing","Golden Idol","TungstenRod","Question Card","The Courier"],"acts_visited":["Exordium"],"potions_floor_usage":[],"damage_taken":[{"damage":0,"enemies":"Cultist","floor":1,"turns":1},{"damage":0,"enemies":"Small Slimes","floor":3,"turns":1},{"damage":0,"enemies":"Lagavulin","floor":6,"turns":3},{"damage":0,"enemies":"2 Louse","floor":7,"turns":2},{"damage":0,"enemies":"2 Fungi Beasts","floor":10,"turns":3},{"damage":3,"enemies":"3 Sentries","floor":12,"turns":3},{"damage":2,"enemies":"Blue Slaver","floor":13,"turns":4},{"damage":83,"enemies":"Hexaghost","floor":16,"turns":15}],"seed_played":"-7231860262291500348","potions_obtained":[{"floor":1,"key":"ElixirPotion"},{"floor":2,"key":"PowerPotion"},{"floor":2,"key":"EntropicBrew"}],"is_trial":false,"path_per_floor":["M","?","M","$","?","E","M","R","T","M","$","E","M","$","R","B"],"character_chosen":"IRONCLAD","items_purchased":["Finesse","Cleave"],"campfire_rested":0,"item_purchase_floors":[4,4],"current_hp_per_floor":[80,80,80,80,60,66,72,72,72,78,78,80,80,80,80,0,0],"gold":79,"neow_bonus":"THREE_ENEMY_KILL","is_daily":false,"chose_seed":false,"campfire_upgraded":2,"win_rate":0.0,"timestamp":1613576050,"path_taken":["M","?","M","?","?","E","M","R","T","M","$","E","M","$","R","BOSS"],"items_purchased_type":["Card","Card"],"build_version":"2020-12-22","purchased_purges":1,"victory":false,"max_hp_per_floor":[80,80,80,80,80,80,80,80,80,80,80,80,80,80,80,80,80],"card_choices":[{"not_picked":["Clothesline","Blood for Blood"],"picked":"Intimidate","floor":1},{"not_picked":["Cleave","Blood for Blood"],"picked":"Combust","floor":3},{"not_picked":["Rampage","Havoc"],"picked":"Iron Wave","floor":6},{"not_picked":["Iron Wave","Heavy Blade","Carnage"],"picked":"Shrug It Off","floor":7},{"not_picked":["Sever Soul","Blood for Blood","Immolate"],"picked":"Thunderclap","floor":10},{"not_picked":["Headbutt","Rampage","Perfected Strike"],"picked":"Shrug It Off","floor":12},{"not_picked":["Uppercut","Clash","Body Slam"],"picked":"Warcry","floor":13}],"player_experience":774803,"relics_obtained":[{"floor":6,"key":"Question Card"},{"floor":12,"key":"The Courier"}],"event_choices":[{"damage_healed":0,"gold_gain":0,"player_choice":"Got Potions","damage_taken":0,"max_hp_gain":0,"max_hp_loss":0,"event_name":"Lab","floor":2,"gold_loss":0},{"damage_healed":0,"gold_gain":0,"player_choice":"Take Damage","damage_taken":20,"relics_obtained":["Golden Idol"],"max_hp_gain":0,"max_hp_loss":0,"event_name":"Golden Idol","floor":5,"gold_loss":0}],"is_beta":false,"boss_relics":[],"items_purged_floors":[11],"is_endless":false,"potions_floor_spawned":[1,10,12],"killed_by":"Hexaghost","ascension_level":0}}