{"host":"tcdxiwht2vajk3tk","time":1613560832,"event":{"mods":["AchievementEnabler","BaseMod","Beaked The Cultist","Colored Powertips","Conspire","Defuse TimeMaze Blight","Downfall","Halation","Hermit","Hubris","Infinite Spire","Lobotomy","LobotomyExtend","Minty Spire (QoL Compilation)","Replay The Spire","Shop Mod","StSLib","The Cursed","The Disciple"],"gold_per_floor":[114,131,185,28,38,63,63,78,78,78,78,4,30,47,47,47,47],"floor_reached":16,"language":"ENG","playtime":825,"items_purged":[],"score":160,"play_id":"81aacec3-54eb-49f4-9b30-e65a56a381e1","local_time":"20210217062032","is_ascension_mode":false,"campfire_choices":[{"floor":10.0,"key":"REST"},{"floor":15.0,"key":"REST"}],"circlet_count":0,"master_deck":["SpecialBullet","SpecialBullet","SpecialBullet","SpecialBullet","SpecialBullet","SpecialBullet","SpecialBullet","SpecialBullet","OldLady","CUTE","Scorched","BlackSwan_ego","FairyFestival","Ecstasy","OSAHOGD","Penitence+1","RecordCode","GrinderMk4","ParadiseLost","Laetitia","Regret_ego","VoidDream","FourthMatchFlame"],"relics":["CogitoBucket","LetterFromLob","Bronze Scales","Lee\u0027s Waffle","Toxic Egg 2","Slimebound:PreparedRelic","infinitespire:Golems Mask","HellTrain"],"acts_visited":["Exordium"],"potions_floor_usage":[16,16,16],"damage_taken":[{"damage":14.0,"enemies":"infinitespire:Voidling","floor":1.0,"turns":3.0},{"damage":0.0,"enemies":"Cultist","floor":2.0,"turns":2.0},{"damage":8.0,"enemies":"Small Slimes","floor":5.0,"turns":2.0},{"damage":18.0,"enemies":"3 Sentries","floor":6.0,"turns":3.0},{"damage":13.0,"enemies":"Red Slaver","floor":8.0,"turns":2.0},{"damage":16.0,"enemies":"Gremlin Nob","floor":13.0,"turns":3.0},{"damage":24.0,"enemies":"2 Fungi Beasts","floor":14.0,"turns":2.0}],"seed_played":"-680839840527809004","potions_obtained":[{"floor":0.0,"key":"Fruit Juice"},{"floor":0.0,"key":"sneckomod:MuddlingPotion"},{"floor":0.0,"key":"SteroidPotion"},{"floor":1.0,"key":"Block Potion"},{"floor":2.0,"key":"Ancient Potion"}],"is_trial":false,"path_per_floor":["M","M","T","$","M","E","R","M","T","R","?","$","E","M","R","B"],"character_chosen":"Angela","items_purchased":["Lee\u0027s Waffle","ParadiseLost"],"campfire_rested":2,"item_purchase_floors":[4,12],"current_hp_per_floor":[56,61,61,82,74,56,56,43,43,67,72,72,56,32,56,0,0],"gold":47,"neow_bonus":"THREE_SMALL_POTIONS","is_daily":false,"chose_seed":false,"campfire_upgraded":0,"win_rate":0.0,"timestamp":1613560832,"path_taken":["M","?","?","$","M","E","R","M","T","R","?","$","E","?","R","BOSS"],"items_purchased_type":["Relic","Card"],"build_version":"2020-12-22","purchased_purges":0,"victory":false,"max_hp_per_floor":[70,75,75,82,82,82,82,82,82,82,82,82,82,82,82,82,82],"card_choices":[{"not_picked":["CrumblingArmor","LongBird"],"picked":"OldLady","floor":1.0},{"not_picked":["Noise"],"picked":"CUTE","floor":1.0},{"not_picked":["Murderer","WallGazer"],"picked":"Scorched","floor":2.0},{"not_picked":["Moonlight"],"picked":"BlackSwan_ego","floor":2.0},{"not_picked":["QueenBee","WhitesApple"],"picked":"FairyFestival","floor":5.0},{"not_picked":["Harmony"],"picked":"Ecstasy","floor":5.0},{"not_picked":["ShyLook","UniverseFragment"],"picked":"OSAHOGD","floor":6.0},{"not_picked":["Noise+1"],"picked":"Penitence+1","floor":6.0},{"not_picked":["BigBird","HeroicMonk"],"picked":"PunishingBird","floor":8.0},{"not_picked":["Loneliness+1"],"picked":"GrinderMk4","floor":8.0},{"not_picked":["Rudolta","SpiderBud"],"picked":"Laetitia","floor":13.0},{"not_picked":["TheSmile+1"],"picked":"Regret_ego","floor":13.0},{"not_picked":["Rudolta","SpiderBud"],"picked":"VoidDream","floor":14.0},{"not_picked":["Lantern"],"picked":"FourthMatchFlame","floor":14.0}],"player_experience":1789885,"relics_obtained":[{"floor":1.0,"key":"LetterFromLob"},{"floor":3.0,"key":"Bronze Scales"},{"floor":6.0,"key":"Toxic Egg 2"},{"floor":9.0,"key":"Slimebound:PreparedRelic"},{"floor":13.0,"key":"infinitespire:Golems Mask"}],"event_choices":[{"cards_removed":["PunishingBird"],"damage_healed":5.0,"max_hp_gain":0.0,"max_hp_loss":0.0,"gold_gain":0.0,"event_name":"Bonfire Elementals","player_choice":"Offered Common","floor":11.0,"gold_loss":0.0,"damage_taken":0.0},{"cards_removed":["PunishingBird"],"damage_healed":5.0,"max_hp_gain":0.0,"max_hp_loss":0.0,"gold_gain":0.0,"event_name":"Bonfire Elementals","player_choice":"Offered Special","floor":11.0,"gold_loss":0.0,"damage_taken":0.0}],"is_beta":false,"boss_relics":[],"items_purged_floors":[],"is_endless":false,"potions_floor_spawned":[1,2,13,14],"killed_by":"Hexaghost","ascension_level":0}}