{"host":"c83fcgyuu74iknko","time":1613550277,"event":{"mods":["BaseMod","BetterRewards","Colored Map","Colored Powertips","Minty Spire (QoL Compilation)","Quick Restart","StSLib","The Animator","The Senshi"],"gold_per_floor":[26,44,319,335,335,386,408,408,478,115,115,90,10,25,25,138,138,160,181,181,81,97,134,177,202,202,224,224,66,89,205,205,325,325,344,366,216,231,56,72,110,110,134,160,193,193,193,224,224,232],"floor_reached":51,"language":"ENG","playtime":3783,"items_purged":["animator:Strike","animator:Defend","animator:Strike","animator:Defend","animator:Witch"],"score":778,"play_id":"c1360b41-acf1-4a5d-b325-37cb8e225dc9","local_time":"20210217002437","is_ascension_mode":false,"campfire_choices":[{"data":"1","floor":15,"key":"LIFT"},{"data":"animator:GoblinSlayer","floor":28,"key":"SMITH"},{"data":"animator:Priestess","floor":32,"key":"SMITH"},{"data":"2","floor":46,"key":"LIFT"},{"data":"3","floor":49,"key":"LIFT"}],"circlet_count":0,"master_deck":["animator:Strike_GoblinSlayer","animator:Defend_GoblinSlayer","animator:LizardPriest","animator:DwarfShaman","animator:HighElfArcher","animator:GuildGirl","animator:Spearman","Parasite","animator:Priestess+1","animator:HighElfArcher","animator:Biyorigo","animator:HighElfArcher","animator:GuildGirl","animator:GoblinSlayer+1","animator:SwordMaiden","animator:GuildGirl","animator:CowGirl","animator:Witch","animator:Witch","animator:Shizu+1","animator:Priestess","Parasite","animator:HinaKagiyama","animator:Curse_Dizziness","animator:Spearman+1"],"relics":["animator:VividPicture","animator:TheMissingPiece","Girya","HornCleat","Incense Burner","Nloth\u0027s Gift","Boot","Pear","animator:AlchemistGlove","Molten Egg 2","Mark of Pain","Singing Bowl","Vajra"],"acts_visited":["Exordium","TheCity","TheBeyond"],"potions_floor_usage":[6,25,31,33,36,40,45,50,50],"damage_taken":[{"damage":6,"enemies":"Jaw Worm","floor":1,"turns":4},{"damage":0,"enemies":"Cultist","floor":2,"turns":5},{"damage":2,"enemies":"2 Louse","floor":4,"turns":3},{"damage":27,"enemies":"3 Sentries","floor":6,"turns":10},{"damage":4,"enemies":"2 Fungi Beasts","floor":7,"turns":4},{"damage":0,"enemies":"Blue Slaver","floor":14,"turns":4},{"damage":0,"enemies":"Hexaghost","floor":16,"turns":8},{"damage":0,"enemies":"Spheric Guardian","floor":18,"turns":3},{"damage":5,"enemies":"2 Thieves","floor":19,"turns":4},{"damage":0,"enemies":"Snake Plant","floor":22,"turns":4},{"damage":9,"enemies":"Slavers","floor":23,"turns":5},{"damage":0,"enemies":"Sentry and Sphere","floor":24,"turns":3},{"damage":0,"enemies":"Chosen and Byrds","floor":25,"turns":5},{"damage":16,"enemies":"Snake Plant","floor":27,"turns":4},{"damage":0,"enemies":"Centurion and Healer","floor":30,"turns":6},{"damage":13,"enemies":"Colosseum Slavers","floor":31,"turns":5},{"damage":0,"enemies":"Colosseum Nobs","floor":31,"turns":5},{"damage":8,"enemies":"Champ","floor":33,"turns":8},{"damage":4,"enemies":"Orb Walker","floor":35,"turns":4},{"damage":0,"enemies":"3 Shapes","floor":36,"turns":5},{"damage":0,"enemies":"Writhing Mass","floor":38,"turns":6},{"damage":0,"enemies":"Spire Growth","floor":40,"turns":4},{"damage":18,"enemies":"Nemesis","floor":41,"turns":7},{"damage":0,"enemies":"Sphere and 2 Shapes","floor":44,"turns":5},{"damage":0,"enemies":"4 Shapes","floor":45,"turns":5},{"damage":3,"enemies":"Jaw Worm Horde","floor":48,"turns":4},{"damage":22,"enemies":"Donu and Deca","floor":50,"turns":7}],"seed_played":"-7654676102856889116","potions_obtained":[{"floor":1,"key":"SteroidPotion"},{"floor":2,"key":"SneckoOil"},{"floor":14,"key":"LiquidMemories"},{"floor":16,"key":"LiquidMemories"},{"floor":25,"key":"EssenceOfSteel"},{"floor":30,"key":"PowerPotion"},{"floor":35,"key":"Fire Potion"},{"floor":40,"key":"Swift Potion"},{"floor":45,"key":"BlessingOfTheForge"}],"is_trial":false,"path_per_floor":["M","M","?","M","?","E","M","?","T","$","?","$","$","M","R","B",null,"M","M","?","$","M","E","M","M","T","M","R","$","M","?","R","B",null,"M","M","$","M","$","M","E","?","T","M","M","R","?","M","R","B",null],"character_chosen":"THE_ANIMATOR","items_purchased":["Incense Burner","animator:Priestess","animator:HighElfArcher","animator:Witch"],"campfire_rested":0,"item_purchase_floors":[10,12,13,29],"current_hp_per_floor":[60,60,60,59,52,25,21,37,37,37,34,34,34,34,34,34,67,67,62,62,62,62,54,54,54,64,50,50,50,50,37,37,29,80,76,76,76,76,76,76,58,90,90,92,94,94,94,91,91,69],"gold":232,"neow_bonus":"REMOVE_TWO","is_daily":false,"chose_seed":false,"campfire_upgraded":2,"win_rate":0.0,"timestamp":1613550277,"path_taken":["M","M","?","?","?","E","M","?","T","$","?","?","$","M","R","BOSS","M","M","?","$","M","E","?","M","T","M","R","?","M","?","R","BOSS","M","M","$","M","$","M","E","?","T","M","?","R","?","M","R","BOSS"],"items_purchased_type":["Relic","Card","Card","Card"],"build_version":"2020-12-22","purchased_purges":5,"victory":true,"max_hp_per_floor":[66,66,66,67,67,67,67,67,67,67,67,67,67,67,67,67,67,67,67,67,67,67,68,68,68,78,80,80,80,80,80,80,80,80,80,80,80,80,80,80,80,90,90,92,94,94,94,94,94,94],"card_choices":[{"not_picked":["animator:Sebas","animator:PandorasActor"],"picked":"animator:HighElfArcher","floor":1},{"not_picked":["animator:Emonzaemon","animator:MetalKnight","animator:Cocytus"],"picked":"SKIP","floor":2},{"not_picked":["animator:UneriGinkaku","animator:Genos"],"picked":"animator:GuildGirl","floor":4},{"not_picked":["animator:DwarfShaman","animator:CowGirl"],"picked":"animator:Spearman","floor":6},{"not_picked":["animator:ElricAlphonse","animator:PandorasActor","animator:TsurugaMeisai"],"picked":"SKIP","floor":7},{"not_picked":["animator:RoryMercury","animator:Cocytus","animator:Shuna"],"picked":"SKIP","floor":14},{"not_picked":["animator:PinaCoLada","animator:Boros"],"picked":"animator:Biyorigo","floor":16},{"not_picked":["animator:TsurugaMeisai","animator:MaesHughes","animator:GazelDwargon+1"],"picked":"SKIP","floor":18},{"not_picked":["animator:GuildGirl","animator:Priestess"],"picked":"animator:HighElfArcher","floor":19},{"not_picked":["animator:Melzalgald","animator:Vesta"],"picked":"animator:GuildGirl","floor":22},{"not_picked":["animator:PinaCoLada","animator:Greed"],"picked":"animator:GoblinSlayer","floor":23},{"not_picked":["animator:LeleiLaLalena+1","animator:CowGirl"],"picked":"animator:SwordMaiden","floor":24},{"not_picked":["animator:DwarfShaman","animator:LizardPriest"],"picked":"animator:GuildGirl","floor":25},{"not_picked":["animator:Kuribayashi","animator:Azekura+1"],"picked":"animator:CowGirl","floor":27},{"not_picked":["animator:ElricEdward","animator:Evileye"],"picked":"animator:Witch","floor":30},{"not_picked":["animator:NarberalGamma","animator:ZankiKiguchi+1"],"picked":"animator:Witch","floor":31},{"not_picked":["animator:Saitama","animator:Envy"],"picked":"animator:Shizu+1","floor":33},{"not_picked":["animator:DwarfShaman+1","animator:LizardPriest"],"picked":"animator:Priestess","floor":35},{"not_picked":["animator:Melzalgald+1","animator:Shichika+1","animator:NarberalGamma"],"picked":"SKIP","floor":36},{"not_picked":["animator:Sloth+1","animator:Vesta","animator:TukaLunaMarceau+1"],"picked":"SKIP","floor":38},{"not_picked":["animator:WinryRockbell","animator:Pride+1","animator:Tatsumaki+1"],"picked":"SKIP","floor":40},{"not_picked":["animator:Spearman+1","animator:Priestess"],"picked":"animator:SwordMaiden","floor":41},{"not_picked":["animator:Tyuule","animator:ZankiKiguchi+1","animator:TsurugaMeisai"],"picked":"Singing Bowl","floor":44},{"not_picked":["animator:Hitei+1","animator:Konayuki+1","animator:DwarfShaman+1"],"picked":"Singing Bowl","floor":45},{"not_picked":["animator:UneriGinkaku+1","animator:Emonzaemon+1"],"picked":"animator:Spearman+1","floor":48}],"player_experience":258258,"relics_obtained":[{"floor":6,"key":"Girya"},{"floor":9,"key":"HornCleat"},{"floor":23,"key":"Boot"},{"floor":26,"key":"Pear"},{"floor":31,"key":"animator:AlchemistGlove"},{"floor":31,"key":"Molten Egg 2"},{"floor":41,"key":"Singing Bowl"},{"floor":43,"key":"Vajra"}],"event_choices":[{"damage_healed":0,"gold_gain":275,"player_choice":"Desecrate","damage_taken":0,"max_hp_gain":0,"max_hp_loss":0,"event_name":"Golden Shrine","floor":3,"gold_loss":0,"cards_obtained":["Regret"]},{"cards_removed":["Regret"],"damage_healed":0,"gold_gain":0,"player_choice":"Card Removal","damage_taken":7,"max_hp_gain":0,"max_hp_loss":0,"event_name":"Golden Wing","floor":5,"gold_loss":0},{"damage_healed":16,"gold_gain":0,"player_choice":"Healed and dodged fight","damage_taken":0,"max_hp_gain":0,"max_hp_loss":0,"event_name":"Mushrooms","floor":8,"gold_loss":0,"cards_obtained":["Parasite"]},{"damage_healed":0,"gold_gain":0,"player_choice":"Success","damage_taken":3,"relics_obtained":["Bronze Scales"],"max_hp_gain":0,"max_hp_loss":0,"event_name":"Scrap Ooze","floor":11,"gold_loss":0},{"damage_healed":0,"gold_gain":0,"player_choice":"Traded Relic","damage_taken":0,"relics_obtained":["Nloth\u0027s Gift"],"max_hp_gain":0,"max_hp_loss":0,"event_name":"N\u0027loth","floor":20,"relics_lost":["Bronze Scales"],"gold_loss":0},{"damage_healed":0,"gold_gain":0,"player_choice":"Fight","damage_taken":0,"max_hp_gain":0,"max_hp_loss":0,"event_name":"Colosseum","floor":31,"gold_loss":0},{"damage_healed":0,"gold_gain":0,"player_choice":"Fought Nobs","damage_taken":0,"max_hp_gain":0,"max_hp_loss":0,"event_name":"Colosseum","floor":31,"gold_loss":0},{"cards_removed":["animator:SwordMaiden"],"damage_healed":22,"gold_gain":0,"player_choice":"Offered Rare","damage_taken":0,"max_hp_gain":10,"max_hp_loss":0,"event_name":"Bonfire Elementals","floor":42,"gold_loss":0}],"is_beta":false,"boss_relics":[{"not_picked":["Black Star","Fusion Hammer"],"picked":"animator:VividPicture"},{"not_picked":["Pandora\u0027s Box","Tiny House"],"picked":"Mark of Pain"}],"items_purged_floors":[10,21,29,37,39],"is_endless":false,"potions_floor_spawned":[1,2,14,16,24,25,30,35,40,44,45],"ascension_level":0}}