{"host":"am0cr9xwekqmrere","time":1613543461,"event":{"mods":["AchievementEnabler","Act Like it!","BaseMod","Better Altar","Better Match","Better Note","Better Sensory Stone","Better Skull","Better Third Choice","BetterRewards","Conspire","Downfall","Hubris","Infinite Spire","Marisa????????","Minty Spire (QoL Compilation)","Rare Cards Sparkle","Spicy Shops","StSLib","The Servant 0.9.4","Unceasing Turn Reminder"],"gold_per_floor":[129,0,29,60,92,136,211,251,251,281,281,281,330,330,330,447,447,479,512,512,537,565,565,594,594,674,634,661,661,274,302,302,414,414,444,444,344,375,375,375,449,449,449,449,500,539,587,635,635,651,651,651,403,455,477],"floor_reached":56,"language":"ENG","playtime":3118,"items_purged":[],"score":1551,"play_id":"37fae922-215f-45d7-a1a3-9035bb9d304d","local_time":"20210217003101","is_ascension_mode":false,"campfire_choices":[{"floor":12,"key":"REST"},{"floor":15,"key":"REST"},{"floor":23,"key":"RECALL"},{"data":"Enlightenment","floor":25,"key":"SMITH"},{"data":"infinitespire:Punishment","floor":29,"key":"SMITH"},{"floor":32,"key":"REST"},{"data":"BinaryStars","floor":40,"key":"SMITH"},{"data":"PropBag","floor":42,"key":"SMITH"},{"data":"OortCloud","floor":44,"key":"SMITH"},{"floor":49,"key":"REST"},{"data":"RefractionSpark","floor":52,"key":"SMITH"}],"circlet_count":0,"master_deck":["Strike_MRS","Strike_MRS","Strike_MRS","Strike_MRS","Defend_MRS","Defend_MRS+1","Defend_MRS","Defend_MRS","MasterSpark","UpSweep","WitchOfGreed","GasGiant","GalacticHalo","GravityBeat","Enlightenment+1","ShootTheMoon","BinaryStars+1","6A","OortCloud+1","OrrerysSun","WitchLeyline","NonDirectionalLaser","BlazingStar","RefractionSpark+1","NonDirectionalLaser","infinitespire:Fortify","infinitespire:Punishment+1","PropBag+1","ShootingEcho+1","DoubleSpark+1","Singularity","EarthLightRay+1","ManaRampage","conspire:SpireCoStock","conspire:SpireCoStock","BlazeAway","StarBarrage+1","WitchLeyline+1","MagicAbsorber","AlicesGift+1","DeepEcoloBomb","Occultation","MachineGunSpark"],"relics":["MiniHakkero","Membership Card","hubris:Spice","Thread and Needle","BreadOfAWashokuLover","Anchor","hubris:Backtick","Medical Kit","sneckomod:BlankCard","infinitespire:Bottled Soul","Lizard Tail","hubris:EmptyBottle","Busted Crown","hubris:Towel","ClockworkSouvenir"],"acts_visited":["Exordium","TheCity","TheBeyond","TheEnding"],"potions_floor_usage":[8,10,13,16,16,18,19,19,22,24,28,31,33,33,35,35,35,38,38,38,46,47,48,48,50,50,50,50,54,55,55,55,55,55,55],"damage_taken":[{"damage":3.0,"enemies":"2 Louse","floor":1.0,"turns":3.0},{"damage":5.0,"enemies":"Small Slimes","floor":3.0,"turns":5.0},{"damage":0.0,"enemies":"Cultist","floor":4.0,"turns":3.0},{"damage":11.0,"enemies":"Exordium Wildlife","floor":5.0,"turns":6.0},{"damage":13.0,"enemies":"Lagavulin","floor":6.0,"turns":4.0},{"damage":16,"enemies":"Nightmare","floor":8,"turns":13},{"damage":2,"enemies":"2 Fungi Beasts","floor":10,"turns":3},{"damage":0,"enemies":"Lagavulin","floor":13,"turns":7},{"damage":45,"enemies":"Hexaghost","floor":16,"turns":15},{"damage":14,"enemies":"3 Byrds","floor":18,"turns":6},{"damage":0,"enemies":"Chosen","floor":19,"turns":6},{"damage":0,"enemies":"Centurion and Healer","floor":21,"turns":5},{"damage":17,"enemies":"3 Cultists","floor":22,"turns":6},{"damage":0,"enemies":"Cultist and Chosen","floor":24,"turns":5},{"damage":7,"enemies":"Snake Plant","floor":28,"turns":2},{"damage":8,"enemies":"Centurion and Healer","floor":31,"turns":3},{"damage":41,"enemies":"Automaton","floor":33,"turns":9},{"damage":8,"enemies":"3 Shapes","floor":35,"turns":4},{"damage":0,"enemies":"3 Darklings","floor":38,"turns":4},{"damage":0,"enemies":"Giant Head","floor":41,"turns":7},{"damage":36,"enemies":"4 Shapes","floor":45,"turns":4},{"damage":0,"enemies":"Jaw Worm Horde","floor":46,"turns":3},{"damage":0,"enemies":"Transient","floor":47,"turns":4},{"damage":0,"enemies":"Maw","floor":48,"turns":5},{"damage":46,"enemies":"conspire:OrnateMirror","floor":50,"turns":10},{"damage":40,"enemies":"Shield and Spear","floor":54,"turns":7},{"damage":94,"enemies":"The Heart","floor":55,"turns":11}],"seed_played":"-2590133332208848759","potions_obtained":[{"floor":3.0,"key":"ColorlessPotion"},{"floor":3.0,"key":"sneckomod:MuddlingPotion"},{"floor":4.0,"key":"sneckomod:MuddlingPotion"},{"floor":4.0,"key":"hexamod:SoulburnPotion"},{"floor":5.0,"key":"PowerPotion"},{"floor":6.0,"key":"BlessingOfTheForge"},{"floor":8,"key":"bronze:BurnAndBuffPotion"},{"floor":8,"key":"champ:CounterPotion"},{"floor":10,"key":"BottledSpark"},{"floor":10,"key":"DuplicationPotion"},{"floor":13,"key":"Regen Potion"},{"floor":16,"key":"DistilledChaos"},{"floor":18,"key":"Weak Potion"},{"floor":19,"key":"champ:CounterPotion"},{"floor":21,"key":"FearPotion"},{"floor":21,"key":"SpeedPotion"},{"floor":22,"key":"Fruit Juice"},{"floor":22,"key":"SteroidPotion"},{"floor":24,"key":"Regen Potion"},{"floor":28,"key":"ShroomBrew"},{"floor":28,"key":"hexamod:SoulburnPotion"},{"floor":31,"key":"ShroomBrew"},{"floor":33,"key":"Fire Potion"},{"floor":35,"key":"EssenceOfSteel"},{"floor":38,"key":"PowerPotion"},{"floor":45,"key":"DistilledChaos"},{"floor":47,"key":"Dexterity Potion"},{"floor":48,"key":"Weak Potion"},{"floor":54,"key":"bronze:BurnAndBuffPotion"}],"is_trial":false,"path_per_floor":["M","?","M","M","M","E","?","NM","T","M","?","R","E","?","R","B",null,"M","M","AVR","M","M","R","M","R","T","?","M","R","$","M","R","B",null,"M","?","?","M","AVR","R","E","R","T","R","M","M","M","M","R","B",null,"R","$","E","B",null],"character_chosen":"MARISA","items_purchased":["Membership Card","WitchOfGreed","GasGiant","GalacticHalo","infinitespire:Bottled Soul","Singularity","Lizard Tail","hubris:EmptyBottle","ClockworkSouvenir","DeepEcoloBomb","Occultation","BlessingOfTheForge","LiquidBronze"],"campfire_rested":4,"item_purchase_floors":[0,0,0,0,30,30,30,30,53,53,53,53,53],"current_hp_per_floor":[65,71,66,66,55,50,42,26,34,32,32,61,61,18,44,14,89,77,85,85,86,88,88,88,88,88,88,86,86,86,78,107,66,107,105,105,105,107,107,107,99,99,99,99,69,75,81,87,99,53,99,99,99,65,25],"gold":477,"neow_bonus":"","is_daily":false,"chose_seed":false,"campfire_upgraded":6,"win_rate":0.0,"timestamp":1613543461,"path_taken":["M","?","M","M","M","E","?","NM","T","?","?","R","E","?","R","BOSS","M","M","AVR","M","M","R","M","R","T","?","M","R","$","M","R","BOSS","M","?","?","M","AVR","R","E","R","T","R","M","M","M","M","R","BOSS","R","$","E","BOSS"],"items_purchased_type":["Relic","Card","Card","Card","Relic","Card","Relic","Relic","Relic","Card","Card","Potion","Potion"],"build_version":"2020-12-22","purchased_purges":0,"victory":true,"max_hp_per_floor":[75,81,81,81,81,89,89,89,97,97,97,97,97,89,89,89,89,89,89,89,89,107,107,107,107,107,107,107,107,107,107,107,107,107,107,107,107,107,107,107,99,99,99,99,99,99,99,99,99,99,99,99,99,91,91],"card_choices":[{"not_picked":["ChargingUp","AsteroidBelt"],"picked":"GravityBeat","floor":1.0},{"not_picked":["EnergyRecoil","ShootingEcho"],"picked":"ShootTheMoon","floor":3.0},{"not_picked":["DC","Acceleration"],"picked":"BinaryStars","floor":4.0},{"not_picked":["Orbital","AsteroidBelt"],"picked":"6A","floor":5.0},{"not_picked":["ChargeUpSpray","DoubleSpark"],"picked":"OortCloud","floor":6.0},{"not_picked":["ManaRampage","SuperNova"],"picked":"OrrerysSun","floor":8},{"not_picked":["Orbital","GasGiant"],"picked":"WitchLeyline","floor":10},{"not_picked":["ManaConvection","GalacticHalo"],"picked":"NonDirectionalLaser","floor":13},{"not_picked":["BinaryStars","ManaRampage"],"picked":"BlazingStar","floor":16},{"not_picked":["MilkyWay","hubris:SpiceAddiction"],"picked":"RefractionSpark","floor":18},{"not_picked":["OpenUniverse","6A"],"picked":"NonDirectionalLaser","floor":19},{"not_picked":["AsteroidBelt","PowerUp"],"picked":"PropBag","floor":21},{"not_picked":["Orbital","hubris:SpiceAddiction"],"picked":"ShootingEcho","floor":22},{"not_picked":["ShootingEcho+1","StarlightTyphoon","6A"],"picked":"SKIP","floor":24},{"not_picked":["WitchLeyline","LuminesStrike"],"picked":"DoubleSpark+1","floor":28},{"not_picked":["ManaConvection","Singularity"],"picked":"EarthLightRay+1","floor":31},{"not_picked":["SuperNova","hubris:SpiceAddiction"],"picked":"ManaRampage","floor":33},{"not_picked":["LuminesStrike"],"picked":"SKIP","floor":35},{"not_picked":[],"picked":"BlazeAway","floor":38},{"not_picked":[],"picked":"StarBarrage+1","floor":41},{"not_picked":[],"picked":"WitchLeyline+1","floor":45},{"not_picked":["DarkSpark"],"picked":"SKIP","floor":46},{"not_picked":[],"picked":"MagicAbsorber","floor":47},{"not_picked":[],"picked":"AlicesGift+1","floor":48},{"not_picked":[],"picked":"MachineGunSpark","floor":54}],"player_experience":2813141,"relics_obtained":[{"floor":6.0,"key":"hubris:Spice"},{"floor":8,"key":"Thread and Needle"},{"floor":9,"key":"hubris:Spice"},{"floor":13,"key":"BreadOfAWashokuLover"},{"floor":41,"key":"hubris:Spice"},{"floor":54,"key":"hubris:Spice"}],"event_choices":[{"damage_healed":0.0,"max_hp_gain":0.0,"max_hp_loss":0.0,"gold_gain":0.0,"event_name":"betterThird:BetterSerpent","player_choice":"RENOUNCE","floor":2.0,"gold_loss":129.0,"damage_taken":129.0,"cards_obtained":["Enlightenment"]},{"damage_healed":0,"gold_gain":75,"player_choice":"Touch","damage_taken":8,"max_hp_gain":0,"max_hp_loss":0,"event_name":"FaceTrader","floor":7,"gold_loss":0},{"damage_healed":0,"gold_gain":0,"player_choice":"RE RE ","damage_taken":47,"relics_obtained":["Anchor","hubris:Spice"],"max_hp_gain":0,"max_hp_loss":0,"event_name":"betterSkull:BetterSkull","floor":14,"gold_loss":0,"cards_upgraded":[]},{"damage_healed":0,"gold_gain":0,"player_choice":"Upgraded Two","damage_taken":0,"max_hp_gain":0,"max_hp_loss":0,"event_name":"Designer","floor":27,"gold_loss":40,"cards_upgraded":["ShootingEcho","Defend_MRS"]},{"damage_healed":0,"gold_gain":0,"player_choice":"Invest 2","damage_taken":0,"max_hp_gain":0,"max_hp_loss":0,"event_name":"conspire:Investor","floor":37,"gold_loss":0}],"is_beta":false,"boss_relics":[{"not_picked":["conspire:SpecialSausage","hubris:Spice"],"picked":"hubris:Backtick"},{"not_picked":["hubris:Spice","conspire:SeveredTorchhead"],"picked":"Busted Crown"}],"items_purged_floors":[],"is_endless":false,"potions_floor_spawned":[3,4,8,10,13,21,22,24,28,33,35,38,47],"ascension_level":0}}