{"host":"vl29iwkwnyytuw8q","time":1613573335,"event":{"mods":["BaseMod","Minty Spire (QoL Compilation)","Permanent Neow","Relic Stats","StSLib"],"gold_per_floor":[13,33,33,50,65,97,97,109,159,178,198,211,211,223,223,223,223],"floor_reached":16,"language":"ENG","playtime":550,"items_purged":[],"score":216,"play_id":"b14ae6b4-17df-4b49-92f1-91ace153d5cd","local_time":"20210217154855","is_ascension_mode":true,"campfire_choices":[{"floor":7.0,"key":"REST"},{"floor":15,"key":"REST"}],"circlet_count":0,"master_deck":["AscendersBane","Strike_G","Strike_G","Strike_G","Strike_G","Defend_G","Defend_G","Defend_G","Defend_G","Defend_G","Survivor","Neutralize","Envenom","Blade Dance","Escape Plan","Footwork","Deflect","Caltrops","Cloak And Dagger","Dodge and Roll","Catalyst","PiercingWail","Night Terror","Blade Dance"],"relics":["Ring of the Snake","Kunai","Lantern"],"acts_visited":["Exordium"],"potions_floor_usage":[],"damage_taken":[{"damage":3.0,"enemies":"2 Louse","floor":1.0,"turns":3.0},{"damage":1.0,"enemies":"Small Slimes","floor":2.0,"turns":4.0},{"damage":0.0,"enemies":"Cultist","floor":4.0,"turns":4.0},{"damage":8.0,"enemies":"Blue Slaver","floor":5.0,"turns":6.0},{"damage":34.0,"enemies":"Gremlin Nob","floor":6.0,"turns":5.0},{"damage":1.0,"enemies":"3 Louse","floor":8.0,"turns":6.0},{"damage":8.0,"enemies":"Lots of Slimes","floor":10.0,"turns":5.0},{"damage":1,"enemies":"Looter","floor":11,"turns":4},{"damage":14,"enemies":"Large Slime","floor":12,"turns":8},{"damage":3,"enemies":"Blue Slaver","floor":14,"turns":6},{"damage":24,"enemies":"The Guardian","floor":16,"turns":2}],"seed_played":"3265774004762278814","potions_obtained":[{"floor":2.0,"key":"BlessingOfTheForge"},{"floor":4.0,"key":"Block Potion"},{"floor":10.0,"key":"Energy Potion"}],"is_trial":false,"path_per_floor":["M","M","?","M","M","E","R","M","T","M","M","M","?","M","R","B"],"character_chosen":"THE_SILENT","items_purchased":[],"campfire_rested":2,"item_purchase_floors":[],"current_hp_per_floor":[56,55,55,55,47,13,32,31,31,23,22,8,8,5,24,0,0],"gold":223,"neow_bonus":"THREE_RARE_CARDS","is_daily":false,"chose_seed":false,"campfire_upgraded":0,"win_rate":0.0,"timestamp":1613573335,"path_taken":["M","M","?","M","M","E","R","M","T","M","M","M","?","M","R","BOSS"],"items_purchased_type":[],"build_version":"2020-12-22","purchased_purges":0,"victory":false,"max_hp_per_floor":[66,66,66,66,66,66,66,66,66,66,66,66,66,66,66,66,66],"relic_stats":{"counters":[11,53],"Kunai":[11],"obtain_stats":[{"Lantern":9,"Kunai":6,"Ring of the Snake":0},{"Lantern":6,"Kunai":5,"Ring of the Snake":0},{"Lantern":28,"Kunai":22,"Ring of the Snake":0}],"Ring of the Snake":[22]},"card_choices":[{"not_picked":["After Image","Storm of Steel"],"picked":"Envenom","floor":0.0},{"not_picked":["Flying Knee","Sucker Punch"],"picked":"Blade Dance","floor":1.0},{"not_picked":["Eviscerate","Outmaneuver"],"picked":"Escape Plan","floor":2.0},{"not_picked":["Outmaneuver","Underhanded Strike"],"picked":"Deflect","floor":4.0},{"not_picked":["Dagger Spray","Poisoned Stab"],"picked":"Caltrops","floor":5.0},{"not_picked":["Eviscerate","Dash"],"picked":"Cloak And Dagger","floor":6.0},{"not_picked":["Dash","Outmaneuver"],"picked":"Dodge and Roll","floor":8.0},{"not_picked":["Finisher","Crippling Poison"],"picked":"Catalyst","floor":10.0},{"not_picked":["Slice","Dagger Spray"],"picked":"PiercingWail","floor":11},{"not_picked":["Dagger Throw","Choke"],"picked":"Night Terror","floor":12},{"not_picked":["Deadly Poison","Backflip"],"picked":"Blade Dance","floor":14}],"player_experience":690934,"relics_obtained":[{"floor":6.0,"key":"Kunai"},{"floor":9.0,"key":"Lantern"}],"event_choices":[{"damage_healed":0.0,"max_hp_gain":0.0,"max_hp_loss":0.0,"gold_gain":0.0,"cards_transformed":["Strike_G"],"event_name":"Living Wall","player_choice":"Change","floor":3.0,"gold_loss":0.0,"damage_taken":0.0,"cards_obtained":["Footwork"]},{"damage_healed":0,"gold_gain":0,"player_choice":"Ignored","damage_taken":0,"max_hp_gain":0,"max_hp_loss":0,"event_name":"Shining Light","floor":13,"gold_loss":0}],"is_beta":false,"boss_relics":[],"items_purged_floors":[],"is_endless":false,"potions_floor_spawned":[2,4,5,10],"killed_by":"The Guardian","ascension_level":20}}