{"host":"pqs17sqrgflf4eqa","time":1613539931,"event":{"mods":["AchievementEnabler","BaseMod","Bestiary","Better Altar","Better Match","Better Skull","Block Reminder","Bossed Relics","Colored Map","Colored Powertips","Curses Come First","Dark Map","DeckTracker","Defective Defect","Displayed Cursed Tome","Emptier Cage","Googly Eyes","Highlight Path","Minty Spire (QoL Compilation)","Quick Restart","Slay-I","StSLib","SuperFastMode","Synergy Search","Thieving Mod","Transform Curses","everything is the same but u backflip on backflip","slay the spire mod where everything is the same but ironclad has a cowboy hat"],"gold_per_floor":[20,35,35,46,46,46,81,81,81,98,113,148,162,177,177,274,274,290,302,302,302,322,322,322],"floor_reached":23,"language":"ENG","playtime":618,"items_purged":[],"score":332,"play_id":"3585f7e2-0f68-4ee0-8db2-05a310410b08","local_time":"20210217003211","is_ascension_mode":true,"campfire_choices":[{"data":"Apotheosis","floor":6.0,"key":"SMITH"},{"data":"Buffer","floor":8.0,"key":"SMITH"},{"data":"Rainbow","floor":15.0,"key":"SMITH"}],"circlet_count":0,"master_deck":["Strike_B","Strike_B","Strike_B","Strike_B","Defend_B","Defend_B","Defend_B","Defend_B","Zap","Dualcast","Apotheosis+1","Leap","Defragment","Auto Shields","Buffer+1","Cold Snap","Streamline","Leap","Rainbow+1","Electrodynamics","Beam Cell+1","Rip and Tear"],"relics":["Cracked Core","Shuriken","Eternal Feather","Meat on the Bone","Black Star","Frozen Egg 2"],"acts_visited":["Exordium","TheCity"],"potions_floor_usage":[23],"damage_taken":[{"damage":0.0,"enemies":"Cultist","floor":1.0,"turns":3.0},{"damage":0.0,"enemies":"2 Louse","floor":2.0,"turns":2.0},{"damage":0.0,"enemies":"Jaw Worm","floor":4.0,"turns":3.0},{"damage":12.0,"enemies":"Lagavulin","floor":7.0,"turns":5.0},{"damage":4.0,"enemies":"Blue Slaver","floor":10.0,"turns":4.0},{"damage":0.0,"enemies":"Exordium Thugs","floor":11.0,"turns":5.0},{"damage":12.0,"enemies":"3 Sentries","floor":12.0,"turns":9.0},{"damage":14.0,"enemies":"Red Slaver","floor":13.0,"turns":2.0},{"damage":0.0,"enemies":"Large Slime","floor":14.0,"turns":6.0},{"damage":0.0,"enemies":"Slime Boss","floor":16.0,"turns":8.0},{"damage":2.0,"enemies":"Chosen","floor":18.0,"turns":6.0},{"damage":19.0,"enemies":"2 Thieves","floor":19.0,"turns":3.0},{"damage":0.0,"enemies":"Cultist and Chosen","floor":22.0,"turns":5.0},{"damage":48,"enemies":"Gremlin Leader","floor":23,"turns":5}],"seed_played":"6903639999858888599","potions_obtained":[{"floor":1.0,"key":"Explosive Potion"},{"floor":4.0,"key":"Energy Potion"},{"floor":13.0,"key":"Strength Potion"},{"floor":14.0,"key":"Block Potion"},{"floor":22.0,"key":"ThievingMod:ThievingPotion"}],"is_trial":false,"path_per_floor":["M","M","?","M","?","R","E","R","T","M","M","E","M","M","R","B",null,"M","M","?","T","M","E"],"character_chosen":"DEFECT","items_purchased":[],"campfire_rested":0,"item_purchase_floors":[],"current_hp_per_floor":[68,68,68,68,68,68,56,56,56,52,52,40,38,38,47,47,68,66,47,47,47,47,0,0],"gold":322,"neow_bonus":"RANDOM_COLORLESS_2","is_daily":false,"chose_seed":false,"campfire_upgraded":3,"win_rate":0.0,"timestamp":1613539931,"path_taken":["M","?","?","M","?","R","E","R","T","?","M","E","M","M","R","BOSS","M","M","?","?","M","E"],"items_purchased_type":[],"build_version":"2020-12-22","purchased_purges":0,"victory":false,"max_hp_per_floor":[75,75,75,75,75,75,75,75,75,75,75,75,75,75,75,75,75,75,75,75,75,75,75,75],"card_choices":[{"not_picked":["The Bomb","Metamorphosis"],"picked":"Apotheosis","floor":0.0},{"not_picked":["Rebound","Coolheaded"],"picked":"Leap","floor":1.0},{"not_picked":["Cold Snap","Steam"],"picked":"Defragment","floor":2.0},{"not_picked":["Reinforced Body","Defragment"],"picked":"Auto Shields","floor":4.0},{"not_picked":["Turbo","Barrage"],"picked":"Buffer","floor":7.0},{"not_picked":["Capacitor","Tempest","White Noise"],"picked":"SKIP","floor":10.0},{"not_picked":["Conserve Battery","Beam Cell"],"picked":"Cold Snap","floor":11.0},{"not_picked":["Beam Cell","Hologram"],"picked":"Streamline","floor":12.0},{"not_picked":["Redo","Hologram"],"picked":"Leap","floor":13.0},{"not_picked":["Hologram","Steam Power"],"picked":"Rainbow","floor":14.0},{"not_picked":["All For One","Thunder Strike"],"picked":"Electrodynamics","floor":16.0},{"not_picked":["Hologram+1","Rebound"],"picked":"Beam Cell+1","floor":18.0},{"not_picked":["Stack+1","Rebound","FTL"],"picked":"SKIP","floor":19.0},{"not_picked":["Steam","Double Energy","FTL"],"picked":"SKIP","floor":22.0}],"player_experience":220313,"relics_obtained":[{"floor":7.0,"key":"Shuriken"},{"floor":9.0,"key":"Eternal Feather"},{"floor":12.0,"key":"Meat on the Bone"},{"floor":21.0,"key":"Frozen Egg 2"}],"event_choices":[{"damage_healed":0.0,"max_hp_gain":0.0,"max_hp_loss":0.0,"gold_gain":0.0,"event_name":"Golden Wing","player_choice":"Ignored","floor":3.0,"gold_loss":0.0,"damage_taken":0.0},{"damage_healed":0.0,"max_hp_gain":0.0,"max_hp_loss":0.0,"gold_gain":0.0,"event_name":"The Cleric","player_choice":"Leave","floor":5.0,"gold_loss":0.0,"damage_taken":0.0},{"damage_healed":0.0,"max_hp_gain":0.0,"max_hp_loss":0.0,"gold_gain":0.0,"event_name":"The Library","player_choice":"Read","floor":20.0,"gold_loss":0.0,"damage_taken":0.0,"cards_obtained":["Rip and Tear"]}],"is_beta":false,"boss_relics":[{"not_picked":["SacredBark","Velvet Choker"],"picked":"Black Star"}],"items_purged_floors":[],"is_endless":false,"potions_floor_spawned":[1,4,13,14,22],"killed_by":"Gremlin Leader","ascension_level":6}}