{"host":"j4g6ia6asvpyu2b0","time":1613559727,"event":{"mods":["BaseMod","Colored Map","Infinite Spire","Minty Spire (QoL Compilation)","Permanent Neow","Quick Restart","Relic Stats","StSLib","Unceasing Turn Reminder"],"gold_per_floor":[359,359,376,326,343,343,369,369,369,382,382,415,426,446,446,545,545,562,572,583,583,603,603,622,656,679,679,711,730,743,776,776,776,776],"floor_reached":33,"language":"ENG","playtime":1734,"items_purged":["Strike_G"],"score":353,"play_id":"7013f4aa-cfda-4f05-8aa4-8fd836c62977","local_time":"20210217040207","is_ascension_mode":true,"campfire_choices":[{"data":"Dash","floor":6.0,"key":"SMITH"},{"data":"A Thousand Cuts","floor":8.0,"key":"SMITH"},{"data":"Crippling Poison","floor":15.0,"key":"SMITH"},{"data":"Bouncing Flask","floor":23.0,"key":"SMITH"},{"data":"Tools of the Trade","floor":27.0,"key":"SMITH"},{"data":"Adrenaline","floor":32.0,"key":"SMITH"}],"circlet_count":0,"master_deck":["Strike_G","Strike_G","Strike_G","Defend_G","Defend_G","Defend_G","Defend_G","Defend_G","Survivor","Neutralize","Bouncing Flask+1","Dash+1","Dagger Spray","A Thousand Cuts+1","Dash","Crippling Poison+1","Flechettes","PiercingWail","Tools of the Trade+1","Dagger Throw","Bouncing Flask","Dodge and Roll","Predator","Choke+1","Outmaneuver","Escape Plan+1","Dodge and Roll+1","Adrenaline+1","Noxious Fumes"],"relics":["Ring of the Snake","Pocketwatch","Nunchaku","Black Star","Coffee Dripper","Boot","Bronze Scales","Strawberry","Anchor","Lantern","Calipers","Bag of Preparation"],"acts_visited":["Exordium","TheCity"],"potions_floor_usage":[33],"damage_taken":[{"damage":7.0,"enemies":"Jaw Worm","floor":1.0,"turns":7.0},{"damage":1.0,"enemies":"2 Louse","floor":3.0,"turns":4.0},{"damage":0.0,"enemies":"Cultist","floor":5.0,"turns":3.0},{"damage":7.0,"enemies":"3 Sentries","floor":7.0,"turns":7.0},{"damage":8.0,"enemies":"Lots of Slimes","floor":10.0,"turns":3.0},{"damage":2.0,"enemies":"Lagavulin","floor":12.0,"turns":9.0},{"damage":0.0,"enemies":"Looter","floor":13.0,"turns":3.0},{"damage":14.0,"enemies":"Exordium Thugs","floor":14.0,"turns":5.0},{"damage":6.0,"enemies":"Hexaghost","floor":16.0,"turns":9.0},{"damage":0.0,"enemies":"Chosen","floor":18.0,"turns":4.0},{"damage":10.0,"enemies":"Spheric Guardian","floor":19.0,"turns":5.0},{"damage":15.0,"enemies":"Snake Plant","floor":20.0,"turns":5.0},{"damage":0.0,"enemies":"Snecko","floor":22.0,"turns":4.0},{"damage":0.0,"enemies":"Chosen and Byrds","floor":24.0,"turns":4.0},{"damage":16.0,"enemies":"Slavers","floor":25.0,"turns":5.0},{"damage":3.0,"enemies":"Book of Stabbing","floor":28.0,"turns":4.0},{"damage":21.0,"enemies":"3 Cultists","floor":29.0,"turns":4.0},{"damage":0.0,"enemies":"Snake Plant","floor":30.0,"turns":4.0},{"damage":11.0,"enemies":"Slavers","floor":31.0,"turns":3.0},{"damage":1,"enemies":"Champ","floor":33,"turns":2}],"seed_played":"-7101674879099809994","potions_obtained":[{"floor":1.0,"key":"BlessingOfTheForge"},{"floor":10.0,"key":"FearPotion"},{"floor":12.0,"key":"Fire Potion"},{"floor":14.0,"key":"DistilledChaos"},{"floor":18.0,"key":"SkillPotion"},{"floor":20.0,"key":"FearPotion"},{"floor":24.0,"key":"Block Potion"},{"floor":28.0,"key":"Dexterity Potion"},{"floor":30.0,"key":"SteroidPotion"}],"is_trial":false,"path_per_floor":["M","?","M","?","M","R","E","R","T","M","?","E","M","M","R","B",null,"M","M","M","AVR","M","R","M","E","T","R","E","M","M","E","R","B"],"character_chosen":"THE_SILENT","items_purchased":[],"campfire_rested":0,"item_purchase_floors":[],"current_hp_per_floor":[63,63,62,62,62,62,55,55,55,47,47,45,45,31,31,25,70,70,60,45,45,45,45,45,29,36,36,33,12,12,1,1,0,0],"gold":776,"neow_bonus":"TWO_FIFTY_GOLD","is_daily":false,"chose_seed":false,"campfire_upgraded":6,"win_rate":0.0,"timestamp":1613559727,"path_taken":["M","?","M","?","M","R","E","R","T","M","?","E","?","M","R","BOSS","M","?","M","AVR","M","R","M","E","T","R","E","M","M","E","R","BOSS"],"items_purchased_type":[],"build_version":"2020-12-22","purchased_purges":1,"victory":false,"max_hp_per_floor":[70,70,70,70,70,70,70,70,70,70,70,70,70,70,70,70,70,70,70,70,70,70,70,70,70,77,77,77,77,77,77,77,77,77],"relic_stats":{"Nunchaku":[9],"counters":[20,94],"Bronze Scales":[75],"Black Star":3,"Bag of Preparation":[2],"Boot":[23],"obtain_stats":[{"Nunchaku":12,"Anchor":28,"Lantern":28,"Calipers":31,"Bronze Scales":25,"Strawberry":26,"Black Star":17,"Coffee Dripper":21,"Bag of Preparation":31,"Boot":25,"Ring of the Snake":0,"Pocketwatch":7},{"Nunchaku":6,"Anchor":16,"Lantern":16,"Calipers":19,"Bronze Scales":15,"Strawberry":15,"Black Star":9,"Coffee Dripper":12,"Bag of Preparation":19,"Boot":15,"Ring of the Snake":0,"Pocketwatch":4},{"Nunchaku":33,"Anchor":81,"Lantern":81,"Calipers":92,"Bronze Scales":77,"Strawberry":77,"Black Star":50,"Coffee Dripper":64,"Bag of Preparation":92,"Boot":77,"Ring of the Snake":0,"Pocketwatch":21}],"Ring of the Snake":[40],"Pocketwatch":[141]},"card_choices":[{"not_picked":["Backstab","Quick Slash"],"picked":"Bouncing Flask","floor":1.0},{"not_picked":["Dodge and Roll","Concentrate"],"picked":"Dash","floor":3.0},{"not_picked":["Dagger Throw","Cloak And Dagger"],"picked":"Dagger Spray","floor":5.0},{"not_picked":["Underhanded Strike","Deadly Poison"],"picked":"A Thousand Cuts","floor":7.0},{"not_picked":["Deflect","Backstab"],"picked":"Dash","floor":10.0},{"not_picked":["Calculated Gamble","Blade Dance"],"picked":"Crippling Poison","floor":12.0},{"not_picked":["Prepared","All Out Attack"],"picked":"Flechettes","floor":13.0},{"not_picked":["Slice","Tactician"],"picked":"PiercingWail","floor":14.0},{"not_picked":["Unload","Die Die Die"],"picked":"Tools of the Trade","floor":16.0},{"not_picked":["Distraction","Infinite Blades"],"picked":"Dagger Throw","floor":18.0},{"not_picked":["Acrobatics+1","Masterful Stab"],"picked":"Bouncing Flask","floor":19.0},{"not_picked":["Terror","Skewer"],"picked":"Dodge and Roll","floor":20.0},{"not_picked":["PiercingWail","Backflip"],"picked":"Predator","floor":22.0},{"not_picked":["Caltrops","Finisher"],"picked":"Choke+1","floor":24.0},{"not_picked":["Acrobatics","Expertise"],"picked":"Outmaneuver","floor":25.0},{"not_picked":["Catalyst","Blur"],"picked":"Escape Plan+1","floor":28.0},{"not_picked":["Deadly Poison+1","Prepared+1"],"picked":"Dodge and Roll+1","floor":29.0},{"not_picked":["PiercingWail","Sucker Punch"],"picked":"Adrenaline","floor":30.0},{"not_picked":["Dagger Throw","Infinite Blades"],"picked":"Noxious Fumes","floor":31.0}],"player_experience":1256488,"relics_obtained":[{"floor":7.0,"key":"Pocketwatch"},{"floor":12.0,"key":"Nunchaku"},{"floor":25.0,"key":"Boot"},{"floor":25.0,"key":"Bronze Scales"},{"floor":26.0,"key":"Strawberry"},{"floor":28.0,"key":"Anchor"},{"floor":28.0,"key":"Lantern"},{"floor":31.0,"key":"Calipers"},{"floor":31.0,"key":"Bag of Preparation"}],"event_choices":[{"cards_removed":["Injury"],"damage_healed":0.0,"max_hp_gain":0.0,"max_hp_loss":0.0,"gold_gain":0.0,"event_name":"The Cleric","player_choice":"Card Removal","floor":4.0,"gold_loss":50.0,"damage_taken":0.0},{"cards_removed":["Strike_G"],"damage_healed":0.0,"max_hp_gain":0.0,"max_hp_loss":0.0,"gold_gain":0.0,"event_name":"Purifier","player_choice":"Purged","floor":11.0,"gold_loss":0.0,"damage_taken":0.0}],"is_beta":false,"boss_relics":[{"not_picked":["Pandora\u0027s Box","Fusion Hammer"],"picked":"Black Star"}],"items_purged_floors":[21],"is_endless":false,"potions_floor_spawned":[1,10,12,14,18,20,24,28,30],"killed_by":"Champ","ascension_level":2}}