{"host":"zsnmfqgcm92hlreo","time":1613542005,"event":{"mods":["AchievementEnabler","BaseMod","Bestiary","Block Reminder","Colored Map","Colored Powertips","Filter the Spire","Minty Spire (QoL Compilation)","Permanent Neow","Quick Restart","Relic Stats","StSLib","Weighted Paths"],"gold_per_floor":[113,131,131,141,141,167,167,199,199,234,234,253,283,294,294,373,373,385,397,397,397,397,430,430,480,507,536,494,512,266,276,276,349,349,365,380,390,612,502,502,536,536,536,551,388,215,215,240,240,240,240,240,240,24,53,53,53],"floor_reached":56,"language":"ENG","playtime":2417,"items_purged":[],"score":2102,"play_id":"cca1b834-ad94-4889-ba0a-93c8b8302279","local_time":"20210217000645","is_ascension_mode":true,"campfire_choices":[{"floor":7.0,"key":"REST"},{"floor":11.0,"key":"REST"},{"data":"Scrawl","floor":15.0,"key":"SMITH"},{"floor":24.0,"key":"REST"},{"floor":32.0,"key":"RECALL"},{"floor":40.0,"key":"REST"},{"floor":42.0,"key":"REST"},{"floor":49.0,"key":"REST"},{"floor":53.0,"key":"REST"}],"circlet_count":0,"master_deck":["AscendersBane","Eruption+1","Vigilance+1","Scrawl+1","CrushJoints+1","Conclude+1","Establishment+1","LessonLearned+1","InnerPeace","Pray+1","Brilliance","ReachHeaven","BowlingBash","WheelKick","TalkToTheHand","LikeWater+1","Protect+1","EmptyBody","Brilliance","Consecrate+1","DeusExMachina","CutThroughFate","Ghostly","Ghostly","Ghostly+1","TalkToTheHand","Evaluate+1","TalkToTheHand+1","Fasting2","Prostrate+1","TalkToTheHand","Pray+1","Prostrate","Protect+1","Tantrum+1","Brilliance","Adaptation","SpiritShield","Prostrate"],"relics":["Pandora\u0027s Box","Du-Vu Doll","Pear","Anchor","Ornamental Fan","Potion Belt","Fusion Hammer","Bag of Preparation","Damaru","Red Mask","Orrery","Velvet Choker","Frozen Egg 2","Art of War","Vajra","ClockworkSouvenir","Eternal Feather","CaptainsWheel","Pocketwatch"],"acts_visited":["Exordium","TheCity","TheBeyond","TheEnding"],"potions_floor_usage":[55,55,55,56,56],"damage_taken":[{"damage":8.0,"enemies":"2 Louse","floor":1.0,"turns":2.0},{"damage":0.0,"enemies":"Small Slimes","floor":2.0,"turns":2.0},{"damage":6.0,"enemies":"Cultist","floor":4.0,"turns":3.0},{"damage":20.0,"enemies":"3 Sentries","floor":6.0,"turns":4.0},{"damage":17.0,"enemies":"Lagavulin","floor":8.0,"turns":6.0},{"damage":22.0,"enemies":"3 Sentries","floor":10.0,"turns":5.0},{"damage":1.0,"enemies":"Red Slaver","floor":12.0,"turns":3.0},{"damage":0.0,"enemies":"Gremlin Nob","floor":13.0,"turns":2.0},{"damage":4.0,"enemies":"Exordium Thugs","floor":14.0,"turns":3.0},{"damage":0.0,"enemies":"Slime Boss","floor":16.0,"turns":3.0},{"damage":1.0,"enemies":"2 Thieves","floor":18.0,"turns":2.0},{"damage":11.0,"enemies":"3 Byrds","floor":19.0,"turns":3.0},{"damage":8.0,"enemies":"Book of Stabbing","floor":23.0,"turns":6.0},{"damage":0.0,"enemies":"Masked Bandits","floor":27.0,"turns":3.0},{"damage":0.0,"enemies":"Centurion and Healer","floor":29.0,"turns":7.0},{"damage":0.0,"enemies":"Snake Plant","floor":31.0,"turns":6.0},{"damage":16.0,"enemies":"Automaton","floor":33.0,"turns":5.0},{"damage":0.0,"enemies":"3 Shapes","floor":35.0,"turns":3.0},{"damage":0.0,"enemies":"3 Darklings","floor":36.0,"turns":3.0},{"damage":13.0,"enemies":"Writhing Mass","floor":37.0,"turns":6.0},{"damage":0.0,"enemies":"Reptomancer","floor":41.0,"turns":3.0},{"damage":0.0,"enemies":"Jaw Worm Horde","floor":44.0,"turns":4.0},{"damage":18.0,"enemies":"Nemesis","floor":48.0,"turns":7.0},{"damage":20.0,"enemies":"Time Eater","floor":50.0,"turns":10.0},{"damage":7.0,"enemies":"Awakened One","floor":51.0,"turns":10.0},{"damage":36,"enemies":"Shield and Spear","floor":55,"turns":5},{"damage":8,"enemies":"The Heart","floor":56,"turns":2}],"seed_played":"2659875183735604720","potions_obtained":[{"floor":1.0,"key":"Swift Potion"},{"floor":2.0,"key":"SkillPotion"},{"floor":8.0,"key":"Swift Potion"},{"floor":14.0,"key":"SteroidPotion"},{"floor":16.0,"key":"GamblersBrew"},{"floor":27.0,"key":"Explosive Potion"},{"floor":31.0,"key":"Block Potion"},{"floor":36.0,"key":"Block Potion"},{"floor":37.0,"key":"Regen Potion"},{"floor":41.0,"key":"Energy Potion"},{"floor":44.0,"key":"EntropicBrew"},{"floor":55,"key":"Block Potion"}],"is_trial":false,"path_per_floor":["M","M","?","M","?","E","R","E","T","E","R","M","E","M","R","B",null,"M","M","?","?","?","E","R","?","T","?","$","M","$","M","R","B",null,"M","M","M","?","?","R","E","R","T","M","$","$","T","E","R","B","B",null,"R","$","E","B"],"character_chosen":"WATCHER","items_purchased":["TalkToTheHand","Orrery","Prostrate","Protect","Vajra","ClockworkSouvenir","PowerPotion","Fruit Juice","Prostrate"],"campfire_rested":7,"item_purchase_floors":[28,30,30,30,45,46,54,54,54],"current_hp_per_floor":[53,53,42,36,58,48,71,54,54,32,55,54,54,50,50,50,71,70,59,59,39,39,31,39,39,39,39,39,39,39,39,39,23,35,35,35,22,22,22,33,33,39,39,39,39,39,39,21,39,19,27,36,39,39,8,0,0],"gold":53,"neow_bonus":"BOSS_RELIC","is_daily":false,"chose_seed":false,"campfire_upgraded":1,"win_rate":0.0,"timestamp":1613542005,"path_taken":["M","M","?","M","?","E","R","E","T","E","R","M","E","M","R","BOSS","M","M","?","?","?","E","R","?","T","?","$","M","$","M","R","BOSS","M","M","M","?","?","R","E","R","T","?","?","$","?","E","R","BOSS","BOSS","R","$","E","BOSS"],"items_purchased_type":["Card","Relic","Card","Card","Relic","Relic","Potion","Potion","Card"],"build_version":"2020-12-22","purchased_purges":0,"victory":false,"max_hp_per_floor":[68,68,68,68,68,78,78,78,78,78,78,78,78,78,78,78,78,78,78,78,39,39,39,39,39,39,39,39,39,39,39,39,39,39,39,39,39,39,39,39,39,39,39,39,39,39,39,39,39,39,39,39,39,39,44,44,44],"relic_stats":{"counters":[27,118],"Ornamental Fan":[148],"Pandora\u0027s Box":["Scrawl","CrushJoints","Conclude","Establishment","LessonLearned","InnerPeace","Pray","Brilliance"],"Eternal Feather":21,"Bag of Preparation":[28],"Art of War":[1],"obtain_stats":[{"Potion Belt":13,"Pear":6,"Damaru":26,"Velvet Choker":34,"Vajra":45,"Eternal Feather":47,"Bag of Preparation":23,"Frozen Egg 2":41,"ClockworkSouvenir":46,"Du-Vu Doll":3,"Anchor":8,"CaptainsWheel":48,"Ornamental Fan":10,"Orrery":30,"Pandora\u0027s Box":0,"Fusion Hammer":17,"Red Mask":27,"Art of War":43,"PureWater":0,"Pocketwatch":55},{"Potion Belt":8,"Pear":4,"Damaru":13,"Velvet Choker":17,"Vajra":22,"Eternal Feather":22,"Bag of Preparation":13,"Frozen Egg 2":21,"ClockworkSouvenir":22,"Du-Vu Doll":2,"Anchor":5,"CaptainsWheel":23,"Ornamental Fan":6,"Orrery":15,"Pandora\u0027s Box":0,"Fusion Hammer":10,"Red Mask":14,"Art of War":21,"PureWater":0,"Pocketwatch":26},{"Potion Belt":27,"Pear":11,"Damaru":44,"Velvet Choker":65,"Vajra":84,"Eternal Feather":84,"Bag of Preparation":44,"Frozen Egg 2":80,"ClockworkSouvenir":84,"Du-Vu Doll":4,"Anchor":17,"CaptainsWheel":91,"Ornamental Fan":22,"Orrery":54,"Pandora\u0027s Box":0,"Fusion Hammer":33,"Red Mask":47,"Art of War":80,"PureWater":0,"Pocketwatch":116}],"Pocketwatch":[0]},"card_choices":[{"not_picked":["Vengeance","Halt"],"picked":"ReachHeaven","floor":1.0},{"not_picked":["Vengeance","Evaluate"],"picked":"BowlingBash","floor":2.0},{"not_picked":["FollowUp","WindmillStrike"],"picked":"WheelKick","floor":4.0},{"not_picked":["Protect","Devotion"],"picked":"TalkToTheHand","floor":6.0},{"not_picked":["ReachHeaven","EmptyBody"],"picked":"LikeWater","floor":8.0},{"not_picked":["PathToVictory","ForeignInfluence"],"picked":"Protect","floor":10.0},{"not_picked":["EmptyFist","Evaluate"],"picked":"EmptyBody","floor":12.0},{"not_picked":["BowlingBash","Prostrate"],"picked":"Brilliance","floor":13.0},{"not_picked":["EmptyFist","ClearTheMind"],"picked":"Consecrate","floor":14.0},{"not_picked":["Brilliance","LessonLearned"],"picked":"DeusExMachina","floor":16.0},{"not_picked":["FlyingSleeves","ClearTheMind"],"picked":"Protect","floor":18.0},{"not_picked":["CarveReality","Nirvana"],"picked":"CutThroughFate","floor":19.0},{"not_picked":["Adaptation+1","LikeWater+1"],"picked":"TalkToTheHand","floor":23.0},{"not_picked":["ForeignInfluence","CutThroughFate"],"picked":"Evaluate+1","floor":27.0},{"not_picked":["Study+1","Crescendo"],"picked":"Fasting2","floor":29.0},{"not_picked":["Conclude","ClearTheMind"],"picked":"Prostrate+1","floor":30.0},{"not_picked":["Sanctity","LessonLearned"],"picked":"TalkToTheHand","floor":30.0},{"not_picked":["Nirvana+1","SashWhip"],"picked":"Pray+1","floor":30.0},{"not_picked":["ReachHeaven","Conclude+1"],"picked":"Tantrum+1","floor":31.0},{"not_picked":["Wish","Blasphemy"],"picked":"Brilliance","floor":33.0},{"not_picked":["WreathOfFlame","Swivel"],"picked":"Adaptation","floor":35.0},{"not_picked":["EmptyBody","SashWhip","EmptyMind"],"picked":"SKIP","floor":36.0},{"not_picked":["Crescendo","LikeWater","PathToVictory"],"picked":"SKIP","floor":37.0},{"not_picked":["PathToVictory","FollowUp+1"],"picked":"SpiritShield","floor":41.0},{"not_picked":["Crescendo","BowlingBash","JustLucky"],"picked":"SKIP","floor":44.0},{"not_picked":["Consecrate+1","Evaluate","Halt+1"],"picked":"SKIP","floor":48.0},{"not_picked":["EmptyFist","Adaptation+1","CutThroughFate"],"picked":"SKIP","floor":55}],"player_experience":1169819,"relics_obtained":[{"floor":6.0,"key":"Pear"},{"floor":8.0,"key":"Anchor"},{"floor":10.0,"key":"Ornamental Fan"},{"floor":13.0,"key":"Potion Belt"},{"floor":23.0,"key":"Bag of Preparation"},{"floor":26.0,"key":"Damaru"},{"floor":27.0,"key":"Red Mask"},{"floor":41.0,"key":"Frozen Egg 2"},{"floor":43.0,"key":"Art of War"},{"floor":47.0,"key":"Eternal Feather"},{"floor":48.0,"key":"CaptainsWheel"},{"floor":55,"key":"Pocketwatch"}],"event_choices":[{"damage_healed":0.0,"max_hp_gain":0.0,"max_hp_loss":0.0,"gold_gain":0.0,"event_name":"Scrap Ooze","player_choice":"Success","floor":3.0,"gold_loss":0.0,"damage_taken":11.0,"relics_obtained":["Du-Vu Doll"]},{"damage_healed":22.0,"max_hp_gain":0.0,"max_hp_loss":0.0,"gold_gain":0.0,"event_name":"Big Fish","player_choice":"Banana","floor":5.0,"gold_loss":0.0,"damage_taken":0.0},{"damage_healed":0.0,"max_hp_gain":0.0,"max_hp_loss":0.0,"gold_gain":0.0,"event_name":"Vampires","player_choice":"Ignored","floor":20.0,"gold_loss":0.0,"damage_taken":0.0},{"damage_healed":0.0,"max_hp_gain":0.0,"max_hp_loss":39.0,"gold_gain":0.0,"event_name":"Ghosts","player_choice":"Became a Ghost","floor":21.0,"gold_loss":0.0,"damage_taken":0.0,"cards_obtained":["Ghostly","Ghostly","Ghostly"]},{"damage_healed":0.0,"max_hp_gain":0.0,"max_hp_loss":0.0,"gold_gain":0.0,"event_name":"Beggar","player_choice":"Ignored","floor":22.0,"gold_loss":0.0,"damage_taken":0.0},{"damage_healed":0.0,"max_hp_gain":0.0,"max_hp_loss":0.0,"gold_gain":50.0,"event_name":"Nest","player_choice":"Stole From Cult","floor":25.0,"gold_loss":0.0,"damage_taken":0.0},{"damage_healed":0.0,"max_hp_gain":0.0,"max_hp_loss":0.0,"gold_gain":0.0,"event_name":"Masked Bandits","player_choice":"Fought Bandits","floor":27.0,"gold_loss":0.0,"damage_taken":0.0},{"damage_healed":0.0,"max_hp_gain":0.0,"max_hp_loss":0.0,"gold_gain":222.0,"event_name":"Tomb of Lord Red Mask","player_choice":"Wore Mask","floor":38.0,"gold_loss":0.0,"damage_taken":0.0},{"cards_removed":["Protect"],"damage_healed":0.0,"max_hp_gain":0.0,"max_hp_loss":0.0,"gold_gain":0.0,"event_name":"Designer","player_choice":"Upgrade and Remove","floor":39.0,"gold_loss":110.0,"damage_taken":0.0,"cards_upgraded":["Ghostly"]}],"is_beta":false,"boss_relics":[{"not_picked":["Astrolabe","Ectoplasm"],"picked":"Fusion Hammer"},{"not_picked":["Tiny House","Black Star"],"picked":"Velvet Choker"}],"items_purged_floors":[],"is_endless":false,"potions_floor_spawned":[1,2,8,14,16,27,31,36,37,41,44,55],"killed_by":"The Heart","ascension_level":20}}