{"host":"11728qvdvolffudn","time":1613563986,"event":{"mods":["BaseMod","Block Reminder","Colored Powertips","Curses Come First","Custom Start","Displayed Cursed Tome","Highlight Path","Minty Spire (QoL Compilation)","Permanent Neow","Quick Restart","Rare Cards Sparkle","Relic Stats","StSLib","Weighted Paths"],"gold_per_floor":[112,112,37,37,55,55,83,83,83,93,93,93,105,116,116,221,221,238,513,500,500,500],"floor_reached":21,"language":"ENG","playtime":468,"items_purged":["Regret"],"score":215,"play_id":"47b77224-4c64-45fc-9452-92015cdad59b","local_time":"20210217121306","is_ascension_mode":true,"campfire_choices":[{"data":"Immolate","floor":6,"key":"SMITH"},{"data":"Defend_R","floor":8,"key":"SMITH"},{"data":"Defend_R","floor":12,"key":"SMITH"},{"data":"Defend_R","floor":15,"key":"SMITH"}],"circlet_count":0,"master_deck":["Strike_R","Strike_R","Strike_R","Strike_R","Strike_R","Defend_R","Defend_R+1","Defend_R+1","Defend_R+1","Bash","Immolate+1","Decay","Regret"],"relics":["Burning Blood","Du-Vu Doll","Nunchaku","White Beast Statue","SacredBark"],"acts_visited":["Exordium","TheCity"],"potions_floor_usage":[16,16,16],"damage_taken":[{"damage":7,"enemies":"Small Slimes","floor":1,"turns":2},{"damage":12,"enemies":"2 Louse","floor":5,"turns":2},{"damage":17,"enemies":"3 Sentries","floor":7,"turns":4},{"damage":2,"enemies":"Cultist","floor":10,"turns":2},{"damage":4,"enemies":"Exordium Wildlife","floor":13,"turns":2},{"damage":6,"enemies":"Red Slaver","floor":14,"turns":2},{"damage":66,"enemies":"Hexaghost","floor":16,"turns":10},{"damage":29,"enemies":"Spheric Guardian","floor":18,"turns":4},{"damage":29,"enemies":"2 Thieves","floor":20,"turns":4},{"damage":49,"enemies":"Snecko","floor":21,"turns":5}],"seed_played":"3988969862944929734","potions_obtained":[{"floor":7,"key":"SneckoOil"},{"floor":10,"key":"Regen Potion"},{"floor":13,"key":"Strength Potion"},{"floor":14,"key":"PowerPotion"},{"floor":16,"key":"Dexterity Potion"},{"floor":18,"key":"SteroidPotion"},{"floor":20,"key":"SpeedPotion"}],"is_trial":false,"path_per_floor":["M","?","$","?","M","R","E","R","T","M","?","R","M","M","R","B",null,"M","?","M","M"],"character_chosen":"IRONCLAD","items_purchased":[],"campfire_rested":0,"item_purchase_floors":[],"current_hp_per_floor":[79,79,79,79,73,73,62,62,62,66,66,66,68,68,68,23,80,57,57,34,0,0],"gold":500,"neow_bonus":"ONE_RANDOM_RARE_CARD","is_daily":false,"chose_seed":false,"campfire_upgraded":4,"win_rate":0.0,"timestamp":1613563986,"path_taken":["M","?","$","?","M","R","E","R","T","?","?","R","M","M","R","BOSS","M","?","M","?"],"items_purchased_type":[],"build_version":"2020-12-22","purchased_purges":1,"victory":false,"max_hp_per_floor":[80,80,80,80,80,80,80,80,80,80,80,80,80,80,80,80,80,80,80,80,80,80],"relic_stats":{"Nunchaku":[4],"counters":[10,37],"obtain_stats":[{"Du-Vu Doll":2,"Nunchaku":7,"SacredBark":17,"Burning Blood":0,"White Beast Statue":9},{"Du-Vu Doll":1,"Nunchaku":3,"SacredBark":7,"Burning Blood":0,"White Beast Statue":3},{"Du-Vu Doll":2,"Nunchaku":8,"SacredBark":24,"Burning Blood":0,"White Beast Statue":8}],"Burning Blood":54},"card_choices":[{"not_picked":["Body Slam","Cleave","Iron Wave"],"picked":"SKIP","floor":1},{"not_picked":["Armaments","Dropkick","Thunderclap"],"picked":"SKIP","floor":5},{"not_picked":["Brutality","Havoc","Twin Strike"],"picked":"SKIP","floor":7},{"not_picked":["Blood for Blood","Carnage","Rampage"],"picked":"SKIP","floor":10},{"not_picked":["Twin Strike","Clothesline","Iron Wave"],"picked":"SKIP","floor":13},{"not_picked":["Bludgeon","Sentinel","Heavy Blade"],"picked":"SKIP","floor":14},{"not_picked":["Warcry","Armaments","Perfected Strike"],"picked":"SKIP","floor":18},{"not_picked":["Body Slam","Fire Breathing","Anger+1"],"picked":"SKIP","floor":20}],"player_experience":218354,"relics_obtained":[{"floor":7,"key":"Nunchaku"},{"floor":9,"key":"White Beast Statue"}],"event_choices":[{"damage_healed":0,"gold_gain":0,"player_choice":"Box","damage_taken":0,"relics_obtained":["Du-Vu Doll"],"max_hp_gain":0,"max_hp_loss":0,"event_name":"Big Fish","floor":2,"gold_loss":0,"cards_obtained":["Regret"]},{"damage_healed":0,"gold_gain":0,"player_choice":"Cursed","damage_taken":0,"max_hp_gain":0,"max_hp_loss":0,"event_name":"Wheel of Change","floor":4,"gold_loss":0,"cards_obtained":["Decay"]},{"damage_healed":0,"gold_gain":0,"player_choice":"Ignored","damage_taken":0,"max_hp_gain":0,"max_hp_loss":0,"event_name":"Fountain of Cleansing","floor":11,"gold_loss":0},{"damage_healed":0,"gold_gain":275,"player_choice":"Desecrate","damage_taken":0,"max_hp_gain":0,"max_hp_loss":0,"event_name":"Golden Shrine","floor":19,"gold_loss":0,"cards_obtained":["Regret"]}],"is_beta":false,"boss_relics":[{"not_picked":["Busted Crown","Runic Dome"],"picked":"SacredBark"}],"items_purged_floors":[3],"is_endless":false,"potions_floor_spawned":[7,10,13,14,16,18,20],"killed_by":"Snecko","ascension_level":4}}