{"host":"81vb4cbob60wa1na","time":1613581908,"event":{"mods":["AchievementEnabler","BaseMod","Bestiary","Colored Map","Colored Powertips","Downfall","Highlight Path","Minty Spire (QoL Compilation)","Quick Restart","Rare Cards Sparkle","StSLib"],"gold_per_floor":[116,116,132,148,148,148,62,88,113,38,68,68,68,81,81,185,185,199,199,199,209,226,226,251,251,277,307,37,47,62,62,62,161,161,178,178,189,189,189,189,215,215,268,300,0,0,0,50,50,50],"floor_reached":51,"language":"ENG","playtime":3246,"items_purged":["Strike_R"],"score":782,"play_id":"b373588a-d677-46fc-9e15-c71f5c4b100d","local_time":"20210217121148","is_ascension_mode":true,"campfire_choices":[{"data":"Rupture","floor":6.0,"key":"SMITH"},{"data":"Anger","floor":13.0,"key":"SMITH"},{"data":"Bandage Up","floor":15.0,"key":"SMITH"},{"data":"Hemokinesis","floor":23.0,"key":"SMITH"},{"data":"Berserk","floor":25.0,"key":"SMITH"},{"floor":32.0,"key":"REST"},{"floor":40.0,"key":"REST"},{"data":"Reaper","floor":42.0,"key":"SMITH"},{"data":"Rupture","floor":49,"key":"SMITH"}],"circlet_count":0,"master_deck":["Defend_R","Defend_R","Defend_R","Defend_R","Bash","Rupture+1","Bandage Up+1","Ghostly Armor","Cleave+1","Flame Barrier","Pommel Strike+1","Anger+1","Shockwave","Berserk+1","Hemokinesis+1","Hemokinesis","Flex+1","Ghostly Armor+1","Seeing Red+1","Rupture+1","Inflame+1","Slimebound:Tackle+1","Slimebound:Tackle+1","Slimebound:Tackle+1","Reaper+1","Rage+1","Madness+1","Madness+1","Flame Barrier+1","Pommel Strike+1","Double Tap+1","Deep Breath+1","Heavy Blade+1"],"relics":["Black Blood","NeowsBlessing","Juzu Bracelet","Orichalcum","Pear","Runic Pyramid","Toxic Egg 2","Toy Ornithopter","Meat on the Bone","Art of War","Blood Vial","Whetstone","Red Mask","Calipers"],"acts_visited":["Exordium","TheCity","TheBeyond"],"potions_floor_usage":[50,50,50],"damage_taken":[{"damage":0.0,"enemies":"Jaw Worm","floor":1.0,"turns":1.0},{"damage":0.0,"enemies":"Cultist","floor":3.0,"turns":1.0},{"damage":6.0,"enemies":"2 Louse","floor":4.0,"turns":3.0},{"damage":41.0,"enemies":"Lagavulin","floor":8.0,"turns":9.0},{"damage":17.0,"enemies":"3 Sentries","floor":11.0,"turns":9.0},{"damage":1.0,"enemies":"Large Slime","floor":14.0,"turns":6.0},{"damage":38.0,"enemies":"Slime Boss","floor":16.0,"turns":14.0},{"damage":12.0,"enemies":"Chosen","floor":18.0,"turns":6.0},{"damage":24.0,"enemies":"3 Byrds","floor":21.0,"turns":5.0},{"damage":16.0,"enemies":"Snecko","floor":22.0,"turns":5.0},{"damage":56.0,"enemies":"Gremlin Leader","floor":24.0,"turns":7.0},{"damage":64.0,"enemies":"Book of Stabbing","floor":27.0,"turns":7.0},{"damage":10.0,"enemies":"Centurion and Healer","floor":29.0,"turns":4.0},{"damage":21.0,"enemies":"3 Cultists","floor":30.0,"turns":5.0},{"damage":89.0,"enemies":"Automaton","floor":33.0,"turns":7.0},{"damage":43.0,"enemies":"Orb Walker","floor":35.0,"turns":5.0},{"damage":58.0,"enemies":"3 Shapes","floor":37.0,"turns":4.0},{"damage":67.0,"enemies":"Reptomancer","floor":41.0,"turns":7.0},{"damage":35.0,"enemies":"Nemesis","floor":44.0,"turns":5.0},{"damage":10,"enemies":"Mind Bloom Boss Battle","floor":48,"turns":5},{"damage":81,"enemies":"Time Eater","floor":50,"turns":8}],"seed_played":"-3296951718801037613","potions_obtained":[{"floor":1.0,"key":"BloodPotion"},{"floor":4.0,"key":"Energy Potion"},{"floor":11.0,"key":"Regen Potion"},{"floor":16.0,"key":"Energy Potion"},{"floor":22.0,"key":"ColorlessPotion"},{"floor":24.0,"key":"Fire Potion"},{"floor":29.0,"key":"Swift Potion"},{"floor":30.0,"key":"BloodPotion"},{"floor":37.0,"key":"Weak Potion"},{"floor":41.0,"key":"ColorlessPotion"}],"is_trial":false,"path_per_floor":["M","?","M","M","?","R","$","E","T","$","E","$","R","M","R","B",null,"M","?","?","M","M","R","E","R","T","E","$","M","M","?","R","B",null,"M","?","M","?","$","R","E","R","T","E","?","?","?","?","R","B",null],"character_chosen":"IRONCLAD","items_purchased":["Flame Barrier","Pommel Strike","Regen Potion","BloodPotion","Spot Weakness+1","Rupture"],"campfire_rested":2,"item_purchase_floors":[7,7,28,28,28,28],"current_hp_per_floor":[80,80,80,80,85,85,85,54,54,54,57,57,57,66,66,40,95,95,95,95,83,79,79,54,54,54,26,26,40,43,43,71,30,95,83,71,55,55,55,83,86,86,86,72,72,72,72,95,95,78],"gold":50,"neow_bonus":"THREE_ENEMY_KILL","is_daily":false,"chose_seed":false,"campfire_upgraded":7,"win_rate":0.0,"timestamp":1613581908,"path_taken":["M","?","M","?","?","R","$","E","T","$","E","$","R","M","R","BOSS","M","?","?","M","M","R","E","R","T","E","$","M","M","?","R","BOSS","M","?","M","?","$","R","E","R","T","E","?","?","?","?","R","BOSS"],"items_purchased_type":["Card","Card","Potion","Potion","Card","Card"],"build_version":"2020-12-22","purchased_purges":1,"victory":true,"max_hp_per_floor":[80,80,80,80,85,85,85,85,85,85,95,95,95,95,95,95,95,95,95,95,95,95,95,95,95,95,95,95,95,95,95,95,95,95,95,95,95,95,95,95,95,95,95,95,95,95,95,95,95,95],"card_choices":[{"not_picked":["Flex","Infernal Blade"],"picked":"Rupture","floor":1.0},{"not_picked":["Flex","Rampage"],"picked":"Ghostly Armor","floor":3.0},{"not_picked":["Dropkick","Dual Wield"],"picked":"Cleave","floor":4.0},{"not_picked":["Power Through","Flex"],"picked":"Anger","floor":8.0},{"not_picked":["Iron Wave","Clash"],"picked":"Shockwave","floor":11.0},{"not_picked":["Bludgeon","Clothesline","Second Wind"],"picked":"SKIP","floor":14.0},{"not_picked":["Double Tap","Impervious"],"picked":"Berserk","floor":16.0},{"not_picked":["Blood for Blood","True Grit+1","Sentinel"],"picked":"SKIP","floor":18.0},{"not_picked":["Sever Soul+1","Cleave"],"picked":"Hemokinesis","floor":21.0},{"not_picked":["Second Wind+1","Cleave"],"picked":"Flex+1","floor":22.0},{"not_picked":["Dropkick+1","Headbutt"],"picked":"Ghostly Armor+1","floor":24.0},{"not_picked":["Armaments+1","Intimidate+1"],"picked":"Seeing Red+1","floor":27.0},{"not_picked":["Burning Pact+1","Perfected Strike","Clash"],"picked":"SKIP","floor":29.0},{"not_picked":["Spot Weakness+1","Anger"],"picked":"Inflame+1","floor":30.0},{"not_picked":["Double Tap+1","Brutality"],"picked":"Reaper","floor":33.0},{"not_picked":["Wild Strike+1","Power Through+1"],"picked":"Rage+1","floor":35.0},{"not_picked":["Armaments+1","Intimidate+1"],"picked":"Flame Barrier+1","floor":37.0},{"not_picked":["Searing Blow","Spot Weakness+1"],"picked":"Pommel Strike+1","floor":41.0},{"not_picked":["Entrench+1","Wild Strike+1"],"picked":"Double Tap+1","floor":44},{"not_picked":["Dramatic Entrance","Good Instincts+1"],"picked":"Deep Breath+1","floor":46},{"not_picked":["Spot Weakness+1","Sever Soul"],"picked":"Heavy Blade+1","floor":48}],"player_experience":239557,"relics_obtained":[{"floor":8.0,"key":"Juzu Bracelet"},{"floor":9.0,"key":"Orichalcum"},{"floor":11.0,"key":"Pear"},{"floor":24.0,"key":"Toxic Egg 2"},{"floor":26.0,"key":"Toy Ornithopter"},{"floor":27.0,"key":"Meat on the Bone"},{"floor":41.0,"key":"Art of War"},{"floor":43.0,"key":"Blood Vial"},{"floor":44,"key":"Whetstone"},{"floor":48,"key":"Calipers"}],"event_choices":[{"damage_healed":0.0,"max_hp_gain":0.0,"max_hp_loss":0.0,"gold_gain":0.0,"event_name":"Match and Keep!","player_choice":"1 cards matched","floor":2.0,"gold_loss":0.0,"damage_taken":0.0,"cards_obtained":["Bandage Up"]},{"damage_healed":0.0,"max_hp_gain":5.0,"max_hp_loss":0.0,"gold_gain":0.0,"event_name":"Big Fish","player_choice":"Donut","floor":5.0,"gold_loss":0.0,"damage_taken":0.0},{"damage_healed":0.0,"max_hp_gain":0.0,"max_hp_loss":0.0,"gold_gain":0.0,"event_name":"The Library","player_choice":"Read","floor":20.0,"gold_loss":0.0,"damage_taken":0.0,"cards_obtained":["Hemokinesis"]},{"damage_healed":0.0,"max_hp_gain":0.0,"max_hp_loss":0.0,"gold_gain":0.0,"event_name":"Winding Halls","player_choice":"Embrace Madness","floor":36.0,"gold_loss":0.0,"damage_taken":12.0,"cards_obtained":["Madness","Madness"]},{"cards_removed":["Spot Weakness"],"damage_healed":0.0,"max_hp_gain":0.0,"max_hp_loss":0.0,"gold_gain":0.0,"event_name":"Falling","player_choice":"Removed Skill","floor":38.0,"gold_loss":0.0,"damage_taken":0.0},{"damage_healed":0,"gold_gain":0,"player_choice":"Paid","damage_taken":0,"relics_obtained":["Red Mask"],"max_hp_gain":0,"max_hp_loss":0,"event_name":"Tomb of Lord Red Mask","floor":45,"gold_loss":300},{"damage_healed":0,"gold_gain":0,"player_choice":"Memory 1","damage_taken":0,"max_hp_gain":0,"max_hp_loss":0,"event_name":"SensoryStone","floor":46,"gold_loss":0},{"damage_healed":0,"gold_gain":0,"player_choice":"Ignored","damage_taken":0,"max_hp_gain":0,"max_hp_loss":0,"event_name":"Mysterious Sphere","floor":47,"gold_loss":0},{"damage_healed":0,"gold_gain":0,"player_choice":"Fight","damage_taken":0,"max_hp_gain":0,"max_hp_loss":0,"event_name":"MindBloom","floor":48,"gold_loss":0}],"is_beta":false,"boss_relics":[{"not_picked":["Ectoplasm","Sozu"],"picked":"Runic Pyramid"},{"not_picked":["Coffee Dripper","Mark of Pain"],"picked":"Black Blood"}],"items_purged_floors":[10],"is_endless":false,"potions_floor_spawned":[1,4,11,16,22,24,29,30,37,41,44],"ascension_level":1}}