{"host":"b1dzdo8uo7e6jx8g","time":1613591474,"event":{"mods":["AchievementEnabler","BaseMod","BetterRewards","Colored Map","Downfall","Highlight Path","Minty Spire (QoL Compilation)","StSLib"],"gold_per_floor":[117,117,117,127,127,156,168,168,168,168,182,198,198,198,198,300,300,320,320,330,4,19,19,19,19,19,52,52,52,70,85,85,85,85],"floor_reached":33,"language":"ENG","playtime":943,"items_purged":[],"score":373,"play_id":"d18d7eb7-24ed-4b4e-aa02-90236476decc","local_time":"20210217205114","is_ascension_mode":true,"campfire_choices":[{"data":"Neutralize","floor":8,"key":"SMITH"},{"data":"Terror","floor":10,"key":"SMITH"},{"floor":15,"key":"REST"},{"floor":23,"key":"REST"},{"data":"Choke","floor":25,"key":"SMITH"},{"floor":29,"key":"REST"},{"data":"Night Terror","floor":32,"key":"SMITH"}],"circlet_count":0,"master_deck":["Strike_G","Strike_G","Strike_G","Defend_G+1","Defend_G+1","Survivor","Neutralize+1","Blade Dance+1","Terror+1","PiercingWail","Infinite Blades","Bullet Time","Choke+1","Doubt","Night Terror+1"],"relics":["Ring of the Snake","NeowsBlessing","Singing Bowl","Matryoshka","Empty Cage","Mercury Hourglass","StrikeDummy","Darkstone Periapt","Anchor"],"acts_visited":["Exordium","TheCity"],"potions_floor_usage":[16,33],"damage_taken":[{"damage":0,"enemies":"Cultist","floor":1,"turns":1},{"damage":0,"enemies":"Small Slimes","floor":4,"turns":1},{"damage":0,"enemies":"Lagavulin","floor":6,"turns":1},{"damage":7,"enemies":"Jaw Worm","floor":7,"turns":3},{"damage":5,"enemies":"Lots of Slimes","floor":11,"turns":4},{"damage":7,"enemies":"2 Fungi Beasts","floor":12,"turns":3},{"damage":38,"enemies":"The Guardian","floor":16,"turns":12},{"damage":0,"enemies":"3 Byrds","floor":18,"turns":5},{"damage":16,"enemies":"Spheric Guardian","floor":20,"turns":5},{"damage":15,"enemies":"Snecko","floor":22,"turns":5},{"damage":22,"enemies":"Gremlin Leader","floor":27,"turns":4},{"damage":11,"enemies":"Shelled Parasite and Fungi","floor":30,"turns":4},{"damage":0,"enemies":"Centurion and Healer","floor":31,"turns":3},{"damage":97,"enemies":"Automaton","floor":33,"turns":10}],"seed_played":"2520585582960492222","potions_obtained":[{"floor":1,"key":"Dexterity Potion"},{"floor":6,"key":"SteroidPotion"},{"floor":7,"key":"Swift Potion"},{"floor":16,"key":"Fruit Juice"},{"floor":22,"key":"Block Potion"}],"is_trial":false,"path_per_floor":["M","$","?","M","?","E","M","R","T","R","M","M","?","?","R","B",null,"M","?","M","$","M","R","?","R","T","E","?","R","M","M","R","B"],"character_chosen":"THE_SILENT","items_purchased":["Mercury Hourglass","Choke"],"campfire_rested":3,"item_purchase_floors":[21,21],"current_hp_per_floor":[70,70,63,63,63,65,58,58,58,58,53,48,33,33,55,22,79,81,81,67,67,54,79,79,79,79,59,65,92,83,83,83,0,0],"gold":85,"neow_bonus":"THREE_ENEMY_KILL","is_daily":false,"chose_seed":false,"campfire_upgraded":4,"win_rate":0.0,"timestamp":1613591474,"path_taken":["M","$","?","M","?","E","M","R","T","R","M","?","?","?","R","BOSS","M","?","M","$","M","R","?","R","T","E","?","R","?","M","R","BOSS"],"items_purchased_type":["Relic","Card"],"build_version":"2020-12-22","purchased_purges":0,"victory":false,"max_hp_per_floor":[70,70,70,70,70,72,72,72,72,72,72,74,74,74,74,79,79,81,81,83,83,85,85,85,85,85,87,93,93,95,95,95,95,95],"card_choices":[{"not_picked":["Endless Agony","Tactician"],"picked":"Blade Dance","floor":1},{"not_picked":["Catalyst","Acrobatics"],"picked":"Terror","floor":4},{"not_picked":["Dagger Spray","PiercingWail","Blur"],"picked":"Singing Bowl","floor":6},{"not_picked":["Wraith Form v2","Sucker Punch"],"picked":"PiercingWail","floor":7},{"not_picked":["Dagger Spray","Masterful Stab"],"picked":"Infinite Blades","floor":11},{"not_picked":["Deflect","Catalyst","Sucker Punch"],"picked":"Singing Bowl","floor":12},{"not_picked":["Doppelganger","Wraith Form v2"],"picked":"Bullet Time","floor":16},{"not_picked":["Deadly Poison+1","Distraction","Escape Plan"],"picked":"Singing Bowl","floor":18},{"not_picked":["Bouncing Flask","Prepared","Deadly Poison"],"picked":"Singing Bowl","floor":20},{"not_picked":["Outmaneuver+1","Backflip","Eviscerate"],"picked":"Singing Bowl","floor":22},{"not_picked":["Acrobatics","Deflect","Heel Hook+1"],"picked":"Singing Bowl","floor":27},{"not_picked":["Caltrops+1","Dodge and Roll+1","Quick Slash"],"picked":"Singing Bowl","floor":30},{"not_picked":["Poisoned Stab","Underhanded Strike"],"picked":"Night Terror","floor":31}],"player_experience":258649,"relics_obtained":[{"floor":6,"key":"Singing Bowl"},{"floor":9,"key":"Matryoshka"},{"floor":26,"key":"StrikeDummy"},{"floor":26,"key":"Darkstone Periapt"},{"floor":27,"key":"Anchor"}],"event_choices":[{"cards_removed":["Defend_G"],"damage_healed":0,"gold_gain":0,"player_choice":"Card Removal","damage_taken":7,"max_hp_gain":0,"max_hp_loss":0,"event_name":"Golden Wing","floor":3,"gold_loss":0},{"damage_healed":0,"gold_gain":0,"player_choice":"Upgraded","damage_taken":0,"max_hp_gain":0,"max_hp_loss":0,"event_name":"Upgrade Shrine","floor":5,"gold_loss":0,"cards_upgraded":["Blade Dance"]},{"damage_healed":0,"gold_gain":0,"player_choice":"Entered Light","damage_taken":15,"max_hp_gain":0,"max_hp_loss":0,"event_name":"Shining Light","floor":13,"gold_loss":0,"cards_upgraded":["Defend_G","Defend_G"]},{"cards_removed":["Strike_G"],"damage_healed":0,"gold_gain":0,"player_choice":"Card Removal","damage_taken":0,"max_hp_gain":0,"max_hp_loss":0,"event_name":"Wheel of Change","floor":14,"gold_loss":0},{"cards_removed":["Defend_G"],"damage_healed":0,"gold_gain":0,"player_choice":"Elegance","damage_taken":0,"max_hp_gain":0,"max_hp_loss":0,"event_name":"Back to Basics","floor":19,"gold_loss":0},{"damage_healed":0,"gold_gain":0,"player_choice":"Ignored","damage_taken":0,"max_hp_gain":0,"max_hp_loss":0,"event_name":"Ghosts","floor":24,"gold_loss":0},{"damage_healed":0,"gold_gain":0,"player_choice":"1 cards matched","damage_taken":0,"max_hp_gain":0,"max_hp_loss":0,"event_name":"Match and Keep!","floor":28,"gold_loss":0,"cards_obtained":["Doubt"]}],"is_beta":false,"boss_relics":[{"not_picked":["Coffee Dripper","Pandora\u0027s Box"],"picked":"Empty Cage"}],"items_purged_floors":[],"is_endless":false,"potions_floor_spawned":[1,6,7,16,22,27,31],"killed_by":"Automaton","ascension_level":4}}