{"host":"ijtyqc57s6c9mbij","time":1613544327,"event":{"mods":["BaseMod","Colored Map","Downfall","Minty Spire (QoL Compilation)","StSLib"],"gold_per_floor":[99,99,99,199,199,199,222,240,265,275,210,210,210,243,259,355,355,355,373,107,107,107,137,186,215,215,240,140,156,56,56,73,178,178,178,198,217,262,274,109,132,132,132,132],"floor_reached":42,"language":"ENG","playtime":3743,"items_purged":["Regret"],"score":576,"play_id":"c6c32385-acdf-401e-b0ba-7bdd3cfeb81b","local_time":"20210216224527","is_ascension_mode":true,"campfire_choices":[{"data":"champ:Taunt","floor":1,"key":"SMITH"},{"data":"champ:DefensiveStyle","floor":6,"key":"SMITH"},{"data":"champ:BerserkerStyle","floor":12,"key":"SMITH"},{"data":"champ:Taunt","floor":18,"key":"SMITH"},{"data":"champ:Improvising","floor":26,"key":"SMITH"},{"floor":28,"key":"RECALL"},{"floor":30,"key":"REST"},{"data":"champ:Backstep","floor":35,"key":"SMITH"}],"circlet_count":0,"master_deck":["champ:Strike","champ:Strike","champ:Strike","champ:Strike","champ:Defend","champ:Defend","champ:Defend","champ:Defend","champ:Execute","champ:Taunt+1","champ:BerserkerStyle+1","champ:StanceDance","champ:DefensiveStyle+1","champ:Duel","champ:Backstep+1","champ:ArenaPreparation","champ:ShieldWall","champ:BladeFlurry","champ:Taunt+1","champ:Improvising+1","champ:Circumvent","champ:SwordSigil","champ:VampiricStrike+1","champ:DeathBlow+1","champ:GutPunch+1","champ:ShieldThrow+1","champ:Parry","champ:TornadoPunch+1","champ:RageSigil+1","champ:StanceDance","champ:Haymaker+1","champ:CheapShot+1","champ:EnragedBash+1","champ:RapidStrikes+1","champ:RisingSlash+1","champ:CrookedStrike+1","champ:PreemptiveStrike+1","champ:FaceSlap+1","Writhe","Parasite"],"relics":["champ:ChampionCrown","downfall:HeartsMalice","Slimebound:StickyStick","Ancient Tea Set","Molten Egg 2","Cursed Key","Eternal Feather","champ:GladiatorsBookOfMartialProwess","Blood Vial","Smiling Mask","Shuriken","Dream Catcher","downfall:HeartBlessingGreen","downfall:HeartBlessingRed","sneckomod:SneckoTalon","Pocketwatch","hexamod:BolsterEngine","Bronze Scales"],"acts_visited":["Exordium","TheCity","TheBeyond"],"potions_floor_usage":[14,16,23,25,25,27,31,37,38],"damage_taken":[{"damage":0,"enemies":"Cultist","floor":2,"turns":1},{"damage":0,"enemies":"2 Louse","floor":3,"turns":1},{"damage":0,"enemies":"Jaw Worm","floor":5,"turns":1},{"damage":47,"enemies":"Exordium Thugs","floor":8,"turns":6},{"damage":66,"enemies":"Lagavulin","floor":9,"turns":6},{"damage":10,"enemies":"downfall:LooterAlt","floor":10,"turns":2},{"damage":11,"enemies":"downfall:FleeingMerchant","floor":11,"turns":4},{"damage":34,"enemies":"3 Sentries","floor":14,"turns":5},{"damage":26,"enemies":"2 Fungi Beasts","floor":15,"turns":4},{"damage":35,"enemies":"SI_SHIV_ARCHETYPE","floor":16,"turns":11},{"damage":10,"enemies":"Chosen","floor":19,"turns":4},{"damage":74,"enemies":"downfall:FleeingMerchant","floor":20,"turns":4},{"damage":104,"enemies":"Gremlin Leader","floor":23,"turns":7},{"damage":42,"enemies":"Slavers","floor":25,"turns":6},{"damage":66,"enemies":"Book of Stabbing","floor":27,"turns":5},{"damage":81,"enemies":"Shell Parasite","floor":29,"turns":4},{"damage":15,"enemies":"Slavers","floor":31,"turns":1},{"damage":42,"enemies":"Centurion and Healer","floor":32,"turns":5},{"damage":43,"enemies":"IC_MUSHROOM_ARCHETYPE","floor":33,"turns":6},{"damage":26,"enemies":"3 Darklings","floor":36,"turns":4},{"damage":42,"enemies":"3 Shapes","floor":37,"turns":4},{"damage":28,"enemies":"2 Orb Walkers","floor":38,"turns":4},{"damage":82,"enemies":"Maw","floor":39,"turns":7},{"damage":31,"enemies":"downfall:FleeingMerchant","floor":40,"turns":5},{"damage":66,"enemies":"Writhing Mass","floor":42,"turns":4}],"seed_played":"-633965070561177763","potions_obtained":[{"floor":9,"key":"PowerPotion"},{"floor":10,"key":"LiquidMemories"},{"floor":14,"key":"Guardian:BlockOnCardUsePotion"},{"floor":15,"key":"Swift Potion"},{"floor":16,"key":"champ:UltimateStancePotion"},{"floor":25,"key":"ColorlessPotion"},{"floor":27,"key":"SmokeBomb"},{"floor":36,"key":"ColorlessPotion"},{"floor":37,"key":"champ:OpenerPotion"}],"is_trial":false,"path_per_floor":["R","M","M","?","M","R","T","M","E","M","$","R","?","E","M","B",null,"R","M","$","?","?","E","T","E","R","E","R","M","R","E","M","B",null,"R","M","M","?","M","$","T","M"],"character_chosen":"THE_CHAMP","items_purchased":["champ:BladeFlurry","Eternal Feather","champ:PreemptiveStrike+1","hexamod:BolsterEngine","Bronze Scales","champ:FaceSlap+1"],"campfire_rested":1,"item_purchase_floors":[11,20,40,40,40,40],"current_hp_per_floor":[90,90,90,90,90,90,90,60,39,39,35,35,35,29,29,22,90,90,90,90,90,72,59,59,54,69,41,56,37,83,85,87,82,95,95,95,89,70,55,56,56,0,0,0],"gold":132,"neow_bonus":"THREE_ENEMY_KILL","is_daily":false,"chose_seed":false,"campfire_upgraded":6,"win_rate":0.0,"timestamp":1613544327,"path_taken":["R","M","?","?","?","R","T","M","E","M","$","R","?","E","M","BOSS","R","M","$","?","?","E","T","E","R","E","R","M","R","E","M","BOSS","R","M","M","?","M","$","T","M"],"items_purchased_type":["Card","Relic","Card","Relic","Relic","Card"],"build_version":"2020-12-22","purchased_purges":1,"victory":false,"max_hp_per_floor":[90,90,90,90,90,90,90,90,90,90,90,90,90,90,90,90,90,90,90,90,90,95,95,95,95,95,95,95,95,95,95,95,95,95,95,95,95,95,95,95,95,95,95,95],"card_choices":[{"not_picked":["champ:FocusedDefense","champ:ShieldSigil"],"picked":"champ:BerserkerStyle","floor":2},{"not_picked":["champ:CalledShot","champ:FalseCounter"],"picked":"champ:StanceDance","floor":3},{"not_picked":["champ:BerserkersShout","champ:DefensiveShout"],"picked":"champ:DefensiveStyle","floor":5},{"not_picked":["champ:CrownThrow","champ:ViciousMockery"],"picked":"champ:Duel","floor":8},{"not_picked":["champ:SetATrap","champ:PerfectedStrike"],"picked":"champ:Backstep","floor":9},{"not_picked":["champ:Duel","champ:EnGarde"],"picked":"champ:ArenaPreparation","floor":10},{"not_picked":["champ:PreciseThrust","champ:Encircle"],"picked":"champ:ShieldWall","floor":11},{"not_picked":["champ:CalledShot","champ:AdrenalArmor"],"picked":"champ:Circumvent","floor":14},{"not_picked":["champ:ArenaPreparation","champ:BladeFlurry+1"],"picked":"champ:SwordSigil","floor":15},{"not_picked":["champ:EnchantCrown","champ:EnchantShield"],"picked":"champ:VampiricStrike+1","floor":16},{"not_picked":["champ:Backstep","champ:BerserkersShout"],"picked":"champ:DeathBlow+1","floor":19},{"not_picked":["champ:AdrenalArmor+1","champ:DeathBlow+1"],"picked":"champ:GutPunch+1","floor":20},{"not_picked":["champ:FlashCut+1","champ:DeathBlow+1"],"picked":"champ:ShieldThrow+1","floor":23},{"not_picked":["champ:GutPunch+1","champ:FaceSlap+1"],"picked":"champ:Parry","floor":25},{"not_picked":["champ:EnGarde","champ:ShieldSigil+1"],"picked":"champ:TornadoPunch+1","floor":27},{"not_picked":["champ:FancyFootwork+1","champ:FanOfKnives+1"],"picked":"champ:RageSigil+1","floor":29},{"not_picked":["champ:TornadoPunch+1","champ:ShieldSigil"],"picked":"champ:StanceDance","floor":30},{"not_picked":["champ:Shatter+1","champ:FancyFootwork"],"picked":"champ:Haymaker+1","floor":32},{"not_picked":["champ:UltimateStance","champ:EnchantShield"],"picked":"champ:CheapShot+1","floor":33},{"not_picked":["champ:FalseCounter+1","champ:RisingSlash+1"],"picked":"champ:EnragedBash+1","floor":36},{"not_picked":["champ:AdrenalArmor+1","champ:BladeFlurry+1"],"picked":"champ:RapidStrikes+1","floor":37},{"not_picked":["champ:BerserkersShout+1","champ:FlashCut+1"],"picked":"champ:RisingSlash+1","floor":38},{"not_picked":["champ:BerserkersShout+1","champ:AdrenalArmor"],"picked":"champ:CrookedStrike+1","floor":39},{"not_picked":["champ:BerserkerStyle","champ:FocusedDefense+1","champ:ShieldSigil+1"],"picked":"SKIP","floor":40}],"player_experience":997807,"relics_obtained":[{"floor":7,"key":"Slimebound:StickyStick"},{"floor":9,"key":"Ancient Tea Set"},{"floor":14,"key":"Molten Egg 2"},{"floor":23,"key":"Blood Vial"},{"floor":24,"key":"Smiling Mask"},{"floor":25,"key":"Shuriken"},{"floor":27,"key":"Dream Catcher"},{"floor":38,"key":"Pocketwatch"}],"event_choices":[{"damage_healed":0,"gold_gain":0,"player_choice":"Fight","damage_taken":0,"max_hp_gain":0,"max_hp_loss":0,"event_name":"Mysterious Sphere","floor":38,"gold_loss":0}],"is_beta":false,"boss_relics":[{"not_picked":["Runic Pyramid","Fusion Hammer"],"picked":"Cursed Key"},{"not_picked":["Tiny House","Busted Crown"],"picked":"sneckomod:SneckoTalon"}],"items_purged_floors":[40],"is_endless":false,"potions_floor_spawned":[9,10,14,15,16,25,27,31,36,37],"killed_by":"Writhing Mass","ascension_level":2}}