{"host":"5on5jp4vj4dvuydb","time":1613525542,"event":{"mods":["2.2 Compatiblity","BaseMod","Clockwork Mod","Colored Map","Colored Powertips","Dio Mod","GungeonMod","Halation","Hero for Fun","Highlight Path","Infinite Spire","Melee Mod","Minty Spire (QoL Compilation)","Robot Space Explorer","Small Relic Pack","StSLib","The Animator","everything is the same but u backflip on backflip","thorton"],"gold_per_floor":[15,34,52,52,69,100,100],"floor_reached":6,"language":"ENG","playtime":378,"items_purged":[],"score":148,"play_id":"7234dbbf-6672-43f2-baaf-6ea1afa83264","local_time":"20210216203222","is_ascension_mode":false,"campfire_choices":[],"circlet_count":0,"master_deck":["Strike_Y","Strike_Y","Strike_Y","Strike_Y","Strike_Y","Defend_Y","Defend_Y","Defend_Y","Defend_Y","Defend_Y","Wear_Disguise","Yawn","Side_Hop","Slap","Normal_Punch"],"relics":["PureWater","DemoMod:GlassGuonStoneRelic","infinitespire:Cubic Diamond","Anchor"],"acts_visited":["Exordium"],"potions_floor_usage":[],"damage_taken":[{"damage":0,"enemies":"2 Louse","floor":1,"turns":2},{"damage":0,"enemies":"Cultist","floor":2,"turns":2},{"damage":0,"enemies":"Small Slimes","floor":3,"turns":1},{"damage":0,"enemies":"Blue Slaver","floor":5,"turns":1},{"damage":0,"enemies":"Gremlin Nob","floor":6,"turns":1}],"seed_played":"4470637924695678382","potions_obtained":[{"floor":1,"key":"Ancient Potion"},{"floor":6,"key":"Fire Potion"}],"is_trial":false,"path_per_floor":["M","M","M","?","M","E"],"character_chosen":"OPM","items_purchased":[],"campfire_rested":0,"item_purchase_floors":[],"current_hp_per_floor":[1098,1098,1098,1098,1098,1098,1098],"gold":100,"neow_bonus":"TEN_PERCENT_HP_BONUS","is_daily":false,"chose_seed":false,"campfire_upgraded":0,"win_rate":0.0,"timestamp":1613525542,"path_taken":["M","M","M","?","M","E"],"items_purchased_type":[],"build_version":"2020-12-22","purchased_purges":0,"victory":false,"max_hp_per_floor":[1098,1098,1098,1098,1098,1098,1098],"card_choices":[{"not_picked":["Slap","Side_Hop"],"picked":"Wear_Disguise","floor":1},{"not_picked":["Ignore","Slap"],"picked":"Yawn","floor":2},{"not_picked":["Wear_Disguise","Hop"],"picked":"Side_Hop","floor":3},{"not_picked":["Yawn","Wear_Disguise"],"picked":"Slap","floor":5},{"not_picked":["Yawn","Side_Hop"],"picked":"Normal_Punch","floor":6}],"player_experience":24466,"relics_obtained":[{"floor":6,"key":"Anchor"}],"event_choices":[],"is_beta":false,"boss_relics":[],"items_purged_floors":[],"is_endless":false,"potions_floor_spawned":[1,6],"killed_by":"Gremlin Nob","ascension_level":0}}