{"host":"lstr3pesnbx2qpzo","time":1613598589,"event":{"mods":["Aspiration","BaseMod","Conspire","Downfall","Hubris","Infinite Spire","Minty Spire (QoL Compilation)","Replay The Spire","StSLib"],"gold_per_floor":[112,212,46,64,64,97,109,109,109,109,137,137,88,120,120,225,225,243,243,260,286,45,79,79,0,0,10,23,41,41,52,52,151,151,164,179,189,189,202,202,232,244,244,258,258,3,3,36,36,36],"floor_reached":51,"language":"ENG","playtime":1869,"items_purged":["Strike_G"],"score":770,"play_id":"862a5643-ebe9-44e5-99e2-4db771ab404b","local_time":"20210217144949","is_ascension_mode":false,"campfire_choices":[{"data":"Cloak And Dagger","floor":8,"key":"SMITH"},{"data":"Infinite Blades","floor":10,"key":"SMITH"},{"data":"Blade Dance","floor":15,"key":"SMITH"},{"data":"Accuracy","floor":24,"key":"SMITH"},{"data":"Replay:BasicMightCard","floor":30,"key":"SMITH"},{"data":"Hidden Blade","floor":32,"key":"SMITH"},{"data":"Finisher","floor":40,"key":"SMITH"},{"floor":45,"key":"REST"},{"data":"After Image","floor":49,"key":"SMITH"}],"circlet_count":0,"master_deck":["Strike_G","Strike_G","Strike_G","Strike_G","Defend_G","Defend_G","Defend_G","Defend_G","Defend_G","Survivor","Neutralize","Cloak And Dagger+1","Replay:BasicMightCard+1","Infinite Blades+1","Finisher+1","Cloak And Dagger+1","Blade Dance+1","Storm of Steel","ReplayTheSpireMod:Scrap Shanks+1","Terror","Storm of Steel","Hidden Blade+1","Blade Dance+1","conspire:PoisonWeapons+1","ReplayTheSpireMod:Speed Training+1","hubris:DuctTapeCard","After Image+1","Sneak Up+1","Parasite","Calculated Gamble+1","ReplayTheSpireMod:Shiv Toss"],"relics":["Ring of the Snake","NeowsBlessing","Toy Ornithopter","Quantum Egg","MealTicket","Question Card","Ring of Chaos","Bag of Marbles","aspiration:FrozenJewel","hubris:BundleOfHerbs","Centennial Puzzle","hubris:TerracottaHorce","hubris:DuctTape","aspiration:StickyExplosives_weak","HornCleat","Ring of Fury","Dream Catcher"],"acts_visited":["Exordium","TheCity","TheBeyond"],"potions_floor_usage":[23,29,39,44,44,50],"damage_taken":[{"damage":0,"enemies":"Jaw Worm","floor":1,"turns":1},{"damage":0,"enemies":"Cultist","floor":4,"turns":1},{"damage":0,"enemies":"3 Sentries","floor":6,"turns":1},{"damage":0,"enemies":"2 Louse","floor":7,"turns":4},{"damage":7,"enemies":"Gremlin Nob","floor":11,"turns":4},{"damage":22,"enemies":"3 Sentries","floor":14,"turns":7},{"damage":3,"enemies":"Hexaghost","floor":16,"turns":8},{"damage":4,"enemies":"3 Byrds","floor":18,"turns":4},{"damage":17,"enemies":"2 Thieves","floor":20,"turns":2},{"damage":14,"enemies":"Slavers","floor":23,"turns":4},{"damage":0,"enemies":"Snecko","floor":27,"turns":3},{"damage":0,"enemies":"Sentry and Sphere","floor":28,"turns":3},{"damage":0,"enemies":"Chosen and Byrds","floor":29,"turns":3},{"damage":3,"enemies":"Cultist and Chosen","floor":31,"turns":3},{"damage":15,"enemies":"hubris:MusketHawk","floor":33,"turns":6},{"damage":6,"enemies":"Orb Walker","floor":35,"turns":2},{"damage":5,"enemies":"3 Shapes","floor":36,"turns":2},{"damage":5,"enemies":"Spire Growth","floor":37,"turns":3},{"damage":22,"enemies":"Maw","floor":39,"turns":5},{"damage":11,"enemies":"R_Hoarder","floor":41,"turns":5},{"damage":10,"enemies":"3 Darklings","floor":42,"turns":3},{"damage":16,"enemies":"Writhing Mass","floor":44,"turns":4},{"damage":17,"enemies":"Nemesis","floor":48,"turns":3},{"damage":41,"enemies":"Time Eater","floor":50,"turns":5}],"seed_played":"-6079765776210859211","potions_obtained":[{"floor":1,"key":"Strength Potion"},{"floor":4,"key":"Energy Potion"},{"floor":6,"key":"LiquidMemories"},{"floor":27,"key":"Dexterity Potion"},{"floor":33,"key":"AttackPotion"},{"floor":44,"key":"champ:CounterPotion"}],"is_trial":false,"path_per_floor":["M","?","$","M","$","E","M","R","T","R","E","?","$","E","R","B",null,"M","?","M","T","$","E","R","?","T","M","M","M","R","M","R","B",null,"M","M","M","?","M","R","E","M","T","M","R","$","?","E","R","B",null],"character_chosen":"THE_SILENT","items_purchased":["Replay:BasicMightCard","Blade Dance","aspiration:FrozenJewel","HornCleat"],"campfire_rested":1,"item_purchase_floors":[3,13,22,46],"current_hp_per_floor":[70,70,70,70,70,70,70,70,70,70,63,63,70,48,48,45,70,66,66,49,49,64,55,55,55,55,55,55,60,60,57,57,42,63,57,52,47,47,30,30,19,9,9,3,24,39,39,39,39,20],"gold":36,"neow_bonus":"THREE_ENEMY_KILL","is_daily":false,"chose_seed":false,"campfire_upgraded":8,"win_rate":0.0,"timestamp":1613598589,"path_taken":["M","?","$","M","$","E","?","R","T","R","E","?","?","E","R","BOSS","M","?","M","?","$","E","R","?","T","M","?","?","R","M","R","BOSS","M","?","M","?","M","R","E","M","T","M","R","$","?","E","R","BOSS"],"items_purchased_type":["Card","Card","Relic","Relic"],"build_version":"2020-12-22","purchased_purges":1,"victory":true,"max_hp_per_floor":[70,70,70,70,70,70,70,70,70,70,70,70,70,70,70,70,70,70,70,70,70,70,70,70,70,70,70,70,70,70,70,70,70,70,70,70,70,70,70,70,70,70,70,70,70,70,70,70,70,70],"card_choices":[{"not_picked":["Masterful Stab","hubris:SlightOfHand"],"picked":"Cloak And Dagger","floor":1},{"not_picked":["ReplayTheSpireMod:Tripwire","Leg Sweep","Underhanded Strike"],"picked":"SKIP","floor":4},{"not_picked":["Malaise","Dodge and Roll"],"picked":"Infinite Blades","floor":6},{"not_picked":["Sneak Up","Flying Knee"],"picked":"Finisher","floor":7},{"not_picked":["Bouncing Flask","Underhanded Strike"],"picked":"Cloak And Dagger","floor":11},{"not_picked":["ReplayTheSpireMod:Tripwire","Deflect","ReplayTheSpireMod:From All Sides"],"picked":"SKIP","floor":14},{"not_picked":["Doppelganger","ReplayTheSpireMod:From All Sides","Corpse Explosion"],"picked":"Storm of Steel","floor":16},{"not_picked":["Dagger Spray","Slice","Leg Sweep+1"],"picked":"Accuracy","floor":18},{"not_picked":["ReplayTheSpireMod:Shiv Toss+1","Poisoned Stab","hubris:SlightOfHand+1"],"picked":"ReplayTheSpireMod:Scrap Shanks+1","floor":20},{"not_picked":["Cloak And Dagger","Acrobatics","Skewer"],"picked":"Footwork+1","floor":23},{"not_picked":["Sucker Punch","Dodge and Roll+1","Bane","Outmaneuver"],"picked":"SKIP","floor":27},{"not_picked":["Poisoned Stab","Prepared","Outmaneuver"],"picked":"Terror","floor":28},{"not_picked":["Underhanded Strike","Setup+1","PiercingWail+1"],"picked":"Storm of Steel","floor":29},{"not_picked":["Masterful Stab","Distraction","ReplayTheSpireMod:Speed Training"],"picked":"Hidden Blade","floor":31},{"not_picked":["All Out Attack+1","Eviscerate","Deflect+1","Sucker Punch"],"picked":"SKIP","floor":35},{"not_picked":["Cloak And Dagger","ReplayTheSpireMod:Tripwire","Deflect+1"],"picked":"Blade Dance+1","floor":36},{"not_picked":["Flying Knee+1","Sucker Punch+1","Deflect+1"],"picked":"conspire:PoisonWeapons+1","floor":37},{"not_picked":["Backflip+1","Dagger Spray","Cloak And Dagger+1"],"picked":"ReplayTheSpireMod:Speed Training+1","floor":39},{"not_picked":["ReplayTheSpireMod:Tripwire+1","Distraction","Backflip"],"picked":"After Image","floor":41},{"not_picked":["Outmaneuver","Endless Agony+1","Poisoned Stab+1"],"picked":"Sneak Up+1","floor":42},{"not_picked":["Heel Hook","Slice+1","hubris:SlightOfHand"],"picked":"Calculated Gamble+1","floor":44},{"not_picked":["Hidden Blade","Escape Plan","Sucker Punch+1"],"picked":"ReplayTheSpireMod:Shiv Toss","floor":48}],"player_experience":260915,"relics_obtained":[{"floor":6,"key":"Toy Ornithopter"},{"floor":9,"key":"Quantum Egg"},{"floor":11,"key":"MealTicket"},{"floor":14,"key":"Question Card"},{"floor":21,"key":"Bag of Marbles"},{"floor":23,"key":"hubris:BundleOfHerbs"},{"floor":26,"key":"Centennial Puzzle"},{"floor":41,"key":"hubris:DuctTape"},{"floor":43,"key":"aspiration:StickyExplosives_weak"},{"floor":47,"key":"Ring of Fury"},{"floor":48,"key":"Dream Catcher"}],"event_choices":[{"damage_healed":0,"gold_gain":100,"player_choice":"Pray","damage_taken":0,"max_hp_gain":0,"max_hp_loss":0,"event_name":"Golden Shrine","floor":2,"gold_loss":0},{"damage_healed":0,"gold_gain":0,"player_choice":"Upgraded","damage_taken":0,"max_hp_gain":0,"max_hp_loss":0,"event_name":"Upgrade Shrine","floor":12,"gold_loss":0,"cards_upgraded":["Cloak And Dagger"]},{"damage_healed":0,"gold_gain":0,"player_choice":"Paid Fearfully","damage_taken":0,"max_hp_gain":0,"max_hp_loss":0,"event_name":"Masked Bandits","floor":25,"gold_loss":79},{"damage_healed":0,"gold_gain":0,"player_choice":"Ignored","damage_taken":0,"max_hp_gain":0,"max_hp_loss":0,"event_name":"Tomb of Lord Red Mask","floor":38,"gold_loss":0}],"is_beta":false,"boss_relics":[{"not_picked":["Busted Crown","hubris:BlackHole"],"picked":"Ring of Chaos"},{"not_picked":["Coffee Dripper","Cursed Key"],"picked":"hubris:TerracottaHorce"}],"items_purged_floors":[3],"is_endless":false,"potions_floor_spawned":[1,4,6,11,18,20,27,33,35,36,37,41,44],"ascension_level":0}}