{"host":"8d3fefv2347kqkpz","time":1613566318,"event":{"mods":["AchievementEnabler","Aspiration","BaseMod","Better Vampires","BetterRewards","Colored Map","Colored Powertips","Downfall","Emptier Cage","Highlight Path","Marked Mod","Minty Spire (QoL Compilation)","Permanent Neow","Quick Restart","Rare Cards Sparkle","Relic Stats","Say the Spire","Spicy Shops","StSLib","Waifu the Spire"],"gold_per_floor":[12,87,107,107,120,150,150,150,150,75,91,126,146,166,166,268,268,288,300,52,52,72,72,105,117,167,167,266,278,278,153,153,258,258,258,258],"floor_reached":35,"language":"ZHS","playtime":989,"items_purged":["Defend_P","Ragnarok","MarkedMod:PinPointDefense"],"score":387,"play_id":"6778786c-a4e3-4925-b592-04349afec73b","local_time":"20210217205158","is_ascension_mode":false,"campfire_choices":[{"data":"Eruption","floor":7.0,"key":"SMITH"},{"floor":15.0,"key":"REST"},{"data":"SignatureMove","floor":23.0,"key":"SMITH"},{"data":"Adaptation","floor":27.0,"key":"SMITH"},{"data":"Vigilance","floor":30,"key":"SMITH"},{"floor":32,"key":"RECALL"}],"circlet_count":0,"master_deck":["Eruption+1","Vigilance+1","SignatureMove+1","Adaptation+1","Weave","Evaluate","Consecrate"],"relics":["PureWater","MealTicket","Pandora\u0027s Box","Omamori","TeardropLocket","bronze:BronzeIdol","Coffee Dripper"],"acts_visited":["Exordium","TheCity","TheBeyond"],"potions_floor_usage":[],"damage_taken":[{"damage":0.0,"enemies":"Small Slimes","floor":1.0,"turns":5.0},{"damage":0.0,"enemies":"2 Louse","floor":3.0,"turns":3.0},{"damage":0.0,"enemies":"Jaw Worm","floor":5.0,"turns":4.0},{"damage":22.0,"enemies":"3 Sentries","floor":6.0,"turns":8.0},{"damage":0.0,"enemies":"2 Fungi Beasts","floor":11.0,"turns":4.0},{"damage":10.0,"enemies":"Lagavulin","floor":12.0,"turns":6.0},{"damage":0.0,"enemies":"Blue Slaver","floor":13.0,"turns":1.0},{"damage":13.0,"enemies":"Lots of Slimes","floor":14.0,"turns":5.0},{"damage":47.0,"enemies":"The Guardian","floor":16.0,"turns":12.0},{"damage":14.0,"enemies":"Spheric Guardian","floor":18.0,"turns":4.0},{"damage":0.0,"enemies":"3 Byrds","floor":19.0,"turns":4.0},{"damage":0.0,"enemies":"3 Cultists","floor":22.0,"turns":3.0},{"damage":21.0,"enemies":"Gremlin Leader","floor":24.0,"turns":3.0},{"damage":0.0,"enemies":"Centurion and Healer","floor":25.0,"turns":4.0},{"damage":6,"enemies":"Cultist and Chosen","floor":29,"turns":2},{"damage":16,"enemies":"Champ","floor":33,"turns":5},{"damage":1,"enemies":"3 Shapes","floor":35,"turns":3}],"seed_played":"3894898648947748364","potions_obtained":[{"floor":3.0,"key":"Regen Potion"},{"floor":11.0,"key":"DistilledChaos"},{"floor":16.0,"key":"EssenceOfSteel"},{"floor":19.0,"key":"LiquidMemories"},{"floor":22.0,"key":"Strength Potion"}],"is_trial":false,"path_per_floor":["M","?","M","?","M","E","R","?","T","$","M","E","M","M","R","B",null,"M","M","$","?","M","R","E","M","T","R","?","M","R","$","R","B",null,"M"],"character_chosen":"WATCHER","items_purchased":["Omamori"],"campfire_rested":1,"item_purchase_floors":[20],"current_hp_per_floor":[72,61,61,61,72,50,50,50,50,50,50,40,40,27,48,1,72,58,58,72,72,72,72,51,51,51,51,51,45,45,60,60,44,72,71,71],"gold":258,"neow_bonus":"REMOVE_TWO","is_daily":false,"chose_seed":false,"campfire_upgraded":4,"win_rate":0.0,"timestamp":1613566318,"path_taken":["M","?","M","?","M","E","R","?","T","$","M","E","M","M","R","BOSS","M","M","$","?","M","R","E","M","T","R","?","M","R","$","R","BOSS","M"],"items_purchased_type":["Relic"],"build_version":"2020-12-22","purchased_purges":3,"victory":false,"max_hp_per_floor":[72,72,72,72,72,72,72,72,72,72,72,72,72,72,72,72,72,72,72,72,72,72,72,72,72,72,72,72,72,72,72,72,72,72,72,72],"relic_stats":{"counters":[17,76],"MealTicket":29,"Pandora\u0027s Box":["Weave","Evaluate","Ragnarok","MarkedMod:PinPointDefense"],"obtain_stats":[{"MealTicket":12,"Pandora\u0027s Box":17,"Omamori":20,"Coffee Dripper":34,"TeardropLocket":24,"PureWater":0,"bronze:BronzeIdol":26},{"MealTicket":6,"Pandora\u0027s Box":9,"Omamori":11,"Coffee Dripper":16,"TeardropLocket":13,"PureWater":0,"bronze:BronzeIdol":14},{"MealTicket":30,"Pandora\u0027s Box":48,"Omamori":56,"Coffee Dripper":73,"TeardropLocket":62,"PureWater":0,"bronze:BronzeIdol":66}]},"card_choices":[{"not_picked":["PathToVictory","BowlingBash","JustLucky"],"picked":"SKIP","floor":1.0},{"not_picked":["MarkedMod:GracefulMovements","PathToVictory","Weave"],"picked":"SKIP","floor":3.0},{"not_picked":["Halt","BowlingBash"],"picked":"SignatureMove","floor":5.0},{"not_picked":["CrushJoints","Tantrum","ForeignInfluence"],"picked":"SKIP","floor":6.0},{"not_picked":["FollowUp","FlurryOfBlows","MarkedMod:GentlePulse"],"picked":"SKIP","floor":11.0},{"not_picked":["DeusExMachina","Protect","EmptyBody"],"picked":"SKIP","floor":12.0},{"not_picked":["Swivel","MentalFortress"],"picked":"Adaptation","floor":13.0},{"not_picked":["Collect","MarkedMod:FirstStrike","SashWhip"],"picked":"SKIP","floor":14.0},{"not_picked":["FearNoEvil","Sanctity","MarkedMod:GracefulMovements"],"picked":"SKIP","floor":18.0},{"not_picked":["ThirdEye","Indignation"],"picked":"Consecrate","floor":19.0},{"not_picked":["Fasting2","Evaluate","Tantrum"],"picked":"SKIP","floor":22.0},{"not_picked":["Ragnarok","Omniscience","MarkedMod:GentlePulse"],"picked":"SKIP","floor":24.0},{"not_picked":["Evaluate","FlyingSleeves","Prostrate+1"],"picked":"SKIP","floor":25.0},{"not_picked":["Study","EmptyFist","Swivel"],"picked":"SKIP","floor":29}],"player_experience":451108,"relics_obtained":[{"floor":12.0,"key":"MealTicket"},{"floor":24.0,"key":"TeardropLocket"},{"floor":26.0,"key":"bronze:BronzeIdol"}],"event_choices":[{"damage_healed":0.0,"max_hp_gain":0.0,"max_hp_loss":0.0,"gold_gain":75.0,"event_name":"World of Goop","player_choice":"Gather Gold","floor":2.0,"gold_loss":0.0,"damage_taken":11.0},{"damage_healed":0.0,"max_hp_gain":0.0,"max_hp_loss":0.0,"gold_gain":0.0,"event_name":"Liars Game","player_choice":"Ignored","floor":4.0,"gold_loss":0.0,"damage_taken":0.0},{"cards_removed":["Strike_P"],"damage_healed":0.0,"max_hp_gain":0.0,"max_hp_loss":0.0,"gold_gain":0.0,"event_name":"Living Wall","player_choice":"Forget","floor":8.0,"gold_loss":0.0,"damage_taken":0.0},{"damage_healed":0,"gold_gain":99,"player_choice":"Stole From Cult","damage_taken":0,"max_hp_gain":0,"max_hp_loss":0,"event_name":"Nest","floor":28,"gold_loss":0}],"is_beta":false,"boss_relics":[{"not_picked":["Calling Bell","Runic Pyramid"],"picked":"Pandora\u0027s Box"},{"not_picked":["bronze:MakeshiftBattery","Astrolabe"],"picked":"Coffee Dripper"}],"items_purged_floors":[10,20,31],"is_endless":false,"potions_floor_spawned":[3,11,16,19,22,24],"killed_by":"3 Shapes","ascension_level":0}}