{"host":"ftf7rwqr5w72pdsx","time":1613529066,"event":{"mods":["BaseMod","Bestiary","Minty Spire (QoL Compilation)","Relic Stats","Slay the Relics Exporter"],"gold_per_floor":[112,15,34,34,109,144,175,212,224,236,266,278,307,337,349,465,477,505,517,547,559,136,136,136,162,162,162,162],"floor_reached":27,"language":"ENG","playtime":841,"items_purged":["Decay"],"score":410,"play_id":"4cf80304-be46-4fa2-975a-1759173794c4","local_time":"20210216203106","is_ascension_mode":true,"campfire_choices":[{"data":"Reprogram","floor":10.0,"key":"SMITH"},{"data":"Genetic Algorithm","floor":12,"key":"SMITH"},{"data":"Hello World","floor":15,"key":"SMITH"},{"floor":23,"key":"REST"}],"circlet_count":0,"master_deck":["AscendersBane","Strike_B","Strike_B+1","Defend_B","Defend_B","Defend_B","Defend_B","Zap","Dualcast","Sweeping Beam+1","Reprogram","Gash","Hologram","Reprogram+1","Defragment","Genetic Algorithm+1","Heatsinks","Hello World+1","Biased Cognition","Leap","Necronomicurse","Aggregate+1","Turbo","Lockon","Streamline","Storm","Writhe"],"relics":["Cracked Core","NeowsBlessing","MawBank","Orichalcum","Cables","Cursed Key","Necronomicon","DataDisk","Whetstone","Bird Faced Urn"],"acts_visited":["Exordium","TheCity"],"potions_floor_usage":[16,16,18,25,25,25],"damage_taken":[{"damage":0.0,"enemies":"Cultist","floor":1.0,"turns":1.0},{"damage":0.0,"enemies":"Jaw Worm","floor":3.0,"turns":1.0},{"damage":0.0,"enemies":"Lagavulin","floor":6.0,"turns":1.0},{"damage":0.0,"enemies":"2 Louse","floor":7.0,"turns":2.0},{"damage":0.0,"enemies":"2 Fungi Beasts","floor":11.0,"turns":4.0},{"damage":10,"enemies":"Looter","floor":13,"turns":4},{"damage":12,"enemies":"3 Louse","floor":14,"turns":4},{"damage":20,"enemies":"Hexaghost","floor":16,"turns":10},{"damage":13,"enemies":"3 Byrds","floor":18,"turns":5},{"damage":14,"enemies":"Spheric Guardian","floor":20,"turns":8},{"damage":13,"enemies":"Gremlin Leader","floor":25,"turns":6},{"damage":35,"enemies":"Masked Bandits","floor":27,"turns":2}],"seed_played":"-4730560986647700780","potions_obtained":[{"floor":6.0,"key":"EssenceOfSteel"},{"floor":7.0,"key":"FearPotion"},{"floor":11,"key":"Strength Potion"},{"floor":16,"key":"AttackPotion"},{"floor":20,"key":"EntropicBrew"}],"is_trial":false,"path_per_floor":["M","$","M","$","?","E","M","T","T","R","M","R","M","M","R","B",null,"M","?","M","?","$","R","?","E","T","?"],"character_chosen":"DEFECT","items_purchased":["Reprogram","Gash","DataDisk","Whetstone","Turbo"],"campfire_rested":1,"item_purchase_floors":[2,2,22,22,22],"current_hp_per_floor":[68,68,68,68,57,57,57,57,57,57,57,57,47,35,35,15,60,47,31,17,17,17,39,39,26,26,0,0],"gold":162,"neow_bonus":"THREE_ENEMY_KILL","is_daily":false,"chose_seed":false,"campfire_upgraded":3,"win_rate":0.0,"timestamp":1613529066,"path_taken":["M","$","M","?","?","E","M","?","T","R","M","R","?","M","R","BOSS","M","?","M","?","$","R","?","E","T","?"],"items_purchased_type":["Card","Card","Relic","Relic","Card"],"build_version":"2020-12-22","purchased_purges":1,"victory":false,"max_hp_per_floor":[75,75,75,75,75,75,75,75,75,75,75,75,75,75,75,75,75,75,75,75,75,75,75,75,75,75,75,75],"relic_stats":{"counters":[12,48],"Bird Faced Urn":[4],"Necronomicon":[1],"Whetstone":["Strike_B","Sweeping Beam"],"Orichalcum":[36],"MawBank":192,"Cursed Key":1,"obtain_stats":[{"DataDisk":22,"NeowsBlessing":0,"Bird Faced Urn":25,"Necronomicon":19,"Whetstone":22,"Orichalcum":8,"Cracked Core":0,"MawBank":6,"Cursed Key":17,"Cables":9},{"DataDisk":10,"NeowsBlessing":0,"Bird Faced Urn":11,"Necronomicon":9,"Whetstone":10,"Orichalcum":4,"Cracked Core":0,"MawBank":3,"Cursed Key":8,"Cables":4},{"DataDisk":40,"NeowsBlessing":0,"Bird Faced Urn":46,"Necronomicon":32,"Whetstone":40,"Orichalcum":5,"Cracked Core":0,"MawBank":3,"Cursed Key":27,"Cables":5}],"Cables":[32,29,3,0,0]},"card_choices":[{"not_picked":["Go for the Eyes","Hologram"],"picked":"Sweeping Beam","floor":1.0},{"not_picked":["Steam","Barrage"],"picked":"Hologram","floor":3.0},{"not_picked":["Buffer","Beam Cell"],"picked":"Reprogram","floor":6.0},{"not_picked":["Turbo","Cold Snap"],"picked":"Defragment","floor":7.0},{"not_picked":["Streamline","Gash"],"picked":"Genetic Algorithm","floor":11},{"not_picked":["Stack","Redo"],"picked":"Heatsinks","floor":13},{"not_picked":["Conserve Battery","Defragment"],"picked":"Hello World","floor":14},{"not_picked":["Meteor Strike","Amplify"],"picked":"Biased Cognition","floor":16},{"not_picked":["Ball Lightning","Streamline"],"picked":"Leap","floor":18},{"not_picked":["BootSequence","Melter"],"picked":"Aggregate+1","floor":20},{"not_picked":["Multi-Cast","Cold Snap"],"picked":"Storm","floor":25}],"player_experience":830197,"relics_obtained":[{"floor":6.0,"key":"MawBank"},{"floor":8.0,"key":"Orichalcum"},{"floor":9.0,"key":"Cables"},{"floor":19,"key":"Necronomicon"},{"floor":25,"key":"Bird Faced Urn"}],"event_choices":[{"damage_healed":0.0,"max_hp_gain":0.0,"max_hp_loss":0.0,"gold_gain":75.0,"event_name":"World of Goop","player_choice":"Gather Gold","floor":5.0,"gold_loss":0.0,"damage_taken":11.0},{"damage_healed":0,"gold_gain":0,"player_choice":"Obtained Book","damage_taken":16,"max_hp_gain":0,"max_hp_loss":0,"event_name":"Cursed Tome","floor":19,"gold_loss":0},{"damage_healed":0,"gold_gain":0,"player_choice":"Smashed Altar","damage_taken":0,"max_hp_gain":0,"max_hp_loss":0,"event_name":"Forgotten Altar","floor":21,"gold_loss":0,"cards_obtained":["Decay"]},{"damage_healed":0,"gold_gain":0,"cards_transformed":["Strike_B","Strike_B"],"player_choice":"Became Test Subject","damage_taken":0,"max_hp_gain":0,"max_hp_loss":0,"event_name":"Drug Dealer","floor":24,"gold_loss":0,"cards_obtained":["Lockon","Streamline"]},{"damage_healed":0,"gold_gain":0,"player_choice":"Fought Bandits","damage_taken":0,"max_hp_gain":0,"max_hp_loss":0,"event_name":"Masked Bandits","floor":27,"gold_loss":0}],"is_beta":false,"boss_relics":[{"not_picked":["SacredBark","Runic Pyramid"],"picked":"Cursed Key"}],"items_purged_floors":[22],"is_endless":false,"potions_floor_spawned":[6,7,11,16,20],"killed_by":"Masked Bandits","ascension_level":12}}