{"host":"5tzvto3beate6p8b","time":1613577232,"event":{"mods":["BaseMod","Colored Map","Minty Spire (QoL Compilation)","StSLib","SuperFastMode"],"gold_per_floor":[111,111,121,271,271,271,283,283,331,331,344,360,360,30,30,104,104,114,114,9,9,9,9,37,37,37,8,19,31,31,63,63,134,134,150,164,183,183,201,201,233,233,233,243,254,14,14,32,32,32,32],"floor_reached":50,"language":"ENG","playtime":2318,"items_purged":["Doubt"],"score":1015,"play_id":"b486e1ed-2979-4aff-a6c7-7b5842cd2aec","local_time":"20210218005352","is_ascension_mode":true,"campfire_choices":[{"data":"Zap","floor":6.0,"key":"SMITH"},{"data":"Self Repair","floor":8.0,"key":"SMITH"},{"data":"Dualcast","floor":10.0,"key":"SMITH"},{"data":"Streamline","floor":13.0,"key":"SMITH"},{"data":"Coolheaded","floor":15,"key":"SMITH"},{"data":"Self Repair","floor":23,"key":"SMITH"},{"data":"Coolheaded","floor":25,"key":"SMITH"},{"data":"Steam","floor":32,"key":"SMITH"},{"data":"Hologram","floor":40,"key":"SMITH"},{"floor":42,"key":"REST"},{"floor":47,"key":"REST"},{"data":"Scrape","floor":49,"key":"SMITH"}],"circlet_count":0,"master_deck":["AscendersBane","Zap+1","Dualcast+1","Compile Driver","Gash","Self Repair+1","Gash","Streamline+1","Self Repair+1","Coolheaded+1","FTL","All For One","Static Discharge","Steam+1","All For One","Hologram+1","Auto Shields+1","Hologram+1","FTL","Leap","Coolheaded+1","Go for the Eyes","Go for the Eyes","Gash","Steam","Turbo","Coolheaded","Gash","Glacier","Beam Cell","Hologram","Gash","Scrape+1"],"relics":["Cracked Core","Pantograph","Omamori","Membership Card","Pandora\u0027s Box","InkBottle","Toy Ornithopter","Matryoshka","PreservedInsect","Empty Cage","Torii","Blood Vial","Mummified Hand","Runic Capacitor","Gambling Chip"],"acts_visited":["Exordium","TheCity","TheBeyond"],"potions_floor_usage":[16,24,33,35],"damage_taken":[{"damage":7.0,"enemies":"Small Slimes","floor":1.0,"turns":3.0},{"damage":9.0,"enemies":"Jaw Worm","floor":3.0,"turns":3.0},{"damage":0.0,"enemies":"2 Louse","floor":7.0,"turns":2.0},{"damage":0.0,"enemies":"Exordium Wildlife","floor":11.0,"turns":3.0},{"damage":7.0,"enemies":"Looter","floor":12.0,"turns":3.0},{"damage":0,"enemies":"Slime Boss","floor":16,"turns":6},{"damage":1,"enemies":"Chosen","floor":18,"turns":3},{"damage":21,"enemies":"Book of Stabbing","floor":24,"turns":4},{"damage":0,"enemies":"Spheric Guardian","floor":28,"turns":2},{"damage":8,"enemies":"Chosen and Byrds","floor":29,"turns":4},{"damage":42,"enemies":"Slavers","floor":31,"turns":5},{"damage":49,"enemies":"Collector","floor":33,"turns":8},{"damage":19,"enemies":"3 Darklings","floor":35,"turns":5},{"damage":25,"enemies":"Orb Walker","floor":36,"turns":5},{"damage":29,"enemies":"Sphere and 2 Shapes","floor":37,"turns":4},{"damage":20,"enemies":"3 Darklings","floor":39,"turns":4},{"damage":49,"enemies":"Reptomancer","floor":41,"turns":6},{"damage":19,"enemies":"Maw","floor":44,"turns":6},{"damage":21,"enemies":"Jaw Worm Horde","floor":45,"turns":4},{"damage":1,"enemies":"Sphere and 2 Shapes","floor":48,"turns":4},{"damage":88,"enemies":"Time Eater","floor":50,"turns":8}],"seed_played":"6295249106388389502","potions_obtained":[{"floor":3.0,"key":"LiquidBronze"},{"floor":12.0,"key":"SpeedPotion"},{"floor":29,"key":"LiquidBronze"},{"floor":33,"key":"PotionOfCapacity"},{"floor":35,"key":"Fruit Juice"},{"floor":44,"key":"GamblersBrew"}],"is_trial":false,"path_per_floor":["M","?","M","?","T","R","M","R","T","R","M","M","R","$","R","B",null,"M","?","$","?","?","R","E","R","T","$","M","M","?","E","R","B",null,"M","M","M","?","M","R","E","R","T","M","M","$","R","M","R","B"],"character_chosen":"DEFECT","items_purchased":["Membership Card","Self Repair","Coolheaded","FTL","Fire Potion","Hologram","FTL","Leap","Strength Potion","Go for the Eyes","Runic Capacitor","Gambling Chip"],"campfire_rested":2,"item_purchase_floors":[14,14,14,14,14,20,20,20,20,27,46,46],"current_hp_per_floor":[39,39,30,30,30,30,30,30,30,30,40,43,43,43,43,71,71,71,71,71,51,51,51,40,40,40,40,50,62,62,40,40,31,65,76,71,52,52,52,52,13,37,37,40,31,31,55,66,66,0,0],"gold":32,"neow_bonus":"REMOVE_TWO","is_daily":false,"chose_seed":false,"campfire_upgraded":10,"win_rate":0.0,"timestamp":1613577232,"path_taken":["M","?","M","?","?","R","M","R","T","R","M","M","R","$","R","BOSS","M","?","$","?","?","R","E","R","T","?","M","?","?","E","R","BOSS","M","M","M","?","?","R","E","R","T","M","M","?","R","M","R","BOSS"],"items_purchased_type":["Relic","Card","Card","Card","Potion","Card","Card","Card","Potion","Card","Relic","Relic"],"build_version":"2020-12-22","purchased_purges":1,"victory":false,"max_hp_per_floor":[71,71,71,71,71,71,71,71,71,71,71,71,71,71,71,71,71,71,71,71,76,76,76,76,76,76,76,76,76,76,76,76,76,76,81,81,81,81,81,81,81,81,81,81,81,81,81,81,81,81,81],"card_choices":[{"not_picked":["Go for the Eyes","Redo"],"picked":"Compile Driver","floor":1.0},{"not_picked":["Hello World","Redo"],"picked":"Gash","floor":3.0},{"not_picked":["Aggregate","Leap"],"picked":"Self Repair","floor":7.0},{"not_picked":["Beam Cell","Streamline"],"picked":"Gash","floor":11.0},{"not_picked":["Stack","Leap"],"picked":"Streamline","floor":12.0},{"not_picked":["Electrodynamics","Reboot"],"picked":"All For One","floor":16},{"not_picked":["Self Repair","Steam"],"picked":"Auto Shields+1","floor":18},{"not_picked":["Rebound","Darkness"],"picked":"Coolheaded","floor":24},{"not_picked":["Lockon","Streamline"],"picked":"Go for the Eyes","floor":28},{"not_picked":["Conserve Battery","Buffer"],"picked":"Gash","floor":29},{"not_picked":["Hologram","Tempest"],"picked":"Steam","floor":31},{"not_picked":["Conserve Battery","Leap"],"picked":"Turbo","floor":35},{"not_picked":["Heatsinks","Doom and Gloom+1"],"picked":"Coolheaded","floor":36},{"not_picked":["Turbo+1","Leap+1"],"picked":"Gash","floor":37},{"not_picked":["Cold Snap","Ball Lightning"],"picked":"Glacier","floor":39},{"not_picked":["Self Repair","Meteor Strike"],"picked":"Beam Cell","floor":41},{"not_picked":["Doom and Gloom","Force Field"],"picked":"Hologram","floor":44},{"not_picked":["Glacier","Redo"],"picked":"Gash","floor":45},{"not_picked":["Heatsinks","Leap"],"picked":"Scrape","floor":48}],"player_experience":766734,"relics_obtained":[{"floor":5.0,"key":"Pantograph"},{"floor":9.0,"key":"Omamori"},{"floor":24,"key":"Toy Ornithopter"},{"floor":26,"key":"Matryoshka"},{"floor":31,"key":"PreservedInsect"},{"floor":41,"key":"Torii"},{"floor":43,"key":"Blood Vial"},{"floor":43,"key":"Mummified Hand"}],"event_choices":[{"damage_healed":0.0,"max_hp_gain":0.0,"max_hp_loss":0.0,"gold_gain":0.0,"event_name":"Shining Light","player_choice":"Ignored","floor":2.0,"gold_loss":0.0,"damage_taken":0.0},{"damage_healed":0.0,"max_hp_gain":0.0,"max_hp_loss":0.0,"gold_gain":150.0,"event_name":"Liars Game","player_choice":"AGREE","floor":4.0,"gold_loss":0.0,"damage_taken":0.0,"cards_obtained":["Doubt"]},{"damage_healed":0,"gold_gain":0,"player_choice":"Opened","damage_taken":0,"relics_obtained":["InkBottle"],"max_hp_gain":0,"max_hp_loss":0,"event_name":"The Mausoleum","floor":19,"gold_loss":0,"cards_obtained":["Writhe"]},{"damage_healed":0,"gold_gain":0,"player_choice":"Shed Blood","damage_taken":25,"max_hp_gain":5,"max_hp_loss":0,"event_name":"Forgotten Altar","floor":21,"gold_loss":0},{"damage_healed":0,"gold_gain":0,"player_choice":"Ignored","damage_taken":0,"max_hp_gain":0,"max_hp_loss":0,"event_name":"Vampires","floor":22,"gold_loss":0},{"damage_healed":0,"gold_gain":0,"player_choice":"Ignored","damage_taken":0,"max_hp_gain":0,"max_hp_loss":0,"event_name":"Cursed Tome","floor":30,"gold_loss":0},{"damage_healed":0,"gold_gain":0,"player_choice":"Forge","damage_taken":0,"max_hp_gain":0,"max_hp_loss":0,"event_name":"Accursed Blacksmith","floor":38,"gold_loss":0,"cards_upgraded":["Hologram"]}],"is_beta":false,"boss_relics":[{"not_picked":["Nuclear Battery","Black Star"],"picked":"Pandora\u0027s Box"},{"not_picked":["Runic Dome","SlaversCollar"],"picked":"Empty Cage"}],"items_purged_floors":[14],"is_endless":false,"potions_floor_spawned":[3,12,29,33,35,44],"killed_by":"Time Eater","ascension_level":16}}