{"host":"yfi73559mxreacvo","time":1613551411,"event":{"mods":["AchievementEnabler","Act Like it!","Arknights","Aspiration","BaseMod","Better Third Choice","BetterRewards","CapriCore","Colored Map","Conspire","Dota2Spire","Evolution","Gensokyo","GifTheSpireLib","Halation","HexUI Lib","Highlight Path","Hubris","Minty Spire (QoL Compilation)","Quarter Circle Forward PUNCH!","Railgun Mod","Reliquary","Replay The Spire","Spicy Shops","Spikes Relics","StS++","StSLib","Stuff the Spire","The Animator","Trackpad","Wandering Minibosses"],"gold_per_floor":[121,121,121,137,57,57,84,84,84,84,125,135,169,182,182,282,282,302,342,342,291,304,330,48,48,48],"floor_reached":25,"language":"ENG","playtime":1641,"items_purged":["animator:DolaRiku"],"score":256,"play_id":"1ba0d2ee-0057-4ab9-94e8-2ec69193e4da","local_time":"20210217034331","is_ascension_mode":true,"campfire_choices":[{"data":"animator:Entoma","floor":6,"key":"SMITH"},{"data":"animator:Entoma+1","floor":8,"key":"SMITH"},{"floor":15,"key":"REST"}],"circlet_count":0,"master_deck":["animator:Strike_MadokaMagica","animator:Defend_MadokaMagica","animator:Strike","animator:Strike","animator:Strike","animator:Defend","animator:Defend","animator:Defend","animator:IrohaTamaki","animator:YuiTsuruno","animator:ChlammyZell","animator:Alexander","animator:Entoma+6","animator:Hans","animator:OrikoMikuni","animator:MamiTomoe","animator:MamiTomoe","animator:YuiTsuruno","animator:Hans","animator:GazelDwargon+1","Injury"],"relics":["animator:LivingPicture","animator:TheMissingPiece","EVO:Axolotl","trackpad:SneckoScepter","Pear","aspiration:SeaSaltIceCream","hubris:Spice","qcfpunch:Handcuffs","animator:HallowedScabbard","SlaversCollar","StuffTheSpire:Experiment12","trackpad:PetRock","Frozen Eye","aspiration:Lifesprig"],"acts_visited":["Gensokyo:Gensokyo","Gensokyo:Gensokyoer"],"potions_floor_usage":[7,11,19],"damage_taken":[{"damage":0,"enemies":"Gensokyo:2_Kodama","floor":1,"turns":4},{"damage":8,"enemies":"Gensokyo:3_Fairies","floor":4,"turns":6},{"damage":18,"enemies":"Gensokyo:Mamizou","floor":7,"turns":10},{"damage":4,"enemies":"Gensokyo:Cirno","floor":11,"turns":5},{"damage":5,"enemies":"Gensokyo:Python","floor":12,"turns":4},{"damage":8,"enemies":"Gensokyo:Mamizou","floor":13,"turns":7},{"damage":0,"enemies":"Gensokyo:5_Fairies","floor":14,"turns":4},{"damage":6,"enemies":"Gensokyo:Reimu","floor":16,"turns":10},{"damage":24,"enemies":"Gensokyo:CosmicMonolith","floor":18,"turns":5},{"damage":28,"enemies":"Gensokyo:3_Dogs","floor":19,"turns":5},{"damage":40,"enemies":"Gensokyo:Slime_Group","floor":22,"turns":7},{"damage":39,"enemies":"Gensokyo:Swordslinger","floor":23,"turns":6},{"damage":4,"enemies":"Gensokyo:Koishi","floor":25,"turns":5}],"seed_played":"-6571631095293634645","potions_obtained":[{"floor":1,"key":"PowerPotion"},{"floor":7,"key":"Toxic Potion"},{"floor":16,"key":"AttackPotion"},{"floor":18,"key":"Weak Potion"},{"floor":23,"key":"GamblersBrew"}],"is_trial":false,"path_per_floor":["M","?","?","M","$","R","E","R","T","?","E","M","E","M","R","B",null,"M","M","?","COS","M","M","$","E"],"character_chosen":"THE_ANIMATOR","items_purchased":["animator:Alexander","animator:Entoma","StuffTheSpire:Experiment12","trackpad:PetRock"],"campfire_rested":1,"item_purchase_floors":[5,5,24,24],"current_hp_per_floor":[48,43,43,36,36,36,26,26,26,26,24,22,14,16,43,37,92,72,54,63,63,35,3,3,0,0],"gold":48,"neow_bonus":"ONE_RARE_RELIC","is_daily":false,"chose_seed":false,"campfire_upgraded":2,"win_rate":0.0,"timestamp":1613551411,"path_taken":["M","?","?","M","$","R","E","R","T","?","E","M","E","M","R","BOSS","M","M","?","COS","M","M","$","E"],"items_purchased_type":["Card","Card","Relic","Relic"],"build_version":"2020-12-22","purchased_purges":1,"victory":false,"max_hp_per_floor":[66,76,76,77,77,77,85,85,85,85,87,90,90,92,92,92,92,92,92,92,92,94,94,94,94,94],"card_choices":[{"not_picked":["animator:NarberalGamma","animator:RinTohsaka"],"picked":"animator:DolaRiku","floor":1},{"not_picked":["animator:DolaCouronne","animator:Jibril"],"picked":"animator:ChlammyZell","floor":4},{"not_picked":["animator:Hakurou","animator:FielNirvalen"],"picked":"animator:Hans","floor":7},{"not_picked":["animator:Kyubey","animator:IrohaTamaki"],"picked":"animator:OrikoMikuni","floor":11},{"not_picked":["animator:SayakaMiki","animator:Benimaru"],"picked":"animator:MamiTomoe","floor":12},{"not_picked":["animator:FielNirvalen","animator:GazelDwargon"],"picked":"animator:MamiTomoe","floor":13},{"not_picked":["animator:Caster","animator:MumenRider"],"picked":"animator:YuiTsuruno","floor":14},{"not_picked":["animator:Eris","animator:HomuraAkemi"],"picked":"animator:Hans","floor":16},{"not_picked":["animator:Demiurge","animator:MamiTomoe"],"picked":"animator:GazelDwargon+1","floor":19},{"not_picked":["animator:Cocytus","animator:Rider","animator:PandorasActor"],"picked":"SKIP","floor":22},{"not_picked":["animator:Cocytus+1","animator:Sonic","animator:Hakurou"],"picked":"SKIP","floor":23}],"player_experience":619168,"relics_obtained":[{"floor":7,"key":"aspiration:SeaSaltIceCream"},{"floor":11,"key":"qcfpunch:Handcuffs"},{"floor":13,"key":"animator:HallowedScabbard"}],"event_choices":[],"is_beta":false,"boss_relics":[{"not_picked":["hubris:RunicObelisk","conspire:RoyalGoblet"],"picked":"SlaversCollar"}],"items_purged_floors":[24],"is_endless":false,"potions_floor_spawned":[1,7,16,18,23],"killed_by":"Gensokyo:Koishi","ascension_level":1}}