{"host":"pqs17sqrgflf4eqa","time":1613539228,"event":{"mods":["AchievementEnabler","BaseMod","Bestiary","Better Altar","Better Match","Better Skull","Block Reminder","Bossed Relics","Colored Map","Colored Powertips","Curses Come First","Dark Map","DeckTracker","Defective Defect","Displayed Cursed Tome","Emptier Cage","Googly Eyes","Highlight Path","Minty Spire (QoL Compilation)","Quick Restart","Slay-I","StSLib","SuperFastMode","Synergy Search","Thieving Mod","Transform Curses","everything is the same but u backflip on backflip","slay the spire mod where everything is the same but ironclad has a cowboy hat"],"gold_per_floor":[117,292,21,96,96,16,16,43,92,92,127,138,150,163,163,267,267,285,245,27,40,40,40,74,84,84,102,113,113,125,143,143,239,239,256,266,76,91,91,91,91],"floor_reached":40,"language":"ENG","playtime":978,"items_purged":["Doubt"],"score":673,"play_id":"0cc6c238-a765-42b2-aea1-88e15beaac6b","local_time":"20210217002028","is_ascension_mode":true,"campfire_choices":[{"data":"Zap","floor":7,"key":"SMITH"},{"data":"Defragment","floor":10,"key":"SMITH"},{"data":"Sunder","floor":15,"key":"SMITH"},{"data":"Apotheosis","floor":23,"key":"SMITH"},{"floor":32,"key":"REST"}],"circlet_count":0,"master_deck":["Strike_B+1","Strike_B+1","Strike_B+1","Strike_B","Defend_B","Defend_B","Defend_B+1","Defend_B","Zap+1","Dualcast+1","Defragment+1","Conserve Battery","Melter","Sunder+1","CurseOfTheBell","Conserve Battery+1","Apotheosis+1","Loop","Streamline+1","Go for the Eyes+1","Go for the Eyes","Coolheaded","Streamline+1","All For One","Coolheaded+1","Cold Snap","Self Repair","All For One","Redo","Steam","Dark Shackles"],"relics":["Cracked Core","NeowsBlessing","Membership Card","Whetstone","Mercury Hourglass","Regal Pillow","Tiny Chest","Calling Bell","Oddly Smooth Stone","Meat on the Bone","Lizard Tail","ClockworkSouvenir","Ancient Tea Set","Nunchaku","Ornamental Fan","Philosopher\u0027s Stone","Toolbox"],"acts_visited":["Exordium","TheCity","TheBeyond"],"potions_floor_usage":[20,24,30,33,33,33],"damage_taken":[{"damage":0,"enemies":"Jaw Worm","floor":1,"turns":1},{"damage":0,"enemies":"Lagavulin","floor":8,"turns":1},{"damage":0,"enemies":"Gremlin Nob","floor":11,"turns":1},{"damage":0,"enemies":"Small Slimes","floor":12,"turns":2},{"damage":8,"enemies":"2 Louse","floor":13,"turns":2},{"damage":3,"enemies":"Blue Slaver","floor":14,"turns":2},{"damage":0,"enemies":"Slime Boss","floor":16,"turns":6},{"damage":36,"enemies":"3 Byrds","floor":18,"turns":4},{"damage":0,"enemies":"Chosen","floor":21,"turns":4},{"damage":53,"enemies":"Gremlin Leader","floor":24,"turns":7},{"damage":33,"enemies":"Snake Plant","floor":25,"turns":4},{"damage":6,"enemies":"Cultist and Chosen","floor":27,"turns":6},{"damage":10,"enemies":"Snecko","floor":28,"turns":5},{"damage":5,"enemies":"Snake Plant","floor":30,"turns":4},{"damage":12,"enemies":"Shelled Parasite and Fungi","floor":31,"turns":5},{"damage":24,"enemies":"Collector","floor":33,"turns":12},{"damage":24,"enemies":"3 Darklings","floor":35,"turns":4},{"damage":14,"enemies":"Orb Walker","floor":36,"turns":4},{"damage":28,"enemies":"3 Darklings","floor":38,"turns":6},{"damage":47,"enemies":"Nemesis","floor":40,"turns":6}],"seed_played":"2690670317827270770","potions_obtained":[{"floor":1,"key":"Ancient Potion"},{"floor":8,"key":"Strength Potion"},{"floor":21,"key":"CultistPotion"},{"floor":27,"key":"SpeedPotion"},{"floor":30,"key":"LiquidBronze"},{"floor":31,"key":"DuplicationPotion"}],"is_trial":false,"path_per_floor":["M","?","$","?","?","$","R","E","T","R","E","M","M","M","R","B",null,"M","?","$","M","$","R","E","M","T","M","M","T","M","M","R","B",null,"M","M","$","M","?","E"],"character_chosen":"DEFECT","items_purchased":["Membership Card","Whetstone","Defragment","Conserve Battery","Melter","ClockworkSouvenir","Apotheosis","Fruit Juice","Self Repair","Toolbox","All For One","Redo"],"campfire_rested":1,"item_purchase_floors":[3,3,6,6,6,20,20,20,37,37,37,37],"current_hp_per_floor":[68,68,68,57,42,42,42,42,42,42,42,42,34,31,31,31,64,40,40,45,45,45,45,52,31,31,37,39,39,46,46,80,56,74,50,48,48,42,42,0,0],"gold":91,"neow_bonus":"THREE_ENEMY_KILL","is_daily":false,"chose_seed":false,"campfire_upgraded":4,"win_rate":0.0,"timestamp":1613539228,"path_taken":["M","?","$","?","?","?","R","E","T","R","E","M","?","M","R","BOSS","M","?","$","M","$","R","E","M","T","M","?","?","M","M","R","BOSS","M","M","$","M","?","E"],"items_purchased_type":["Relic","Relic","Card","Card","Card","Relic","Card","Potion","Card","Relic","Card","Card"],"build_version":"2020-12-22","purchased_purges":1,"victory":false,"max_hp_per_floor":[75,75,75,75,75,75,75,75,75,75,75,75,75,75,75,75,75,75,75,80,80,80,80,80,80,80,80,80,80,80,80,80,80,80,80,80,80,80,80,80,80],"card_choices":[{"not_picked":["Double Energy","Turbo","Capacitor"],"picked":"SKIP","floor":1},{"not_picked":["Chill","Undo","Turbo"],"picked":"SKIP","floor":8},{"not_picked":["Go for the Eyes","Double Energy","Turbo"],"picked":"SKIP","floor":11},{"not_picked":["Sweeping Beam","Redo"],"picked":"Sunder","floor":12},{"not_picked":["Beam Cell","Sweeping Beam","Static Discharge"],"picked":"SKIP","floor":13},{"not_picked":["Fusion","Redo","Ball Lightning"],"picked":"SKIP","floor":14},{"not_picked":["Sweeping Beam","Steam+1"],"picked":"Conserve Battery","floor":18},{"not_picked":["Blizzard","Ball Lightning"],"picked":"Loop","floor":21},{"not_picked":["Steam","Stack"],"picked":"Streamline+1","floor":24},{"not_picked":["Sweeping Beam","Doom and Gloom"],"picked":"Go for the Eyes+1","floor":25},{"not_picked":["Loop","Hello World","Hologram"],"picked":"SKIP","floor":27},{"not_picked":["Machine Learning","Gash"],"picked":"Go for the Eyes","floor":28},{"not_picked":["Beam Cell","Reinforced Body","Coolheaded"],"picked":"SKIP","floor":30},{"not_picked":["Beam Cell","Reinforced Body"],"picked":"Coolheaded","floor":30},{"not_picked":["Capacitor","Turbo"],"picked":"Streamline+1","floor":31},{"not_picked":["Meteor Strike","Hyperbeam"],"picked":"All For One","floor":33},{"not_picked":["Gash","Stack"],"picked":"Coolheaded+1","floor":35},{"not_picked":["Leap+1","Stack"],"picked":"Cold Snap","floor":36},{"not_picked":["Ball Lightning","Tempest+1"],"picked":"Steam","floor":38},{"not_picked":["PanicButton","Thinking Ahead"],"picked":"Dark Shackles","floor":39}],"player_experience":220313,"relics_obtained":[{"floor":8,"key":"Mercury Hourglass"},{"floor":9,"key":"Regal Pillow"},{"floor":11,"key":"Tiny Chest"},{"floor":17,"key":"Oddly Smooth Stone"},{"floor":17,"key":"Meat on the Bone"},{"floor":17,"key":"Lizard Tail"},{"floor":24,"key":"Ancient Tea Set"},{"floor":26,"key":"Nunchaku"},{"floor":29,"key":"Ornamental Fan"}],"event_choices":[{"damage_healed":0,"gold_gain":175,"player_choice":"AGREE","damage_taken":0,"max_hp_gain":0,"max_hp_loss":0,"event_name":"Liars Game","floor":2,"gold_loss":0,"cards_obtained":["Doubt"]},{"damage_healed":0,"gold_gain":75,"player_choice":"Gather Gold","damage_taken":11,"max_hp_gain":0,"max_hp_loss":0,"event_name":"World of Goop","floor":4,"gold_loss":0},{"damage_healed":0,"gold_gain":0,"player_choice":"Entered Light","damage_taken":15,"max_hp_gain":0,"max_hp_loss":0,"event_name":"Shining Light","floor":5,"gold_loss":0,"cards_upgraded":["Dualcast","Strike_B"]},{"damage_healed":0,"gold_gain":0,"player_choice":"Upgraded Two","damage_taken":0,"max_hp_gain":0,"max_hp_loss":0,"event_name":"Designer","floor":19,"gold_loss":40,"cards_upgraded":["Defend_B","Conserve Battery"]},{"damage_healed":0,"gold_gain":0,"player_choice":"Memory 1","damage_taken":0,"max_hp_gain":0,"max_hp_loss":0,"event_name":"SensoryStone","floor":39,"gold_loss":0}],"is_beta":false,"boss_relics":[{"not_picked":["Cursed Key","FrozenCore"],"picked":"Calling Bell"},{"not_picked":["Runic Dome","SlaversCollar"],"picked":"Philosopher\u0027s Stone"}],"items_purged_floors":[3],"is_endless":false,"potions_floor_spawned":[1,8,21,27,30,31],"killed_by":"Nemesis","ascension_level":6}}