{"host":"gk9qdtkqd8dwfeg2","time":1613555784,"event":{"mods":["Act Like it!","Aspiration","BaseMod","Colored Powertips","Gensokyo","Minty Spire (QoL Compilation)","Quick Restart","Replay The Spire","Shop Mod","StSLib","TestMod","The Servant 0.9.4","Waifu the Spire","WarShipGirlsR/战舰少女R mod"],"gold_per_floor":[109,109,29,29,43,43,72,472,472,64,64,93,12,46,46,117,117,130,130,130,130,145,171,171,201,276,301,301,315,315,65,65,137,137,149,149,163,174,94,124,124,168,246,246,278,278,297,320,320,320,320,320,320,22,47,47],"floor_reached":57,"language":"ZHS","playtime":1531,"items_purged":["Strike_R","Bash"],"score":2566,"play_id":"c0f288fa-a2ef-4ddd-8823-8f3b35d4cdd6","local_time":"20210217175624","is_ascension_mode":true,"campfire_choices":[{"data":"Armaments","floor":6,"key":"SMITH"},{"data":"Sword Boomerang","floor":11,"key":"SMITH"},{"floor":28,"key":"DIG"},{"floor":44,"key":"RECALL"},{"floor":49,"key":"DIG"},{"floor":53,"key":"DIG"}],"circlet_count":0,"master_deck":["AscendersBane","Defend_R","Defend_R","Defend_R","Sword Boomerang+1","Armaments+1","Dash","Riddle With Holes","Shrug It Off","Body Slam","Exhume","Limit Break+1","Shrug It Off+1","Burning Pact","Bludgeon","Limit Break+1","Pummel+1","Entrench","Dark Embrace+1"],"relics":["Burning Blood","testmod-PortableAltar","Tiny Chest","testmod-CasingShield","MerchantsRug","testmod-AssaultLearning","Replay:Multitool","Unceasing Top","Snecko Heart","Gensokyo:SongOfSouls","testmod-InfectionSource","testmod-RandomTest","Kunai","The Courier","Meat on the Bone","Potion Belt","aspiration:ChemicalBlood","SlaversCollar","Gremlin Horn","Chameleon Ring","ReplayTheSpireMod:TigerMarble","testmod-Alchemist","Art of War","Paper Frog","Replay:Bottled Eggs","Mango","Another Sword"],"acts_visited":["Exordium","Gensokyo:Gensokyo","TheBeyond","TheEnding"],"potions_floor_usage":[16,33,33,33,35,50,50,51,56,56,56,56,56,56,56,56,56,56,56],"damage_taken":[{"damage":1,"enemies":"Gensokyo:Gryphon","floor":1,"turns":1},{"damage":1,"enemies":"Gensokyo:2_Kodama","floor":5,"turns":2},{"damage":0,"enemies":"Gensokyo:Aya","floor":7,"turns":1},{"damage":5,"enemies":"Gensokyo:Mamizou","floor":12,"turns":6},{"damage":47,"enemies":"Gensokyo:Cirno","floor":14,"turns":6},{"damage":11,"enemies":"Gensokyo:Kokoro","floor":16,"turns":6},{"damage":0,"enemies":"Gensokyo:AngelMirror","floor":18,"turns":2},{"damage":0,"enemies":"Gensokyo:Chomper","floor":22,"turns":2},{"damage":0,"enemies":"Gensokyo:Reisen","floor":23,"turns":2},{"damage":0,"enemies":"Gensokyo:Tenshi","floor":25,"turns":2},{"damage":2,"enemies":"Gensokyo:Reisen","floor":27,"turns":4},{"damage":4,"enemies":"Gensokyo:Mirror_and_Dog","floor":29,"turns":3},{"damage":59,"enemies":"Gensokyo:Eternal_Rivals","floor":33,"turns":5},{"damage":0,"enemies":"3 Darklings","floor":35,"turns":3},{"damage":5,"enemies":"3 Shapes","floor":37,"turns":3},{"damage":0,"enemies":"Spire Growth","floor":38,"turns":2},{"damage":0,"enemies":"Giant Head","floor":40,"turns":3},{"damage":0,"enemies":"R_Hoarder","floor":45,"turns":4},{"damage":0,"enemies":"Transient","floor":47,"turns":4},{"damage":11,"enemies":"Awakened One","floor":50,"turns":5},{"damage":0,"enemies":"Replay:Hell Engine","floor":51,"turns":4},{"damage":0,"enemies":"Shield and Spear","floor":55,"turns":5},{"damage":4,"enemies":"The Heart","floor":56,"turns":4}],"seed_played":"9207043210438207873","potions_obtained":[{"floor":5,"key":"HeartOfIron"},{"floor":14,"key":"Venom Potion"},{"floor":16,"key":"Reflective Coating"},{"floor":33,"key":"Explosive Potion"},{"floor":33,"key":"DistilledChaos"},{"floor":33,"key":"SpeedPotion"},{"floor":33,"key":"SkillPotion"},{"floor":38,"key":"SteroidPotion"},{"floor":45,"key":"Fire Potion"},{"floor":45,"key":"AttackPotion"},{"floor":45,"key":"SpeedPotion"}],"is_trial":false,"path_per_floor":["M","?","COS","?","M","R","E","?","T","$","R","E","$","E","R","B",null,"M","?","?","$","M","E","T","E","T","E","R","M","?","$","R","B",null,"M","T","M","M","$","E","R","?","T","R","E","?","M","T","R","B","B",null,"R","$","E","B",null],"character_chosen":"IRONCLAD","items_purchased":["MerchantsRug","Brimstone","ReplayTheSpireMod:Limb From Limb","aspiration:ChemicalBlood","Omamori","Mango","EntropicBrew","FearPotion","Weak Potion","Adrenaline Potion"],"campfire_rested":0,"item_purchase_floors":[10,10,13,31,31,54,54,54,54,54],"current_hp_per_floor":[73,73,72,71,70,69,68,67,66,65,64,63,62,20,20,15,47,53,53,53,53,53,52,51,50,49,48,47,46,45,44,43,24,37,40,39,38,37,36,35,34,23,23,23,29,29,28,27,26,20,24,23,22,35,34,33],"gold":47,"neow_bonus":"THREE_ENEMY_KILL","is_daily":false,"chose_seed":false,"campfire_upgraded":2,"win_rate":0.0,"timestamp":1613555784,"path_taken":["M","?","COS","?","?","R","E","?","T","$","R","E","$","E","R","BOSS","M","?","?","$","M","E","?","E","T","E","R","?","?","?","R","BOSS","M","?","M","M","$","E","R","?","T","R","E","?","?","?","R","BOSS","BOSS","R","$","E","BOSS"],"items_purchased_type":["Relic","Relic","Card","Relic","Relic","Relic","Potion","Potion","Potion","Potion"],"build_version":"2020-12-22","purchased_purges":2,"victory":true,"max_hp_per_floor":[74,73,72,71,70,69,68,67,66,65,64,63,62,61,60,59,58,57,56,55,54,53,52,51,50,49,48,47,46,45,44,43,42,41,40,39,38,37,36,35,34,33,32,31,30,29,28,27,26,25,24,23,22,35,34,33],"card_choices":[{"not_picked":["ReplayTheSpireMod:Strike From Hell","Clothesline"],"picked":"Sword Boomerang","floor":1},{"not_picked":["Heavy Blade","Run Through"],"picked":"Armaments","floor":2},{"not_picked":["Carnage","Warcry","Run Through"],"picked":"SKIP","floor":5},{"not_picked":["Life Link","Sever Soul","Warcry"],"picked":"SKIP","floor":7},{"not_picked":["Blood for Blood","Anger"],"picked":"Shrug It Off","floor":12},{"not_picked":["Perfected Strike","Immolate"],"picked":"Body Slam","floor":14},{"not_picked":["Demon Form","Impervious"],"picked":"Limit Break","floor":16},{"not_picked":["Havoc","Warcry","Clothesline"],"picked":"SKIP","floor":18},{"not_picked":["Rampage","Havoc"],"picked":"Shrug It Off+1","floor":22},{"not_picked":["Fire Breathing+1","ReplayTheSpireMod:LeadingStrike"],"picked":"Burning Pact","floor":23},{"not_picked":["Twin Strike","Sword Boomerang","Clash+1"],"picked":"SKIP","floor":25},{"not_picked":["Dual Wield","Carnage","Life Link"],"picked":"SKIP","floor":27},{"not_picked":["Run Through","Replay:Undeath\u0027s Touch+1","Body Slam"],"picked":"SKIP","floor":29},{"not_picked":["Double Tap","Fiend Fire"],"picked":"Limit Break","floor":33},{"not_picked":["Twin Strike","Cleave"],"picked":"Pummel+1","floor":35},{"not_picked":["Thunderclap+1","Anger+1","Whirlwind"],"picked":"SKIP","floor":37},{"not_picked":["True Grit","Seeing Red+1","Warcry"],"picked":"SKIP","floor":38},{"not_picked":["Bludgeon","Iron Wave","Run Through"],"picked":"SKIP","floor":40},{"not_picked":["True Grit+1","Blood for Blood+1","Headbutt+1"],"picked":"SKIP","floor":45},{"not_picked":["Shrug It Off","ReplayTheSpireMod:Strike From Hell+1","Bloodletting"],"picked":"SKIP","floor":47},{"not_picked":["ReplayTheSpireMod:Strike From Hell","Abandon"],"picked":"Dark Embrace+1","floor":55}],"player_experience":744872,"relics_obtained":[{"floor":7,"key":"Tiny Chest"},{"floor":9,"key":"testmod-CasingShield"},{"floor":12,"key":"testmod-AssaultLearning"},{"floor":14,"key":"Replay:Multitool"},{"floor":23,"key":"testmod-InfectionSource"},{"floor":24,"key":"testmod-RandomTest"},{"floor":25,"key":"Kunai"},{"floor":26,"key":"The Courier"},{"floor":27,"key":"Meat on the Bone"},{"floor":28,"key":"Lizard Tail"},{"floor":36,"key":"Gremlin Horn"},{"floor":40,"key":"Chameleon Ring"},{"floor":42,"key":"ReplayTheSpireMod:TigerMarble"},{"floor":45,"key":"testmod-Alchemist"},{"floor":48,"key":"Art of War"},{"floor":49,"key":"Paper Frog"},{"floor":53,"key":"Replay:Bottled Eggs"},{"floor":55,"key":"Another Sword"}],"event_choices":[{"damage_healed":0,"gold_gain":400,"player_choice":"Sell","damage_taken":0,"max_hp_gain":0,"max_hp_loss":0,"event_name":"恩洛斯的盘子","floor":8,"relics_lost":["testmod-TestBox"],"gold_loss":0},{"damage_healed":0,"gold_gain":0,"player_choice":"Swap Relic","damage_taken":0,"relics_obtained":["Potion Belt"],"max_hp_gain":0,"max_hp_loss":0,"event_name":"给自己的盒子","floor":30,"relics_lost":["NeowsBlessing"],"gold_loss":0},{"cards_removed":["Strike_R"],"damage_healed":0,"gold_gain":0,"player_choice":"Card Removal","damage_taken":0,"max_hp_gain":0,"max_hp_loss":0,"event_name":"Wheel of Change","floor":46,"gold_loss":0}],"is_beta":false,"boss_relics":[{"not_picked":["Abe\u0027s Treasure","Replay:Drink Me"],"picked":"Snecko Heart"},{"not_picked":["Painkiller Herb","testmod-CardMagician"],"picked":"SlaversCollar"}],"items_purged_floors":[10,39],"is_endless":false,"potions_floor_spawned":[5,14,16,23,25,33,38,40,45,55],"ascension_level":20}}