{"host":"pqs17sqrgflf4eqa","time":1613598351,"event":{"mods":["AchievementEnabler","BaseMod","Bestiary","Better Altar","Better Match","Better Skull","Block Reminder","Bossed Relics","Colored Map","Colored Powertips","Curses Come First","Dark Map","DeckTracker","Defective Defect","Displayed Cursed Tome","Emptier Cage","Googly Eyes","Highlight Path","Minty Spire (QoL Compilation)","Quick Restart","Slay-I","StSLib","SuperFastMode","Synergy Search","Thieving Mod","Transform Curses","everything is the same but u backflip on backflip","slay the spire mod where everything is the same but ironclad has a cowboy hat"],"gold_per_floor":[109,126,46,46,46,76,76,109,156,181,213,178,203,203,203,306,306,325,325,74,87,87,116,116,116,116,116,135,135,135],"floor_reached":29,"language":"ENG","playtime":488,"items_purged":["Strike_P"],"score":410,"play_id":"8af32dd4-a6e1-4694-866f-20a9acce6e0d","local_time":"20210217164551","is_ascension_mode":true,"campfire_choices":[{"data":"Eruption","floor":7.0,"key":"SMITH"},{"data":"ForeignInfluence","floor":15.0,"key":"SMITH"},{"data":"Vigilance","floor":25,"key":"SMITH"}],"circlet_count":0,"master_deck":["Strike_P","Strike_P","Strike_P","Defend_P","Defend_P","Defend_P","Eruption+1","Vigilance+1","Judgement","CrushJoints","CutThroughFate","CarveReality","Protect","BattleHymn","ForeignInfluence+1","DeusExMachina","SashWhip","ThirdEye","Wireheading","TalkToTheHand","Writhe","Evaluate+1","Prostrate+1"],"relics":["PureWater","Bag of Marbles","Anchor","Smiling Mask","Blood Vial","Ancient Tea Set","Bag of Preparation","Philosopher\u0027s Stone","Vajra","Happy Flower","Prayer Wheel","Toy Ornithopter"],"acts_visited":["Exordium","TheCity"],"potions_floor_usage":[23,23,23],"damage_taken":[{"damage":0.0,"enemies":"Cultist","floor":1.0,"turns":2.0},{"damage":0.0,"enemies":"Small Slimes","floor":2.0,"turns":2.0},{"damage":32.0,"enemies":"Gremlin Nob","floor":6.0,"turns":4.0},{"damage":0.0,"enemies":"Lagavulin","floor":8.0,"turns":2.0},{"damage":2.0,"enemies":"3 Sentries","floor":11.0,"turns":4.0},{"damage":34.0,"enemies":"Lagavulin","floor":13.0,"turns":5.0},{"damage":30.0,"enemies":"The Guardian","floor":16.0,"turns":8.0},{"damage":0,"enemies":"Chosen","floor":18,"turns":1},{"damage":0,"enemies":"Spheric Guardian","floor":21,"turns":2},{"damage":0,"enemies":"Slavers","floor":23,"turns":3},{"damage":8,"enemies":"Snake Plant","floor":28,"turns":3}],"seed_played":"300723910443707391","potions_obtained":[{"floor":2.0,"key":"SkillPotion"},{"floor":8.0,"key":"Fruit Juice"},{"floor":11.0,"key":"EssenceOfSteel"},{"floor":18,"key":"Energy Potion"},{"floor":19,"key":"CultistPotion"},{"floor":19,"key":"LiquidMemories"},{"floor":21,"key":"BlessingOfTheForge"}],"is_trial":false,"path_per_floor":["M","M","$","$","?","E","R","E","T","T","E","?","E","?","R","B",null,"M","?","$","M","$","E","?","R","T","?","M","$"],"character_chosen":"WATCHER","items_purchased":["CarveReality","Vajra","ThirdEye"],"campfire_rested":0,"item_purchase_floors":[3,20,20],"current_hp_per_floor":[65,65,65,65,70,38,38,43,43,43,43,63,31,31,31,3,62,64,64,64,66,66,68,68,68,68,68,62,42,42],"gold":135,"neow_bonus":"TRANSFORM_CARD","is_daily":false,"chose_seed":false,"campfire_upgraded":3,"win_rate":0.0,"timestamp":1613598351,"path_taken":["M","M","?","$","?","E","R","E","T","?","E","?","E","?","R","BOSS","M","?","$","M","?","E","?","R","T","?","M","$"],"items_purchased_type":["Card","Relic","Card"],"build_version":"2020-12-22","purchased_purges":1,"victory":false,"max_hp_per_floor":[72,72,72,72,77,77,77,82,82,82,82,82,82,82,82,82,82,82,82,82,82,82,82,82,82,82,82,82,82,82],"card_choices":[{"not_picked":["Evaluate","FollowUp"],"picked":"CrushJoints","floor":1.0},{"not_picked":["MasterReality","EmptyMind"],"picked":"CutThroughFate","floor":2.0},{"not_picked":["MasterReality","Study"],"picked":"Protect","floor":6.0},{"not_picked":["Crescendo","Protect"],"picked":"BattleHymn","floor":8.0},{"not_picked":["Crescendo","SignatureMove"],"picked":"ForeignInfluence","floor":11.0},{"not_picked":["PathToVictory","Adaptation","ReachHeaven"],"picked":"SKIP","floor":13.0},{"not_picked":["Judgement","Omniscience"],"picked":"DeusExMachina","floor":16.0},{"not_picked":["Prostrate","CutThroughFate"],"picked":"SashWhip","floor":18},{"not_picked":["BowlingBash","FlyingSleeves"],"picked":"Wireheading","floor":21},{"not_picked":["Sanctity","Alpha","CrushJoints"],"picked":"SKIP","floor":23},{"not_picked":["SashWhip","Nirvana"],"picked":"Evaluate+1","floor":28},{"not_picked":["FlyingSleeves+1","BowlingBash+1"],"picked":"Prostrate+1","floor":28}],"player_experience":225926,"relics_obtained":[{"floor":6.0,"key":"Bag of Marbles"},{"floor":8.0,"key":"Anchor"},{"floor":9.0,"key":"Smiling Mask"},{"floor":10.0,"key":"Blood Vial"},{"floor":11.0,"key":"Ancient Tea Set"},{"floor":13.0,"key":"Bag of Preparation"},{"floor":23,"key":"Happy Flower"},{"floor":26,"key":"Prayer Wheel"}],"event_choices":[{"damage_healed":0.0,"max_hp_gain":5.0,"max_hp_loss":0.0,"gold_gain":0.0,"event_name":"Big Fish","player_choice":"Donut","floor":5.0,"gold_loss":0.0,"damage_taken":0.0},{"damage_healed":20.0,"max_hp_gain":0.0,"max_hp_loss":0.0,"gold_gain":0.0,"event_name":"The Cleric","player_choice":"Healed","floor":12.0,"gold_loss":35.0,"damage_taken":0.0},{"damage_healed":0.0,"max_hp_gain":0.0,"max_hp_loss":0.0,"gold_gain":0.0,"event_name":"Golden Wing","player_choice":"Ignored","floor":14.0,"gold_loss":0.0,"damage_taken":0.0},{"damage_healed":0,"gold_gain":0,"player_choice":"Got Potions","damage_taken":0,"max_hp_gain":0,"max_hp_loss":0,"event_name":"Lab","floor":19,"gold_loss":0},{"damage_healed":0,"gold_gain":0,"player_choice":"Read","damage_taken":0,"max_hp_gain":0,"max_hp_loss":0,"event_name":"The Library","floor":24,"gold_loss":0,"cards_obtained":["TalkToTheHand"]},{"damage_healed":0,"gold_gain":0,"player_choice":"Opened","damage_taken":0,"relics_obtained":["Toy Ornithopter"],"max_hp_gain":0,"max_hp_loss":0,"event_name":"The Mausoleum","floor":27,"gold_loss":0,"cards_obtained":["Writhe"]}],"is_beta":false,"boss_relics":[{"not_picked":["Ectoplasm","Astrolabe"],"picked":"Philosopher\u0027s Stone"}],"items_purged_floors":[20],"is_endless":false,"potions_floor_spawned":[2,8,11,18,21],"ascension_level":6}}