{"host":"ilhhjx796p2x2wmd","time":1613547453,"event":{"mods":["AchievementEnabler","BaseMod","BetterRewards","Colored Map","Colored Powertips","DeckTracker","Highlight Path","Minty Spire (QoL Compilation)","Permanent Neow","Rare Cards Sparkle","Shop Mod"],"gold_per_floor":[116,128,143,160,173,173,193,207,233,258,22,35,67,21,21,122,122,135,135,35,52,52,80,80,80,80],"floor_reached":25,"language":"KOR","playtime":1033,"items_purged":["Strike_R","Strike_R"],"score":329,"play_id":"e8816c9b-c92e-4e92-bd8b-61ca0478571f","local_time":"20210217163733","is_ascension_mode":true,"campfire_choices":[{"data":"Armaments","floor":6,"key":"SMITH"},{"data":"Shockwave","floor":15,"key":"SMITH"},{"data":"Double Tap","floor":24,"key":"SMITH"}],"circlet_count":0,"master_deck":["Strike_R","Strike_R","Defend_R","Defend_R","Defend_R","Defend_R","Bash+1","Armaments+1","True Grit","Twin Strike","Shrug It Off","Shockwave+1","Pommel Strike","Feed","True Grit","Shrug It Off","Fiend Fire","Burning Pact+1","Double Tap+1"],"relics":["Black Blood","Nunchaku","Red Skull","Bag of Preparation","Art of War"],"acts_visited":["Exordium","TheCity"],"potions_floor_usage":[8,10,18],"damage_taken":[{"damage":1,"enemies":"Cultist","floor":1,"turns":3},{"damage":0,"enemies":"Jaw Worm","floor":2,"turns":3},{"damage":0,"enemies":"Small Slimes","floor":3,"turns":3},{"damage":13,"enemies":"3 Louse","floor":4,"turns":4},{"damage":8,"enemies":"Blue Slaver","floor":5,"turns":5},{"damage":6,"enemies":"Large Slime","floor":7,"turns":8},{"damage":4,"enemies":"Lots of Slimes","floor":8,"turns":6},{"damage":38,"enemies":"Lagavulin","floor":10,"turns":6},{"damage":6,"enemies":"2 Fungi Beasts","floor":12,"turns":2},{"damage":18,"enemies":"3 Sentries","floor":13,"turns":9},{"damage":9,"enemies":"The Guardian","floor":16,"turns":15},{"damage":27,"enemies":"2 Thieves","floor":18,"turns":4},{"damage":16,"enemies":"Chosen","floor":21,"turns":8},{"damage":55,"enemies":"Slavers","floor":23,"turns":15},{"damage":51,"enemies":"Book of Stabbing","floor":25,"turns":4}],"seed_played":"-5754171601357453424","potions_obtained":[{"floor":2,"key":"Block Potion"},{"floor":3,"key":"Swift Potion"},{"floor":4,"key":"FearPotion"},{"floor":10,"key":"Energy Potion"},{"floor":16,"key":"SpeedPotion"},{"floor":23,"key":"GamblersBrew"}],"is_trial":false,"path_per_floor":["M","M","M","M","M","R","M","M","T","E","$","M","E","$","R","B",null,"M","?","$","M","?","E","R","E"],"character_chosen":"IRONCLAD","items_purchased":["Feed","True Grit","Shrug It Off"],"campfire_rested":0,"item_purchase_floors":[11,11,14],"current_hp_per_floor":[77,80,80,73,71,71,71,73,73,41,41,44,36,36,36,37,78,66,94,94,90,90,47,47,0,0],"gold":80,"neow_bonus":"UPGRADE_CARD","is_daily":false,"chose_seed":false,"campfire_upgraded":3,"win_rate":0.0,"timestamp":1613547453,"path_taken":["M","M","M","M","M","R","M","M","T","E","$","M","E","?","R","BOSS","M","?","?","?","?","E","R","E"],"items_purchased_type":["Card","Card","Card"],"build_version":"2020-12-22","purchased_purges":2,"victory":false,"max_hp_per_floor":[80,80,80,80,80,80,80,80,80,80,80,83,87,87,87,91,91,94,94,94,94,94,94,94,94,94],"card_choices":[{"not_picked":["Body Slam","Blood for Blood"],"picked":"Armaments","floor":1},{"not_picked":["Combust","Body Slam"],"picked":"True Grit","floor":2},{"not_picked":["Thunderclap","Flex"],"picked":"Twin Strike","floor":3},{"not_picked":["Armaments","Ghostly Armor"],"picked":"Shrug It Off","floor":4},{"not_picked":["Sword Boomerang","Thunderclap"],"picked":"Shockwave","floor":5},{"not_picked":["Power Through","Heavy Blade"],"picked":"Pommel Strike","floor":7},{"not_picked":["Body Slam","Feel No Pain","Havoc"],"picked":"SKIP","floor":8},{"not_picked":["Rampage","Iron Wave","Brutality"],"picked":"SKIP","floor":10},{"not_picked":["Armaments","Carnage"],"picked":"Pummel","floor":12},{"not_picked":["Infernal Blade","Warcry","Armaments"],"picked":"SKIP","floor":13},{"not_picked":["Feed","Impervious"],"picked":"Fiend Fire","floor":16},{"not_picked":["Flex","Reckless Charge","Clothesline"],"picked":"SKIP","floor":18},{"not_picked":["Searing Blow","True Grit"],"picked":"Burning Pact+1","floor":21},{"not_picked":["Havoc","Heavy Blade+1"],"picked":"Double Tap","floor":23}],"player_experience":340670,"relics_obtained":[{"floor":9,"key":"Nunchaku"},{"floor":10,"key":"Red Skull"},{"floor":13,"key":"Bag of Preparation"},{"floor":23,"key":"Art of War"}],"event_choices":[{"cards_removed":["Pummel"],"damage_healed":28,"gold_gain":0,"player_choice":"Offered Uncommon","damage_taken":0,"max_hp_gain":0,"max_hp_loss":0,"event_name":"Bonfire Elementals","floor":19,"gold_loss":0},{"cards_removed":["Strike_R"],"damage_healed":0,"gold_gain":0,"player_choice":"Purged","damage_taken":0,"max_hp_gain":0,"max_hp_loss":0,"event_name":"Purifier","floor":22,"gold_loss":0}],"is_beta":false,"boss_relics":[{"not_picked":["Ectoplasm","Busted Crown"],"picked":"Black Blood"}],"items_purged_floors":[11,20],"is_endless":false,"potions_floor_spawned":[2,3,4,10,16,23],"killed_by":"Book of Stabbing","ascension_level":8}}