{"host":"tvwbxqry54t86y0v","time":1613566300,"event":{"mods":["2.2 Compatiblity","A Magickal Journey","Act Like it!","Arknights","Astrologer","BaseMod","Beaked The Cultist","BetterRewards","Block Reminder","Clockwork Mod","Colored Powertips","DeckTracker","Downfall","Fiend Mod","GungeonMod","Hermit","Hubris","Infinite Spire","Ironclad Rager","Marked Mod","Mimic Mod","Minty Spire (QoL Compilation)","Potionbrewer","Reliquary","Replay The Spire","Robot Space Explorer","Shade Mod","Somnambulant","StSLib","The Bug Knight","The Cursed","The Death Knight","The Dragon Tamer","The Druid","The Elementalist","The Exalted","The Forsaken","The Hierophant","The Jungle","The Marked","The Mystic","The Problem Sleuth","The Runesmith","The Senshi","The Spell Scribe","The Valiant","The Wild Card","TheFirefly","TheHeartMod","Unceasing Turn Reminder","thorton"],"gold_per_floor":[109,109,38,49,25,25,36,52,52,52,64,83,83,83,83,183,183,200,200,200,200,200,200,200,219,259,259,287,301,216,216,216,216,216,216],"floor_reached":33,"language":"ENG","playtime":2320,"items_purged":[],"score":253,"play_id":"3cf711c9-4a03-4b75-a083-df0a518f1886","local_time":"20210217235140","is_ascension_mode":false,"metric_token":3283,"campfire_choices":[{"data":"DTMod:Threaten","floor":6,"key":"SMITH"},{"data":"DTMod:InvisibleFlame","floor":13,"key":"SMITH"},{"data":"DTMod:Threaten","floor":15,"key":"SMITH"},{"floor":23,"key":"REST"},{"floor":27,"key":"REST"},{"floor":32,"key":"REST"}],"dtmod_dragon_data":[23,50,2,-1,4,0],"circlet_count":0,"master_deck":["DTMod:Strike","DTMod:Strike","DTMod:Strike","DTMod:Strike","DTMod:DoubleHit","DTMod:TargetDefense","DTMod:TargetDefense","DTMod:TargetDefense","DTMod:TargetDefense","DTMod:SwitchingTactic+1","DTMod:CalculatedDefense","DTMod:Threaten+1","DTMod:Threaten+1","DTMod:Punisher","DTMod:Coolant","DTMod:InvisibleFlame+1","DTMod:Multitask","DTMod:ComboAttack","infinitespire:TheBestDefense","Slimebound:CheckThePlaybook","downfall:Icky","DTMod:CrossStep","DTMod:BurningEnergy","DTMod:ForkedFire","downfall:Bewildered","DTMod:Adaptation+1"],"relics":["DTMod:PactStone","hubris:Metronome","Ring of Hypnosis","ReplayTheSpireMod:Ring of Addiction","Potion Belt","Chameleon Ring","hubris:TerracottaHorce","hubris:HerbalPaste","Empty Cage","Nilry\u0027s Codex","hubris:FruitBowl","elementalistmod:BlueRibbon","infinitespire:ShieldingShard","Bottled Lightning","Ornamental Fan","sneckomod:BabySnecko"],"acts_visited":["Exordium","TheCity"],"potions_floor_usage":[12,16,16,16,25,26,28,33],"damage_taken":[{"damage":0,"enemies":"Jaw Worm","floor":1,"turns":4},{"damage":0,"enemies":"ats:Genji","floor":4,"turns":6},{"damage":0,"enemies":"2 Louse","floor":7,"turns":3},{"damage":0,"enemies":"2 Fungi Beasts","floor":8,"turns":5},{"damage":0,"enemies":"Exordium Wildlife","floor":11,"turns":4},{"damage":0,"enemies":"Gremlin Gang","floor":12,"turns":4},{"damage":17,"enemies":"Fading Forest","floor":16,"turns":11},{"damage":8,"enemies":"Chosen","floor":18,"turns":7},{"damage":0,"enemies":"Spheric Guardian","floor":25,"turns":4},{"damage":13,"enemies":"Chosen and Byrds","floor":26,"turns":10},{"damage":22,"enemies":"Slavers","floor":28,"turns":8},{"damage":0,"enemies":"Chosen and Byrds","floor":29,"turns":5},{"damage":33,"enemies":"Pondfish","floor":33,"turns":8}],"seed_played":"6682187605742010432","potions_obtained":[{"floor":1,"key":"ColorlessPotion"},{"floor":7,"key":"SkillPotion"},{"floor":8,"key":"AttackPotion"},{"floor":10,"key":"Elixir"},{"floor":10,"key":"Energy Potion"},{"floor":16,"key":"potionbrewer:InfectionPotion"},{"floor":18,"key":"BlessingOfTheForge"},{"floor":28,"key":"potionbrewer:CleansingPotion"}],"is_trial":false,"path_per_floor":["M","?","$","M","$","R","M","M","T","?","M","M","R","?","R","B",null,"M","AVR","?","?","$","R","?","M","MIM","R","E","M","?","?","R","B"],"character_chosen":"THE_DT","items_purchased":["DTMod:CalculatedDefense","DTMod:Training","hubris:FruitBowl"],"campfire_rested":3,"item_purchase_floors":[3,5,22],"current_hp_per_floor":[49,49,49,49,49,49,49,49,49,49,49,49,49,49,49,43,46,38,38,38,22,3,15,15,21,14,26,10,16,16,16,27,0,0,0],"gold":216,"neow_bonus":"TEN_PERCENT_HP_BONUS","is_daily":false,"chose_seed":false,"campfire_upgraded":3,"win_rate":0.0,"timestamp":1613566300,"path_taken":["M","?","$","M","$","R","M","M","T","?","M","M","R","?","R","BOSS","M","AVR","?","?","?","R","?","M","MIM","R","E","?","?","?","R","BOSS"],"items_purchased_type":["Card","Card","Relic"],"build_version":"2020-12-22","purchased_purges":0,"victory":false,"max_hp_per_floor":[49,49,49,49,49,49,49,49,49,49,49,49,49,49,49,47,47,47,47,45,45,45,42,42,42,42,42,42,42,42,42,39,39,39,39],"card_choices":[{"not_picked":["DTMod:MasterPlan","DTMod:CleansingStrike","DTMod:TagTeam"],"picked":"SKIP","floor":1},{"not_picked":["DTMod:BreakAttack","DTMod:MagicField"],"picked":"DTMod:Threaten","floor":4},{"not_picked":["DTMod:Observe","DTMod:BalancedStrike"],"picked":"DTMod:Threaten","floor":7},{"not_picked":["DTMod:QuickFly","DTMod:Weaken"],"picked":"DTMod:Punisher","floor":8},{"not_picked":["DTMod:Threaten","DTMod:FlameSlash"],"picked":"DTMod:Coolant","floor":11},{"not_picked":["DTMod:TauntingStrike","DTMod:MagicField"],"picked":"DTMod:InvisibleFlame","floor":12},{"not_picked":["DTMod:RepeatStrike","DTMod:OpeningTactic"],"picked":"DTMod:Multitask","floor":16},{"not_picked":["DTMod:MagiciansMark","DTMod:Feint+1"],"picked":"DTMod:ComboAttack","floor":18},{"not_picked":["DTMod:FlameSlash+1","DTMod:Feint+1"],"picked":"DTMod:CrossStep","floor":25},{"not_picked":["DTMod:LastStand","DTMod:QuickFly"],"picked":"DTMod:BurningEnergy","floor":26},{"not_picked":["DTMod:HeatWave","DTMod:BurningForce","DTMod:Training+1"],"picked":"SKIP","floor":28},{"not_picked":["DTMod:Training","DTMod:Weaken"],"picked":"DTMod:ForkedFire","floor":29}],"player_experience":1169298,"relics_obtained":[{"floor":9,"key":"hubris:Metronome"},{"floor":10,"key":"Ring of Hypnosis"},{"floor":10,"key":"ReplayTheSpireMod:Ring of Addiction"},{"floor":10,"key":"Potion Belt"},{"floor":10,"key":"Chameleon Ring"},{"floor":21,"key":"Nilry\u0027s Codex"},{"floor":26,"key":"infinitespire:ShieldingShard"},{"floor":28,"key":"Bottled Lightning"}],"event_choices":[{"damage_healed":0,"gold_gain":0,"player_choice":"Ignored","damage_taken":0,"max_hp_gain":0,"max_hp_loss":0,"event_name":"Golden Wing","floor":2,"gold_loss":0},{"damage_healed":0,"gold_gain":0,"player_choice":"Grow","damage_taken":0,"max_hp_gain":0,"max_hp_loss":0,"event_name":"Living Wall","floor":14,"gold_loss":0,"cards_upgraded":["DTMod:SwitchingTactic"]},{"damage_healed":0,"gold_gain":0,"player_choice":"Obtained Book","damage_taken":16,"max_hp_gain":0,"max_hp_loss":0,"event_name":"Cursed Tome","floor":21,"gold_loss":0},{"damage_healed":0,"gold_gain":0,"player_choice":"Obtained Relic","damage_taken":0,"relics_obtained":["Ornamental Fan"],"max_hp_gain":0,"max_hp_loss":0,"event_name":"Addict","floor":30,"gold_loss":85}],"is_beta":false,"boss_relics":[{"not_picked":["Sozu","Honey Jar"],"picked":"hubris:TerracottaHorce"}],"items_purged_floors":[],"is_endless":false,"potions_floor_spawned":[1,7,8,11,16,18,28],"killed_by":"Pondfish","ascension_level":0}}