{"host":"rwomhe7k24zy6c7l","time":1613553755,"event":{"mods":["Act Like it!","BaseMod","Colored Powertips","Conspire","Gensokyo","Minty Spire (QoL Compilation)","RumiaBox-露米娅的神秘盒子","StSLib","The Bug Knight","WarShipGirlsR/战舰少女R mod"],"gold_per_floor":[112,146,165,184,196,196,226,246,246,246,246,246,261,277,277,277,277],"floor_reached":16,"language":"ZHS","playtime":808,"items_purged":[],"score":104,"play_id":"a4b7854a-dd6f-40dc-b326-c4ee1b9cb388","local_time":"20210217172235","is_ascension_mode":false,"campfire_choices":[{"data":"rmod:advancebysurprise","floor":6,"key":"SMITH"},{"floor":10,"key":"REST"},{"data":"rmod:basicallowance","floor":12,"key":"SMITH"},{"data":"rmod:ring","floor":15,"key":"SMITH"}],"circlet_count":0,"master_deck":["rmod:strick","rmod:strick","rmod:strick","rmod:strick","rmod:defend","rmod:defend","rmod:defend","rmod:defend","rmod:basicallowance+1","rmod:maingunfire","rmod:ring+1","rmod:intelligenceanalysis","rmod:fletcherpendant","rmod:advancebysurprise+1","rmod:royalracing","rmod:aluminumsupply+1","rmod:fletcherpendant"],"relics":["rmod:firstchargereward","NeowsBlessing","Meat on the Bone","Potion Belt","Toxic Egg 2"],"acts_visited":["Exordium"],"potions_floor_usage":[7,13,13,16,16],"damage_taken":[{"damage":0,"enemies":"Small Slimes","floor":1,"turns":1},{"damage":0,"enemies":"conspire:MimicChest","floor":2,"turns":1},{"damage":0,"enemies":"Jaw Worm","floor":3,"turns":1},{"damage":0,"enemies":"Cultist","floor":4,"turns":3},{"damage":12,"enemies":"Gremlin Gang","floor":5,"turns":4},{"damage":33,"enemies":"3 Sentries","floor":7,"turns":6},{"damage":6,"enemies":"Blue Slaver","floor":8,"turns":3},{"damage":8,"enemies":"Exordium Wildlife","floor":13,"turns":2},{"damage":10,"enemies":"Lots of Slimes","floor":14,"turns":2},{"damage":41,"enemies":"Hexaghost","floor":16,"turns":9}],"seed_played":"1031317567442479257","potions_obtained":[{"floor":3,"key":"SmokeBomb"},{"floor":4,"key":"GamblersBrew"},{"floor":5,"key":"Explosive Potion"},{"floor":7,"key":"LiquidMemories"},{"floor":11,"key":"LiquidBronze"},{"floor":11,"key":"Fire Potion"}],"is_trial":false,"path_per_floor":["M","?","M","M","M","R","E","M","T","R","?","R","M","M","R","B"],"character_chosen":"PRAEFECT","items_purchased":[],"campfire_rested":1,"item_purchase_floors":[],"current_hp_per_floor":[75,75,75,75,63,63,42,48,48,70,70,70,62,52,52,11,11],"gold":277,"neow_bonus":"THREE_ENEMY_KILL","is_daily":false,"chose_seed":false,"campfire_upgraded":3,"win_rate":0.0,"timestamp":1613553755,"path_taken":["M","?","?","M","?","R","E","M","T","R","?","R","M","M","R","BOSS"],"items_purchased_type":[],"build_version":"2020-12-22","purchased_purges":0,"victory":false,"max_hp_per_floor":[75,75,75,75,75,75,75,75,75,75,75,75,75,75,75,75,75],"card_choices":[{"not_picked":["rmod:luckystar","rmod:steelsupply"],"picked":"rmod:ring","floor":1},{"not_picked":["rmod:heivgo","rmod:ring"],"picked":"rmod:intelligenceanalysis","floor":2},{"not_picked":["rmod:luckystar","rmod:intelligenceanalysis"],"picked":"rmod:fletcherpendant","floor":3},{"not_picked":["rmod:sl","rmod:supportescort","rmod:ridicule"],"picked":"SKIP","floor":4},{"not_picked":["rmod:luckystar","rmod:openingtorpedo"],"picked":"rmod:advancebysurprise","floor":5},{"not_picked":["rmod:garrisonisland","rmod:wolves","rmod:fuelsupply"],"picked":"SKIP","floor":7},{"not_picked":["rmod:shuttlebombing","rmod:ring"],"picked":"rmod:royalracing","floor":8},{"not_picked":["rmod:wolves","rmod:aviationdawn+1"],"picked":"rmod:aluminumsupply+1","floor":13},{"not_picked":["rmod:fuelsupply+1","rmod:overbreakdown+1"],"picked":"rmod:fletcherpendant","floor":14}],"player_experience":141000,"relics_obtained":[{"floor":2,"key":"Meat on the Bone"},{"floor":7,"key":"Potion Belt"},{"floor":9,"key":"Toxic Egg 2"}],"event_choices":[{"damage_healed":0,"gold_gain":0,"player_choice":"Got Potions","damage_taken":0,"max_hp_gain":0,"max_hp_loss":0,"event_name":"Lab","floor":11,"gold_loss":0}],"is_beta":false,"boss_relics":[],"items_purged_floors":[],"is_endless":false,"potions_floor_spawned":[3,4,5,7],"killed_by":"Hexaghost","ascension_level":0}}