{"host":"hbvn1mkfq2iixsau","time":1613593216,"event":{"mods":["AchievementEnabler","Act Like it!","BaseMod","Better Altar","Better Match","Better Sensory Stone","Better Skull","Better Third Choice","Colored Map","Minty Spire (QoL Compilation)","Quick Restart","Relic Stats","Replay The Spire","Shop Mod","StSLib"],"gold_per_floor":[116,116,116,116,116,36,36,80,101,131,156,156,196,40,59,79,79,189,189,209,218,218,317,9,51,64,104,130,159,259,293,293,293,293,400,400,419,419,431,453,453,495,504,504,528,571,160,160,201,218,218,226,226,226,114,151,155],"floor_reached":58,"language":"ENG","playtime":4281,"items_purged":[],"score":1304,"play_id":"eb4fe065-d6b3-4634-8330-fdc08a083659","local_time":"20210217222015","is_ascension_mode":true,"campfire_choices":[{"data":"Loop","floor":17.0,"key":"SMITH"},{"data":"Creative AI","floor":32.0,"key":"SMITH"},{"floor":34.0,"key":"REST"},{"floor":44.0,"key":"REST"},{"floor":51.0,"key":"RECALL"},{"data":"Storm","floor":54.0,"key":"SMITH"}],"circlet_count":0,"master_deck":["Strike_B","Strike_B","Strike_B","Strike_B+1","Defend_B","Defend_B","Defend_B","Defend_B","Dualcast","Static Discharge","Venomology","Crystallizer","FIFO Queue","White Noise","Conserve Battery","Ball Lightning","Loop+1","Meteor Strike","Consume","Necronomicurse","Static Discharge+1","Barrage+1","Static Discharge","Creative AI+1","Amplify+1","Storm+1","ReplayTheSpireMod:Calculation Training+1","Echo Form","Mirror Shield","Self Repair","Storm","Loop"],"relics":["Cracked Core","NeowsBlessing","Vajra","Ring of Panic","Ring of Shattering","CeramicFish","Gremlin Food","Anchor","MerchantsRug","Black Star","Necronomicon","Bird Faced Urn","Replay:Baseball","Ginger","Regal Pillow","Pear","FossilizedHelix","Orichalcum","Peace Pipe","Singing Bowl","Juzu Bracelet","Ice Cream","Gremlin Horn","SacredBark","Calipers","Chameleon Ring","Bag of Preparation","Kunai","Replay:Bandana","Membership Card","Pet Ghost","Thread and Needle","Art of War","Oddly Smooth Stone","Nunchaku","Boot","Bronze Scales"],"acts_visited":["Exordium","TheCity","TheBeyond","TheEnding"],"potions_floor_usage":[57,57,57],"damage_taken":[{"damage":0.0,"enemies":"Small Slimes","floor":1.0,"turns":1.0},{"damage":0.0,"enemies":"3 Sentries","floor":8.0,"turns":1.0},{"damage":0.0,"enemies":"Jaw Worm","floor":9.0,"turns":1.0},{"damage":29.0,"enemies":"Gremlin Nob","floor":10.0,"turns":4.0},{"damage":14.0,"enemies":"Lagavulin","floor":13.0,"turns":7.0},{"damage":0.0,"enemies":"Cultist","floor":15.0,"turns":2.0},{"damage":2.0,"enemies":"Blue Slaver","floor":16.0,"turns":2.0},{"damage":24.0,"enemies":"Fading Forest","floor":18.0,"turns":11.0},{"damage":10.0,"enemies":"2 Thieves","floor":20.0,"turns":3.0},{"damage":31.0,"enemies":"Gremlin Leader","floor":25.0,"turns":4.0},{"damage":2.0,"enemies":"3 Byrds","floor":26.0,"turns":2.0},{"damage":0.0,"enemies":"Slavers","floor":27.0,"turns":7.0},{"damage":21.0,"enemies":"Book of Stabbing","floor":29.0,"turns":3.0},{"damage":8.0,"enemies":"Colosseum Slavers","floor":30.0,"turns":3.0},{"damage":18.0,"enemies":"Colosseum Nobs","floor":30.0,"turns":4.0},{"damage":27.0,"enemies":"Gremlin Leader","floor":31.0,"turns":5.0},{"damage":29.0,"enemies":"Automaton","floor":35.0,"turns":6.0},{"damage":2.0,"enemies":"3 Shapes","floor":37.0,"turns":8.0},{"damage":31.0,"enemies":"3 Darklings","floor":39.0,"turns":4.0},{"damage":78.0,"enemies":"Writhing Mass","floor":40.0,"turns":5.0},{"damage":2.0,"enemies":"R_Hoarder","floor":42.0,"turns":6.0},{"damage":9.0,"enemies":"Reptomancer","floor":46.0,"turns":4.0},{"damage":0.0,"enemies":"R_Hoarder","floor":49.0,"turns":6.0},{"damage":13.0,"enemies":"Jaw Worm Horde","floor":50.0,"turns":4.0},{"damage":26.0,"enemies":"Replay:Hell Engine","floor":52.0,"turns":5.0},{"damage":5,"enemies":"Shield and Spear","floor":56,"turns":2},{"damage":18,"enemies":"The Heart","floor":57,"turns":5}],"seed_played":"4313873280369251597","potions_obtained":[{"floor":9.0,"key":"LiquidBronze"},{"floor":13.0,"key":"Energy Potion"},{"floor":25.0,"key":"SkillPotion"},{"floor":27.0,"key":"Explosive Potion"},{"floor":29.0,"key":"BlessingOfTheForge"},{"floor":31.0,"key":"Doom Potion"},{"floor":46.0,"key":"LifebloodPotion"}],"is_trial":false,"path_per_floor":["M","?","PTL","PTL","?","$","?","E","M","E","T","?","E","$","M","M","R","B",null,"M","?","?","?","$","E","M","E","T","E","?","E","R","T","R_BF","B",null,"M","?","M","M","?","E","?","R","T","E","$","?","E","M","R","B",null,"R","$","E","B",null],"character_chosen":"DEFECT","items_purchased":["Crystallizer","MerchantsRug","Bird Faced Urn","Static Discharge+1","Membership Card","Pet Ghost","Thread and Needle","Self Repair","Loop","FocusPotion","Nunchaku"],"campfire_rested":2,"item_purchase_floors":[6,14,24,24,47,47,47,47,55,55,55],"current_hp_per_floor":[75,63,63,63,63,63,63,63,63,34,41,41,27,27,27,25,25,23,82,72,56,56,56,56,33,35,57,57,44,38,23,23,23,66,71,94,94,94,77,19,19,53,34,77,77,95,95,95,95,97,97,86,97,97,97,99,90],"gold":155,"neow_bonus":"THREE_ENEMY_KILL","is_daily":false,"chose_seed":false,"campfire_upgraded":3,"win_rate":0.0,"timestamp":1613593215,"path_taken":["M","?","PTL","PTL","?","$","?","E","?","E","T","?","E","$","?","M","R","BOSS","M","?","?","?","?","E","?","E","T","E","?","E","R","?","R_BF","BOSS","M","?","M","M","?","E","?","R","T","E","$","?","E","M","R","BOSS","R","$","E","BOSS"],"items_purchased_type":["Card","Relic","Relic","Card","Relic","Relic","Relic","Card","Card","Potion","Relic"],"build_version":"2020-12-22","purchased_purges":0,"victory":true,"max_hp_per_floor":[75,75,75,75,75,75,75,75,75,75,82,82,82,82,82,82,82,82,82,82,82,82,82,82,82,82,92,92,92,94,94,94,94,94,94,94,94,94,96,98,95,95,95,95,95,95,95,95,95,97,97,97,97,97,97,99,99],"relic_stats":{"Regal Pillow":30,"Singing Bowl":10,"Gremlin Horn":[12,12],"counters":[27,115],"CeramicFish":189,"Juzu Bracelet":1,"Bag of Preparation":[12],"Ginger":[7],"Orichalcum":[174],"Boot":[0],"Peace Pipe":0,"Nunchaku":[0],"Bird Faced Urn":[218],"Bronze Scales":[48],"Black Star":8,"Necronomicon":[14],"Art of War":[6],"Kunai":[2],"obtain_stats":[{"Ice Cream":31,"Regal Pillow":27,"Calipers":42,"Singing Bowl":30,"Gremlin Horn":33,"CeramicFish":8,"SacredBark":36,"Vajra":2,"Juzu Bracelet":31,"Bag of Preparation":45,"Ginger":25,"Boot":56,"Pet Ghost":47,"Replay:Bandana":46,"Nunchaku":55,"Chameleon Ring":42,"Strawberry":11,"Ring of Shattering":5,"Necronomicon":21,"Kunai":46,"Ring of Panic":5,"Cracked Core":0,"Gremlin Food":10,"MerchantsRug":14,"Pear":27,"NeowsBlessing":0,"Oddly Smooth Stone":49,"Thread and Needle":47,"Orichalcum":29,"Peace Pipe":30,"Anchor":13,"Replay:Baseball":25,"Bird Faced Urn":24,"Bronze Scales":56,"Black Star":19,"Art of War":49,"Membership Card":47,"FossilizedHelix":29},{"Ice Cream":16,"Regal Pillow":12,"Calipers":21,"Singing Bowl":15,"Gremlin Horn":16,"CeramicFish":2,"SacredBark":17,"Vajra":1,"Juzu Bracelet":16,"Bag of Preparation":21,"Ginger":10,"Boot":26,"Pet Ghost":22,"Replay:Bandana":22,"Nunchaku":25,"Chameleon Ring":21,"Strawberry":4,"Ring of Shattering":1,"Necronomicon":9,"Kunai":22,"Ring of Panic":1,"Cracked Core":0,"Gremlin Food":4,"MerchantsRug":5,"Pear":12,"NeowsBlessing":0,"Oddly Smooth Stone":23,"Thread and Needle":22,"Orichalcum":13,"Peace Pipe":15,"Anchor":5,"Replay:Baseball":10,"Bird Faced Urn":9,"Bronze Scales":26,"Black Star":8,"Art of War":23,"Membership Card":22,"FossilizedHelix":13},{"Ice Cream":60,"Regal Pillow":45,"Calipers":89,"Singing Bowl":55,"Gremlin Horn":60,"CeramicFish":2,"SacredBark":66,"Vajra":1,"Juzu Bracelet":60,"Bag of Preparation":89,"Ginger":36,"Boot":110,"Pet Ghost":93,"Replay:Bandana":93,"Nunchaku":108,"Chameleon Ring":89,"Strawberry":7,"Ring of Shattering":1,"Necronomicon":32,"Kunai":93,"Ring of Panic":1,"Cracked Core":0,"Gremlin Food":7,"MerchantsRug":14,"Pear":45,"NeowsBlessing":0,"Oddly Smooth Stone":99,"Thread and Needle":93,"Orichalcum":48,"Peace Pipe":55,"Anchor":14,"Replay:Baseball":36,"Bird Faced Urn":32,"Bronze Scales":110,"Black Star":29,"Art of War":99,"Membership Card":93,"FossilizedHelix":48}]},"card_choices":[{"not_picked":["Cold Snap","Rebound"],"picked":"Static Discharge","floor":1.0},{"not_picked":["Time Bomb","Steam"],"picked":"FIFO Queue","floor":8.0},{"not_picked":["FIFO Queue","ReplayTheSpireMod:Calculation Training"],"picked":"White Noise","floor":9.0},{"not_picked":["Time Bomb","ReplayTheSpireMod:Reroute Power","Beam Cell"],"picked":"SKIP","floor":10.0},{"not_picked":["Steam","Gash"],"picked":"Conserve Battery","floor":13.0},{"not_picked":["Fusion","Scrape"],"picked":"Ball Lightning","floor":15.0},{"not_picked":["Turbo","Sunder"],"picked":"Loop","floor":16.0},{"not_picked":["All For One","Mirror Shield"],"picked":"Meteor Strike","floor":18.0},{"not_picked":["ReplayTheSpireMod:GoodbyeWorld","Conserve Battery"],"picked":"Consume","floor":20.0},{"not_picked":["Rebound","Streamline"],"picked":"Barrage+1","floor":25.0},{"not_picked":["Undo","Rebound","Sunder+1"],"picked":"SKIP","floor":26.0},{"not_picked":["BasicCrystalCard","BootSequence"],"picked":"Static Discharge","floor":27.0},{"not_picked":["Auto Shields","Beam Cell","Scrape"],"picked":"SKIP","floor":29.0},{"not_picked":["Cold Snap","Turbo+1","Go for the Eyes"],"picked":"Singing Bowl","floor":30.0},{"not_picked":["Double Energy+1","Glacier+1"],"picked":"Creative AI","floor":31.0},{"not_picked":["ReplayRNGCard","Mirror Shield"],"picked":"Amplify","floor":35.0},{"not_picked":["Redo","Compile Driver+1"],"picked":"Storm","floor":37.0},{"not_picked":["Aggregate+1","Leap","ReplayTheSpireMod:Calculation Training"],"picked":"Singing Bowl","floor":39.0},{"not_picked":["Time Bomb","Redo+1","Cold Snap+1"],"picked":"Singing Bowl","floor":40.0},{"not_picked":["Turbo","Fusion+1"],"picked":"ReplayTheSpireMod:Calculation Training+1","floor":42.0},{"not_picked":["BootSequence+1","Darkness+1"],"picked":"Mirror Shield","floor":46.0},{"not_picked":["Rebound+1","White Noise"],"picked":"Storm","floor":49.0},{"not_picked":["Aggregate","Cold Snap","Streamline"],"picked":"Singing Bowl","floor":50.0},{"not_picked":["Rip and Tear+1","Coolheaded","Gash"],"picked":"Singing Bowl","floor":56}],"player_experience":266394,"relics_obtained":[{"floor":5.0,"key":"Ring of Panic"},{"floor":5.0,"key":"Ring of Shattering"},{"floor":8.0,"key":"CeramicFish"},{"floor":10.0,"key":"Gremlin Food"},{"floor":11.0,"key":"Strawberry"},{"floor":13.0,"key":"Anchor"},{"floor":21.0,"key":"Necronomicon"},{"floor":25.0,"key":"Replay:Baseball"},{"floor":25.0,"key":"Ginger"},{"floor":27.0,"key":"Regal Pillow"},{"floor":27.0,"key":"Pear"},{"floor":29.0,"key":"FossilizedHelix"},{"floor":29.0,"key":"Orichalcum"},{"floor":30.0,"key":"Peace Pipe"},{"floor":30.0,"key":"Singing Bowl"},{"floor":31.0,"key":"Juzu Bracelet"},{"floor":31.0,"key":"Ice Cream"},{"floor":33.0,"key":"Gremlin Horn"},{"floor":42.0,"key":"Calipers"},{"floor":42.0,"key":"Chameleon Ring"},{"floor":45.0,"key":"Bag of Preparation"},{"floor":46.0,"key":"Kunai"},{"floor":46.0,"key":"Replay:Bandana"},{"floor":49.0,"key":"Art of War"},{"floor":49.0,"key":"Oddly Smooth Stone"},{"floor":56,"key":"Boot"},{"floor":56,"key":"Bronze Scales"}],"event_choices":[{"damage_healed":0.0,"max_hp_gain":0.0,"max_hp_loss":0.0,"gold_gain":0.0,"event_name":"Golden Wing","player_choice":"Ignored","floor":7.0,"gold_loss":0.0,"damage_taken":0.0},{"damage_healed":0.0,"max_hp_gain":0.0,"max_hp_loss":0.0,"gold_gain":0.0,"event_name":"NoteForYourself","player_choice":"Ignored","floor":12.0,"gold_loss":0.0,"damage_taken":0.0},{"damage_healed":0.0,"max_hp_gain":0.0,"max_hp_loss":0.0,"gold_gain":0.0,"event_name":"Cursed Tome","player_choice":"Obtained Book","floor":21.0,"gold_loss":0.0,"damage_taken":16.0},{"damage_healed":0.0,"max_hp_gain":0.0,"max_hp_loss":0.0,"gold_gain":0.0,"event_name":"Beggar","player_choice":"Ignored","floor":22.0,"gold_loss":0.0,"damage_taken":0.0},{"damage_healed":0.0,"max_hp_gain":0.0,"max_hp_loss":0.0,"gold_gain":99.0,"event_name":"betterThird:BetterNest","player_choice":"Steal","floor":23.0,"gold_loss":0.0,"damage_taken":0.0},{"damage_healed":0.0,"max_hp_gain":0.0,"max_hp_loss":0.0,"gold_gain":0.0,"event_name":"Colosseum","player_choice":"Fight","floor":30.0,"gold_loss":0.0,"damage_taken":0.0},{"damage_healed":0.0,"max_hp_gain":0.0,"max_hp_loss":0.0,"gold_gain":0.0,"event_name":"Colosseum","player_choice":"Fought Nobs","floor":30.0,"gold_loss":0.0,"damage_taken":0.0},{"cards_removed":["Zap"],"damage_healed":0.0,"max_hp_gain":0.0,"max_hp_loss":0.0,"gold_gain":0.0,"event_name":"Falling","player_choice":"Removed Skill","floor":38.0,"gold_loss":0.0,"damage_taken":0.0},{"cards_removed":["Parasite","CommonCold"],"damage_healed":0.0,"max_hp_gain":0.0,"max_hp_loss":0.0,"gold_gain":0.0,"event_name":"Fountain of Cleansing","player_choice":"Removed Curses","floor":41.0,"gold_loss":0.0,"damage_taken":0.0},{"damage_healed":0.0,"max_hp_gain":0.0,"max_hp_loss":19.0,"gold_gain":3.0,"event_name":"betterStone:BetterStone","player_choice":"2","floor":43.0,"gold_loss":0.0,"damage_taken":0.0}],"is_beta":false,"boss_relics":[{"not_picked":["Fusion Hammer","Coffee Dripper"],"picked":"Black Star"},{"not_picked":["Runic Dome","ReplayTheSpireMod:DimensionalGlitch"],"picked":"SacredBark"}],"items_purged_floors":[],"is_endless":false,"potions_floor_spawned":[9,10,13,25,27,29,30,31,37,39,46,49,50,56],"ascension_level":1}}