{"host":"5qewjvycy34u7aeo","time":1613540324,"event":{"mods":["BaseMod","Downfall","GifTheSpireLib","Hubris","Infinite Spire","Minty Spire (QoL Compilation)","Permanent Neow","Replay The Spire","StSLib","Wandering Minibosses"],"gold_per_floor":[113,113,38,113,113,143,163,175,175,185,185,19,40,55,55,155,155,166,178,188,288,288,288,304,338,354,381,404,404,404],"floor_reached":29,"language":"ENG","playtime":2435,"items_purged":["Regret"],"score":278,"play_id":"dc9c3bc1-382b-4902-ae1d-13383a4c5995","local_time":"20210216233844","is_ascension_mode":true,"campfire_choices":[{"floor":15.0,"key":"DIG"}],"circlet_count":0,"master_deck":["Strike_G","Strike_G","Strike_G","Strike_G","Strike_G","Defend_G","Defend_G","Defend_G","Defend_G","Defend_G","Survivor","Neutralize","Dramatic Entrance","Backflip","Replay:Fractal Strike","Footwork","Deflect","Blade Dance","Apotheosis","Hidden Blade","Burst","Prepared+1","Slice","Backflip","PiercingWail"],"relics":["Ring of the Snake","Vampiric Spirits","infinitespire:Beetle Shell","Replay:Mystery Machine","Odd Mushroom","Ancient Tea Set","hubris:Backtick","Shuriken","Regal Pillow","Boot","Tiny Chest"],"acts_visited":["Exordium","TheCity"],"potions_floor_usage":[25],"damage_taken":[{"damage":0.0,"enemies":"Jaw Worm","floor":1.0,"turns":4.0},{"damage":7.0,"enemies":"Replay:BlueRogue","floor":6.0,"turns":12.0},{"damage":1.0,"enemies":"Small Slimes","floor":7.0,"turns":3.0},{"damage":0.0,"enemies":"2 Louse","floor":8.0,"turns":3.0},{"damage":0.0,"enemies":"Looter","floor":10.0,"turns":4.0},{"damage":5.0,"enemies":"The Mushroom Lair","floor":13.0,"turns":3.0},{"damage":0.0,"enemies":"Exordium Wildlife","floor":14.0,"turns":2.0},{"damage":45.0,"enemies":"Slime Boss","floor":16.0,"turns":14.0},{"damage":22.0,"enemies":"Spheric Guardian","floor":18.0,"turns":8.0},{"damage":14.0,"enemies":"3 Byrds","floor":19.0,"turns":6.0},{"damage":25.0,"enemies":"3 Cultists","floor":20.0,"turns":6.0},{"damage":6.0,"enemies":"Centurion and Healer","floor":24.0,"turns":7.0},{"damage":9,"enemies":"Replay:Snechameleon","floor":25,"turns":12},{"damage":3,"enemies":"Snake Plant","floor":26,"turns":8},{"damage":8,"enemies":"Nightmare","floor":27,"turns":12},{"damage":32,"enemies":"Cultist and Chosen","floor":29,"turns":8}],"seed_played":"6954346080800522066","potions_obtained":[{"floor":6.0,"key":"Milkshake"},{"floor":7.0,"key":"bronze:BurnAndBuffPotion"},{"floor":18.0,"key":"Poison Potion"},{"floor":24.0,"key":"Flashbang"},{"floor":26,"key":"Elixir"}],"is_trial":false,"path_per_floor":["M","?","$","?","?","E","M","M","T","M","T","$","?","M","R","B",null,"M","M","M","?","PTL","PTL","M","E","M","NM","T","M"],"character_chosen":"THE_SILENT","items_purchased":["Apotheosis"],"campfire_rested":0,"item_purchase_floors":[12],"current_hp_per_floor":[70,70,70,59,43,39,44,48,48,52,52,52,56,60,60,19,70,48,37,23,23,23,23,22,16,15,13,13,0,0],"gold":404,"neow_bonus":"RANDOM_COLORLESS","is_daily":false,"chose_seed":false,"campfire_upgraded":0,"win_rate":0.0,"timestamp":1613540324,"path_taken":["M","?","$","?","?","E","M","M","T","M","?","$","?","?","R","BOSS","M","M","M","?","PTL","PTL","M","E","?","NM","T","M"],"items_purchased_type":["Card"],"build_version":"2020-12-22","purchased_purges":1,"victory":false,"max_hp_per_floor":[70,70,70,70,70,70,70,70,70,70,70,70,70,70,70,70,70,70,70,70,70,70,70,70,70,70,70,70,70,70],"card_choices":[{"not_picked":["ReplayTheSpireMod:Uncanny Aura","Replay:Bootleg Shield Generator"],"picked":"Dramatic Entrance","floor":0.0},{"not_picked":["Slice","Dagger Throw"],"picked":"Backflip","floor":1.0},{"not_picked":["infinitespire:Punishment","infinitespire:TheBestDefense"],"picked":"Replay:Fractal Strike","floor":5.0},{"not_picked":["Dodge and Roll","Deflect"],"picked":"Footwork","floor":6.0},{"not_picked":["Catalyst","Calculated Gamble","Predator"],"picked":"SKIP","floor":7.0},{"not_picked":["Hidden Blade","Bouncing Flask"],"picked":"Deflect","floor":8.0},{"not_picked":["Bouncing Flask","Replay:Poison Smokescreen"],"picked":"Blade Dance","floor":10.0},{"not_picked":["Slice","Dagger Spray"],"picked":"Hidden Blade","floor":14.0},{"not_picked":["Grand Finale","Bullet Time"],"picked":"Burst","floor":16.0},{"not_picked":["Acrobatics","Underhanded Strike+1","Flying Knee"],"picked":"SKIP","floor":18.0},{"not_picked":["Quick Slash","Flying Knee+1","Heel Hook"],"picked":"SKIP","floor":19.0},{"not_picked":["hubris:SlightOfHand","Fluid Movement"],"picked":"Prepared+1","floor":20.0},{"not_picked":["Catalyst+1","Replay:Bag of Tricks"],"picked":"Slice","floor":24.0},{"not_picked":["Prepared","Dagger Throw"],"picked":"Backflip","floor":25},{"not_picked":["Bane","ReplayTheSpireMod:Speed Training"],"picked":"PiercingWail","floor":26},{"not_picked":["Quick Slash","hubris:SlightOfHand","Bane"],"picked":"SKIP","floor":27}],"player_experience":436083,"relics_obtained":[{"floor":6.0,"key":"infinitespire:Beetle Shell"},{"floor":11.0,"key":"Replay:Mystery Machine"},{"floor":13.0,"key":"Odd Mushroom"},{"floor":15.0,"key":"Ancient Tea Set"},{"floor":25,"key":"Regal Pillow"},{"floor":27,"key":"Boot"},{"floor":28,"key":"Tiny Chest"}],"event_choices":[{"damage_healed":0.0,"max_hp_gain":0.0,"max_hp_loss":0.0,"gold_gain":0.0,"event_name":"Big Fish","player_choice":"Box","floor":2.0,"gold_loss":0.0,"damage_taken":0.0,"relics_obtained":["Vampiric Spirits"],"cards_obtained":["Regret"]},{"damage_healed":0.0,"max_hp_gain":0.0,"max_hp_loss":0.0,"gold_gain":75.0,"event_name":"World of Goop","player_choice":"Gather Gold","floor":4.0,"gold_loss":0.0,"damage_taken":11.0},{"damage_healed":0.0,"max_hp_gain":0.0,"max_hp_loss":0.0,"gold_gain":0.0,"event_name":"Mushrooms","player_choice":"Fought Mushrooms","floor":13.0,"gold_loss":0.0,"damage_taken":0.0},{"damage_healed":0.0,"max_hp_gain":0.0,"max_hp_loss":0.0,"gold_gain":100.0,"event_name":"Golden Shrine","player_choice":"Pray","floor":21.0,"gold_loss":0.0,"damage_taken":0.0}],"is_beta":false,"boss_relics":[{"not_picked":["ReplayTheSpireMod:SealedPack","Coffee Dripper"],"picked":"hubris:Backtick"}],"items_purged_floors":[3],"is_endless":false,"potions_floor_spawned":[6,7,18,20,24,26],"killed_by":"Cultist and Chosen","ascension_level":1}}