{"host":"4nqeo0vu1vuav7gg","time":1613583006,"event":{"mods":["AchievementEnabler","BaseMod","Block Reminder","Colored Map","Colored Powertips","Highlight Path","Minty Spire (QoL Compilation)","Quick Restart","Rare Cards Sparkle","Relic Relevance Reorder","StSLib"],"gold_per_floor":[119,119,129,146,221,221,277,289,301,313,342,385,397,442,454,545,557,587,599,630,226,226,226],"floor_reached":22,"language":"ENG","playtime":701,"items_purged":["Strike_B"],"score":384,"play_id":"4ade9dbd-2238-4d46-9920-66819cdd4ff0","local_time":"20210217183006","is_ascension_mode":true,"campfire_choices":[{"floor":6.0,"key":"REST"},{"floor":8.0,"key":"REST"},{"data":"Dualcast","floor":10.0,"key":"SMITH"},{"floor":13.0,"key":"REST"},{"floor":15.0,"key":"REST"}],"circlet_count":0,"master_deck":["AscendersBane","Strike_B","Strike_B","Defend_B","Defend_B","Defend_B","Defend_B","Zap+1","Dualcast+1","Sweeping Beam","Doom and Gloom","Ball Lightning","Streamline","Static Discharge","Creative AI","Sunder","Core Surge","Skim","Compile Driver","Storm+1"],"relics":["Cracked Core","Toy Ornithopter","Nuclear Battery","Frozen Egg 2","MawBank","Smiling Mask","Omamori"],"acts_visited":["Exordium","TheCity"],"potions_floor_usage":[],"damage_taken":[{"damage":4.0,"enemies":"Small Slimes","floor":1.0,"turns":3.0},{"damage":3.0,"enemies":"2 Louse","floor":3.0,"turns":2.0},{"damage":1.0,"enemies":"Cultist","floor":4.0,"turns":3.0},{"damage":34.0,"enemies":"Lagavulin Event","floor":7.0,"turns":5.0},{"damage":0.0,"enemies":"3 Louse","floor":11.0,"turns":1.0},{"damage":24.0,"enemies":"3 Sentries","floor":12.0,"turns":3.0},{"damage":30.0,"enemies":"Lagavulin","floor":14.0,"turns":5.0},{"damage":43.0,"enemies":"The Guardian","floor":16.0,"turns":8.0},{"damage":34.0,"enemies":"Shell Parasite","floor":18.0,"turns":6.0},{"damage":12,"enemies":"Chosen","floor":20,"turns":3},{"damage":24,"enemies":"Masked Bandits","floor":22,"turns":2}],"seed_played":"8970071419543986834","potions_obtained":[{"floor":1.0,"key":"BlessingOfTheForge"},{"floor":7.0,"key":"Strength Potion"},{"floor":14.0,"key":"Strength Potion"},{"floor":16.0,"key":"SneckoOil"}],"is_trial":false,"path_per_floor":["M","?","M","M","?","R","?","R","T","R","M","E","R","E","R","B",null,"M","?","M","$","?"],"character_chosen":"DEFECT","items_purchased":["Frozen Egg 2","Storm+1"],"campfire_rested":4,"item_purchase_floors":[21,21],"current_hp_per_floor":[60,60,57,56,45,66,32,53,53,53,53,29,50,20,41,3,54,25,25,13,13,0,0],"gold":226,"neow_bonus":"THREE_CARDS","is_daily":false,"chose_seed":false,"campfire_upgraded":1,"win_rate":0.0,"timestamp":1613583006,"path_taken":["M","?","M","M","?","R","?","R","T","R","M","E","R","E","R","BOSS","M","?","M","$","?"],"items_purchased_type":["Relic","Card"],"build_version":"2020-12-22","purchased_purges":1,"victory":false,"max_hp_per_floor":[71,71,71,71,71,71,71,71,71,71,71,71,71,71,71,71,71,71,71,71,71,71,71],"card_choices":[{"not_picked":["Turbo","Coolheaded"],"picked":"Sweeping Beam","floor":0.0},{"not_picked":["Turbo","Gash"],"picked":"Sweeping Beam","floor":1.0},{"not_picked":["Consume","Rebound"],"picked":"Doom and Gloom","floor":3.0},{"not_picked":["Redo","Streamline"],"picked":"Ball Lightning","floor":4.0},{"not_picked":["Stack","Barrage"],"picked":"Streamline","floor":11.0},{"not_picked":["Stack","Steam","Hello World"],"picked":"SKIP","floor":12.0},{"not_picked":["Cold Snap","Turbo"],"picked":"Static Discharge","floor":14.0},{"not_picked":["Reboot","All For One"],"picked":"Creative AI","floor":16.0},{"not_picked":["Coolheaded","Go for the Eyes"],"picked":"Sunder","floor":18.0},{"not_picked":["Hologram","Rip and Tear"],"picked":"Compile Driver","floor":20}],"player_experience":1103295,"relics_obtained":[{"floor":7.0,"key":"MawBank"},{"floor":9.0,"key":"Omamori"},{"floor":12.0,"key":"Toy Ornithopter"},{"floor":14.0,"key":"Smiling Mask"}],"event_choices":[{"damage_healed":0.0,"max_hp_gain":0.0,"max_hp_loss":0.0,"gold_gain":0.0,"event_name":"Living Wall","player_choice":"Grow","floor":2.0,"gold_loss":0.0,"damage_taken":0.0,"cards_upgraded":["Zap"]},{"damage_healed":0.0,"max_hp_gain":0.0,"max_hp_loss":0.0,"gold_gain":75.0,"event_name":"World of Goop","player_choice":"Gather Gold","floor":5.0,"gold_loss":0.0,"damage_taken":11.0},{"damage_healed":0.0,"max_hp_gain":0.0,"max_hp_loss":0.0,"gold_gain":0.0,"event_name":"Dead Adventurer","player_choice":"Searched \u00271\u0027 times","floor":7.0,"gold_loss":0.0,"damage_taken":0.0},{"damage_healed":0.0,"max_hp_gain":0.0,"max_hp_loss":0.0,"gold_gain":0.0,"cards_transformed":["Strike_B","Sweeping Beam"],"event_name":"Drug Dealer","player_choice":"Became Test Subject","floor":19.0,"gold_loss":0.0,"damage_taken":0.0,"cards_obtained":["Core Surge","Skim"]},{"damage_healed":0,"gold_gain":0,"player_choice":"Fought Bandits","damage_taken":0,"max_hp_gain":0,"max_hp_loss":0,"event_name":"Masked Bandits","floor":22,"gold_loss":0}],"is_beta":false,"boss_relics":[{"not_picked":["Tiny House","Calling Bell"],"picked":"Nuclear Battery"}],"items_purged_floors":[21],"is_endless":false,"potions_floor_spawned":[1,7,14,16],"killed_by":"Masked Bandits","ascension_level":20}}