{"host":"f8toxsj3bk02pkeu","time":1613560046,"event":{"mods":["BaseMod","Minty Spire (QoL Compilation)","Permanent Neow","Quick Restart","StSLib","SuperFastMode"],"gold_per_floor":[115,125,140,157,232,257,267,267,267,267,280,280,280,290,290,290,290],"floor_reached":16,"language":"ENG","playtime":431,"items_purged":[],"score":208,"play_id":"71dc0a59-07ba-475d-aeee-a1dcfd6acdb2","local_time":"20210217040726","is_ascension_mode":true,"campfire_choices":[{"data":"Bouncing Flask","floor":8,"key":"SMITH"},{"data":"Neutralize","floor":10,"key":"SMITH"},{"data":"Bane","floor":12,"key":"SMITH"},{"floor":15,"key":"RECALL"}],"circlet_count":0,"master_deck":["AscendersBane","Strike_G","Strike_G","Strike_G","Strike_G","Strike_G","Defend_G","Defend_G","Defend_G","Defend_G","Defend_G","Survivor","Neutralize+1","Blur","Bouncing Flask+1","Slice","Malaise","Bane+1"],"relics":["Ring of the Snake","Happy Flower","Smiling Mask","Boot"],"acts_visited":["Exordium"],"potions_floor_usage":[6,6,7],"damage_taken":[{"damage":5.0,"enemies":"Small Slimes","floor":1.0,"turns":4.0},{"damage":2.0,"enemies":"Jaw Worm","floor":2.0,"turns":8.0},{"damage":0.0,"enemies":"2 Louse","floor":3.0,"turns":4.0},{"damage":0.0,"enemies":"2 Fungi Beasts","floor":4.0,"turns":6.0},{"damage":5,"enemies":"Lagavulin","floor":6,"turns":8},{"damage":9,"enemies":"Exordium Wildlife","floor":7,"turns":4},{"damage":0,"enemies":"Blue Slaver","floor":11,"turns":5},{"damage":10,"enemies":"3 Louse","floor":14,"turns":4},{"damage":23,"enemies":"Slime Boss","floor":16,"turns":9}],"seed_played":"-1490275690809700436","potions_obtained":[{"floor":2.0,"key":"Fire Potion"},{"floor":3.0,"key":"Dexterity Potion"},{"floor":7,"key":"Fruit Juice"}],"is_trial":false,"path_per_floor":["M","M","M","M","?","E","M","R","T","R","M","R","?","M","R","B"],"character_chosen":"THE_SILENT","items_purchased":[],"campfire_rested":0,"item_purchase_floors":[],"current_hp_per_floor":[54,52,52,52,41,36,32,32,32,32,32,32,37,27,27,4,4],"gold":290,"neow_bonus":"RANDOM_COMMON_RELIC","is_daily":false,"chose_seed":false,"campfire_upgraded":3,"win_rate":0.0,"timestamp":1613560046,"path_taken":["M","M","M","M","?","E","M","R","T","R","M","R","?","M","R","BOSS"],"items_purchased_type":[],"build_version":"2020-12-22","purchased_purges":0,"victory":false,"max_hp_per_floor":[66,66,66,66,66,66,71,71,71,71,71,71,76,76,76,76,76],"card_choices":[{"not_picked":["Deadly Poison","Skewer"],"picked":"Blur","floor":1.0},{"not_picked":["Bane","Acrobatics"],"picked":"Bouncing Flask","floor":2.0},{"not_picked":["Riddle With Holes","Backstab"],"picked":"Slice","floor":3.0},{"not_picked":["Poisoned Stab","Calculated Gamble","Prepared"],"picked":"SKIP","floor":4.0},{"not_picked":["Quick Slash","Dash"],"picked":"Malaise","floor":6},{"not_picked":["Finisher","Flying Knee"],"picked":"Bane","floor":7},{"not_picked":["Outmaneuver","Setup","Underhanded Strike"],"picked":"SKIP","floor":11},{"not_picked":["Underhanded Strike","Acrobatics","Dash"],"picked":"SKIP","floor":14}],"player_experience":996557,"relics_obtained":[{"floor":6,"key":"Smiling Mask"},{"floor":9,"key":"Boot"}],"event_choices":[{"damage_healed":0.0,"max_hp_gain":0.0,"max_hp_loss":0.0,"gold_gain":75.0,"event_name":"World of Goop","player_choice":"Gather Gold","floor":5.0,"gold_loss":0.0,"damage_taken":11.0},{"damage_healed":0,"gold_gain":0,"player_choice":"Donut","damage_taken":0,"max_hp_gain":5,"max_hp_loss":0,"event_name":"Big Fish","floor":13,"gold_loss":0}],"is_beta":false,"boss_relics":[],"items_purged_floors":[],"is_endless":false,"potions_floor_spawned":[2,3,4,7],"killed_by":"Slime Boss","ascension_level":20}}