{"host":"c6u7e77myxvw4d0m","time":1613596812,"event":{"mods":["AchievementEnabler","BaseMod","Bestiary","Colored Map","Colored Powertips","Minty Spire (QoL Compilation)","Rare Cards Sparkle","Relic Stats","everything is the same but u backflip on backflip"],"gold_per_floor":[116,266,279,292,312,341,341,370,370,399,417,417,18,52,52,133,133,155,183,233,44,64,103,103,137,137,137,137,174,201,201,201,284,284,307,330,330,330,56,81,81,119,140,168,223,235,268,307,319,331,343],"floor_reached":52,"language":"ENG","playtime":5341,"items_purged":["Doubt"],"score":2390,"play_id":"96ef3712-d758-4c9a-b109-6be42caa780d","local_time":"20210217232012","is_ascension_mode":true,"campfire_choices":[{"data":"Blade Dance","floor":7.0,"key":"SMITH"},{"data":"Blade Dance","floor":12.0,"key":"SMITH"},{"data":"Cloak And Dagger","floor":15.0,"key":"SMITH"},{"floor":24.0,"key":"REST"},{"data":"Finisher","floor":27.0,"key":"SMITH"},{"floor":32.0,"key":"REST"},{"data":"Master of Strategy","floor":41.0,"key":"SMITH"},{"floor":46.0,"key":"RECALL"},{"data":"Prepared","floor":49.0,"key":"SMITH"}],"circlet_count":0,"master_deck":["AscendersBane","Strike_G+1","Strike_G+1","Strike_G+1","Defend_G+1","Defend_G+1","Defend_G+1","Defend_G+1","Defend_G+1","Survivor","Neutralize","Predator","Blade Dance+1","Backstab","Blade Dance+1","Glass Knife","Infinite Blades+1","Cloak And Dagger+1","Accuracy+1","Finisher+1","Footwork+1","After Image+1","Deflect","Slice+1","Master of Strategy+1","Deflect","Acrobatics","Infinite Blades+1","Malaise","Blur+1","After Image+1","Calculated Gamble","Blade Dance+1","Acrobatics","Flash of Steel","PiercingWail+1","Doubt","Calculated Gamble","PiercingWail","Prepared+1"],"relics":["Ring of the Snake","NeowsBlessing","Frozen Egg 2","Orichalcum","CeramicFish","PreservedInsect","Blue Candle","Empty Cage","Mummified Hand","MealTicket","Centennial Puzzle","Cursed Key","HandDrill","Mercury Hourglass","MawBank","Letter Opener","Incense Burner"],"acts_visited":["Exordium","TheCity","TheBeyond"],"potions_floor_usage":[],"damage_taken":[{"damage":0.0,"enemies":"Small Slimes","floor":1.0,"turns":1.0},{"damage":0.0,"enemies":"Cultist","floor":3.0,"turns":1.0},{"damage":0.0,"enemies":"2 Louse","floor":4.0,"turns":1.0},{"damage":1.0,"enemies":"Blue Slaver","floor":5.0,"turns":3.0},{"damage":0.0,"enemies":"Gremlin Nob","floor":6.0,"turns":2.0},{"damage":31.0,"enemies":"Lagavulin","floor":8.0,"turns":6.0},{"damage":5.0,"enemies":"Looter","floor":10.0,"turns":3.0},{"damage":0.0,"enemies":"2 Fungi Beasts","floor":11.0,"turns":3.0},{"damage":4.0,"enemies":"3 Sentries","floor":14.0,"turns":4.0},{"damage":0.0,"enemies":"Slime Boss","floor":16.0,"turns":4.0},{"damage":12.0,"enemies":"Shell Parasite","floor":18.0,"turns":4.0},{"damage":10.0,"enemies":"2 Thieves","floor":19.0,"turns":4.0},{"damage":17.0,"enemies":"Snecko","floor":22.0,"turns":5.0},{"damage":0.0,"enemies":"Slavers","floor":23.0,"turns":4.0},{"damage":1.0,"enemies":"Book of Stabbing","floor":25.0,"turns":3.0},{"damage":0.0,"enemies":"Slavers","floor":29.0,"turns":3.0},{"damage":5.0,"enemies":"Sentry and Sphere","floor":30.0,"turns":4.0},{"damage":29.0,"enemies":"Collector","floor":33.0,"turns":11.0},{"damage":0.0,"enemies":"Orb Walker","floor":35.0,"turns":3.0},{"damage":0.0,"enemies":"3 Darklings","floor":36.0,"turns":4.0},{"damage":0.0,"enemies":"Reptomancer","floor":40.0,"turns":4.0},{"damage":0.0,"enemies":"Nemesis","floor":42.0,"turns":5.0},{"damage":2.0,"enemies":"Writhing Mass","floor":44.0,"turns":5.0},{"damage":2.0,"enemies":"Giant Head","floor":45.0,"turns":5.0},{"damage":1.0,"enemies":"Spire Growth","floor":47.0,"turns":4.0},{"damage":0.0,"enemies":"3 Darklings","floor":48.0,"turns":4.0},{"damage":2.0,"enemies":"Donu and Deca","floor":50.0,"turns":7.0},{"damage":25,"enemies":"Awakened One","floor":51,"turns":13}],"seed_played":"4473927844506871108","potions_obtained":[{"floor":3.0,"key":"Dexterity Potion"},{"floor":5.0,"key":"FearPotion"},{"floor":8.0,"key":"GhostInAJar"},{"floor":16.0,"key":"FairyPotion"},{"floor":19.0,"key":"Fire Potion"},{"floor":23.0,"key":"ColorlessPotion"},{"floor":29.0,"key":"Fire Potion"},{"floor":40.0,"key":"GamblersBrew"},{"floor":44.0,"key":"SteroidPotion"},{"floor":47.0,"key":"BlessingOfTheForge"},{"floor":48.0,"key":"AttackPotion"}],"is_trial":false,"path_per_floor":["M","?","M","M","M","E","R","E","T","M","M","R","$","E","R","B",null,"M","M","?","$","M","E","R","E","T","R","?","E","M","?","R","B",null,"M","M","?","?","$","E","R","E","T","M","E","R","M","M","R","B","B",null],"character_chosen":"THE_SILENT","items_purchased":["PreservedInsect","Accuracy+1","Finisher","Master of Strategy","Deflect","Acrobatics","Flash of Steel","HandDrill"],"campfire_rested":2,"item_purchase_floors":[13,13,13,21,21,39,39,39],"current_hp_per_floor":[59,59,59,59,58,58,58,27,27,22,22,22,22,18,18,18,54,42,32,32,32,15,15,34,33,33,33,33,33,28,28,47,18,54,54,54,54,54,63,63,63,63,63,61,59,59,58,58,58,56,31],"gold":355,"neow_bonus":"THREE_ENEMY_KILL","is_daily":false,"chose_seed":false,"campfire_upgraded":6,"win_rate":0.0,"timestamp":1613596812,"path_taken":["M","?","M","M","M","E","R","E","T","M","M","R","$","E","R","BOSS","M","M","?","$","?","E","R","E","T","R","?","E","M","?","R","BOSS","M","M","?","?","$","E","R","E","T","?","E","R","M","M","R","BOSS","BOSS"],"items_purchased_type":["Relic","Card","Card","Card","Card","Card","Card","Relic"],"build_version":"2020-12-22","purchased_purges":1,"victory":true,"max_hp_per_floor":[66,66,66,66,66,66,66,66,66,66,66,66,66,66,66,66,66,66,66,66,66,66,66,66,66,66,66,66,66,66,66,66,66,66,66,66,63,63,63,63,63,63,63,63,63,63,63,63,63,63,63],"relic_stats":{"counters":[28,120],"CeramicFish":207,"Blue Candle":[7],"PreservedInsect":398,"Letter Opener":[145],"Orichalcum":[36],"Cursed Key":1,"MawBank":120,"Mercury Hourglass":[148],"Centennial Puzzle":[21],"Mummified Hand":[69],"MealTicket":9,"HandDrill":[48],"obtain_stats":[{"NeowsBlessing":0,"CeramicFish":9,"Blue Candle":14,"PreservedInsect":13,"Incense Burner":45,"Letter Opener":43,"Frozen Egg 2":6,"Orichalcum":8,"Empty Cage":17,"Cursed Key":34,"MawBank":42,"Mercury Hourglass":40,"Centennial Puzzle":29,"Mummified Hand":23,"MealTicket":25,"HandDrill":39,"Ring of the Snake":0},{"NeowsBlessing":0,"CeramicFish":6,"Blue Candle":9,"PreservedInsect":8,"Incense Burner":24,"Letter Opener":22,"Frozen Egg 2":5,"Orichalcum":6,"Empty Cage":10,"Cursed Key":18,"MawBank":22,"Mercury Hourglass":21,"Centennial Puzzle":16,"Mummified Hand":14,"MealTicket":15,"HandDrill":20,"Ring of the Snake":0},{"NeowsBlessing":0,"CeramicFish":14,"Blue Candle":24,"PreservedInsect":20,"Incense Burner":92,"Letter Opener":82,"Frozen Egg 2":8,"Orichalcum":14,"Empty Cage":28,"Cursed Key":66,"MawBank":82,"Mercury Hourglass":77,"Centennial Puzzle":51,"Mummified Hand":45,"MealTicket":48,"HandDrill":73,"Ring of the Snake":0}],"Ring of the Snake":[56]},"card_choices":[{"not_picked":["Blade Dance","Expertise"],"picked":"Predator","floor":1.0},{"not_picked":["Skewer","Outmaneuver"],"picked":"Blade Dance","floor":3.0},{"not_picked":["Deadly Poison","Flechettes"],"picked":"Backstab","floor":4.0},{"not_picked":["Underhanded Strike","Deadly Poison"],"picked":"Blade Dance","floor":5.0},{"not_picked":["Reflex","Catalyst"],"picked":"Glass Knife","floor":6.0},{"not_picked":["Reflex","Dagger Throw"],"picked":"Infinite Blades+1","floor":8.0},{"not_picked":["Blade Dance","Sucker Punch"],"picked":"Cloak And Dagger","floor":10.0},{"not_picked":["Backflip","Concentrate","Bouncing Flask"],"picked":"SKIP","floor":11.0},{"not_picked":["Deflect","Blade Dance"],"picked":"Footwork+1","floor":14.0},{"not_picked":["Die Die Die","Tools of the Trade+1"],"picked":"After Image+1","floor":16.0},{"not_picked":["Predator","Heel Hook"],"picked":"Deflect","floor":18.0},{"not_picked":["Acrobatics","Quick Slash"],"picked":"Slice+1","floor":19.0},{"not_picked":["Outmaneuver+1","Distraction"],"picked":"Acrobatics","floor":22.0},{"not_picked":["Deflect","Bane"],"picked":"Infinite Blades+1","floor":23.0},{"not_picked":["Quick Slash","Outmaneuver","Reflex"],"picked":"SKIP","floor":25.0},{"not_picked":["Distraction","Dagger Throw"],"picked":"Malaise","floor":29.0},{"not_picked":["Choke","Blade Dance"],"picked":"Blur+1","floor":30.0},{"not_picked":["Phantasmal Killer","Night Terror"],"picked":"After Image+1","floor":33.0},{"not_picked":["Finisher+1","Skewer"],"picked":"Calculated Gamble","floor":35.0},{"not_picked":["Noxious Fumes+1","Dagger Spray"],"picked":"Blade Dance+1","floor":36.0},{"not_picked":["Die Die Die","Poisoned Stab","Bane"],"picked":"SKIP","floor":40.0},{"not_picked":["Choke","Quick Slash"],"picked":"PiercingWail+1","floor":42.0},{"not_picked":["Sucker Punch","Masterful Stab","Flechettes"],"picked":"SKIP","floor":44.0},{"not_picked":["Poisoned Stab","Masterful Stab"],"picked":"Calculated Gamble","floor":45.0},{"not_picked":["Heel Hook","Backflip"],"picked":"PiercingWail","floor":47.0},{"not_picked":["Poisoned Stab","Backstab"],"picked":"Prepared","floor":48.0}],"player_experience":831074,"relics_obtained":[{"floor":6.0,"key":"Frozen Egg 2"},{"floor":8.0,"key":"Orichalcum"},{"floor":9.0,"key":"CeramicFish"},{"floor":14.0,"key":"Blue Candle"},{"floor":23.0,"key":"Mummified Hand"},{"floor":25.0,"key":"MealTicket"},{"floor":29.0,"key":"Centennial Puzzle"},{"floor":40.0,"key":"Mercury Hourglass"},{"floor":42.0,"key":"MawBank"},{"floor":43.0,"key":"Letter Opener"},{"floor":45.0,"key":"Incense Burner"}],"event_choices":[{"damage_healed":0.0,"max_hp_gain":0.0,"max_hp_loss":0.0,"gold_gain":150.0,"event_name":"Liars Game","player_choice":"AGREE","floor":2.0,"gold_loss":0.0,"damage_taken":0.0,"cards_obtained":["Doubt"]},{"damage_healed":0.0,"max_hp_gain":0.0,"max_hp_loss":0.0,"gold_gain":100.0,"event_name":"The Joust","player_choice":"Bet on Murderer","floor":20.0,"gold_loss":50.0,"damage_taken":0.0},{"damage_healed":0.0,"max_hp_gain":0.0,"max_hp_loss":0.0,"gold_gain":0.0,"event_name":"Cursed Tome","player_choice":"Ignored","floor":28.0,"gold_loss":0.0,"damage_taken":0.0},{"damage_healed":0.0,"max_hp_gain":0.0,"max_hp_loss":0.0,"gold_gain":0.0,"event_name":"Back to Basics","player_choice":"Simplicity","floor":31.0,"gold_loss":0.0,"damage_taken":0.0,"cards_upgraded":["Strike_G","Strike_G","Strike_G","Defend_G","Defend_G","Defend_G","Defend_G","Defend_G"]},{"damage_healed":0.0,"max_hp_gain":0.0,"max_hp_loss":3.0,"gold_gain":0.0,"event_name":"Winding Halls","player_choice":"Max HP","floor":37.0,"gold_loss":0.0,"damage_taken":0.0},{"damage_healed":0.0,"max_hp_gain":0.0,"max_hp_loss":0.0,"gold_gain":0.0,"event_name":"SecretPortal","player_choice":"Ignored","floor":38.0,"gold_loss":0.0,"damage_taken":0.0}],"is_beta":false,"boss_relics":[{"not_picked":["Ectoplasm","Velvet Choker"],"picked":"Empty Cage"},{"not_picked":["Ring of the Serpent","Black Star"],"picked":"Cursed Key"}],"items_purged_floors":[13],"is_endless":false,"potions_floor_spawned":[3,5,8,11,16,19,23,29,40,44,47,48],"ascension_level":20}}