{"host":"j8x383u4ey4fpdv7","time":1613589218,"event":{"mods":["Act Like it!","BaseMod","BetterRewards","CapriCore","Colored Map","Colored Powertips","Hubris","Infinite Spire","Minty Spire (QoL Compilation)","Rare Cards Sparkle","Replay The Spire","Spicy Shops","StSLib","The Marked","Yuri Mod"],"gold_per_floor":[112,123,138,138,149,175,175,195,244,264,277,291,291,291,291],"floor_reached":14,"language":"ENG","playtime":545,"items_purged":[],"score":96,"play_id":"03643580-c458-401c-9797-b25eddedef66","local_time":"20210217111338","is_ascension_mode":false,"campfire_choices":[{"floor":7,"key":"REST"}],"circlet_count":0,"master_deck":["theMarked:Strike","theMarked:Strike","theMarked:Strike","theMarked:Strike","theMarked:Strike","theMarked:Defend","theMarked:Defend","theMarked:Defend","theMarked:Defend","theMarked:SoldierOfQuellstein","theMarked:BanishingStrike","theMarked:ChainLightning","theMarked:Static","theMarked:ParalyzingBlade","Pot Of Greed","Pot Of Greed","theMarked:Memento","theMarked:Parry","theMarked:SwordAndMagic","theMarked:RogueSparks","theMarked:ContemptForTheProud"],"relics":["theMarked:ArtifactOfAir","NeowsBlessing","infinitespire:Broken Mirror","Grinning Jar"],"acts_visited":["Exordium"],"potions_floor_usage":[6,6],"damage_taken":[{"damage":0,"enemies":"Small Slimes","floor":1,"turns":1},{"damage":0,"enemies":"2 Louse","floor":2,"turns":1},{"damage":0,"enemies":"Cultist","floor":3,"turns":1},{"damage":24,"enemies":"Exordium Thugs","floor":5,"turns":5},{"damage":14,"enemies":"Gremlin Nob","floor":6,"turns":4},{"damage":15,"enemies":"Exordium Wildlife","floor":8,"turns":4},{"damage":4,"enemies":"Red Slaver","floor":10,"turns":4},{"damage":10,"enemies":"Gremlin Gang","floor":11,"turns":4},{"damage":10,"enemies":"Looter","floor":12,"turns":2},{"damage":15,"enemies":"Lagavulin","floor":14,"turns":3}],"seed_played":"6539958850287739514","potions_obtained":[{"floor":1,"key":"Weak Potion"},{"floor":3,"key":"SkillPotion"},{"floor":5,"key":"SteroidPotion"},{"floor":10,"key":"ColorlessPotion"}],"is_trial":false,"path_per_floor":["M","M","M","?","M","E","R","M","T","M","M","M","?","E"],"character_chosen":"THE_DEFAULT","items_purchased":[],"campfire_rested":1,"item_purchase_floors":[],"current_hp_per_floor":[72,72,72,65,41,27,48,33,33,29,19,9,9,0,0],"gold":291,"neow_bonus":"THREE_ENEMY_KILL","is_daily":false,"chose_seed":false,"campfire_upgraded":0,"win_rate":0.0,"timestamp":1613589218,"path_taken":["M","M","M","?","M","E","R","M","T","M","M","M","?","E"],"items_purchased_type":[],"build_version":"2020-12-22","purchased_purges":0,"victory":false,"max_hp_per_floor":[72,72,72,72,72,72,72,72,72,72,72,72,72,72,72],"card_choices":[{"not_picked":["theMarked:Aftermath","theMarked:Parry"],"picked":"theMarked:BanishingStrike","floor":1},{"not_picked":["theMarked:HeightenedSenses","theMarked:Standoff"],"picked":"theMarked:ChainLightning","floor":2},{"not_picked":["theMarked:Improvise","theMarked:TakeCover"],"picked":"theMarked:Static","floor":3},{"not_picked":["theMarked:BanishingStrike","theMarked:EmpowerWeapon"],"picked":"theMarked:ParalyzingBlade","floor":5},{"not_picked":["theMarked:Overcharge","theMarked:WastefulAttack"],"picked":"theMarked:Memento","floor":6},{"not_picked":["theMarked:Frustration","theMarked:SelfDefenseTraining"],"picked":"theMarked:Parry","floor":8},{"not_picked":["theMarked:Convert","theMarked:Improvise"],"picked":"theMarked:SwordAndMagic","floor":10},{"not_picked":["theMarked:WastefulAttack","theMarked:Reabsorb"],"picked":"theMarked:RogueSparks","floor":11},{"not_picked":["theMarked:Parkour","theMarked:ChainLightning"],"picked":"theMarked:ContemptForTheProud","floor":12}],"player_experience":57600,"relics_obtained":[{"floor":6,"key":"Grinning Jar"}],"event_choices":[{"damage_healed":0,"gold_gain":0,"player_choice":"Success","damage_taken":7,"relics_obtained":["infinitespire:Broken Mirror"],"max_hp_gain":0,"max_hp_loss":0,"event_name":"Scrap Ooze","floor":4,"gold_loss":0},{"damage_healed":0,"gold_gain":0,"player_choice":"Bought 0 Potions","damage_taken":0,"max_hp_gain":0,"max_hp_loss":0,"event_name":"The Woman in Blue","floor":13,"gold_loss":0}],"is_beta":false,"boss_relics":[],"items_purged_floors":[],"is_endless":false,"potions_floor_spawned":[1,3,5,10],"killed_by":"Lagavulin","ascension_level":0}}