{"host":"0k7350af1t8odskw","time":1613525945,"event":{"mods":["AchievementEnabler","BaseMod","Better Vampires","BetterRewards","Colored Map","Downfall","Highlight Path","Hubris","Lobotomy","Marisa£®ÏF”Í°°ƒß¿Ì…≥£©","Minty Spire (QoL Compilation)","Quick Restart","Replay The Spire","Shop Mod","StSLib","The Administrix","The Death Knight","The Runesmith","Youmu£®ªÍ∆«—˝√Œ£©"],"gold_per_floor":[111,129,129,129,145,178,178,178,178],"floor_reached":8,"language":"ZHS","playtime":276,"items_purged":[],"score":64,"play_id":"0ccbf282-958d-41fb-b88f-307d2eb53b48","local_time":"20210216173905","is_ascension_mode":true,"campfire_choices":[{"floor":7,"key":"REST"}],"circlet_count":0,"master_deck":["Strike_G","Strike_G","Strike_G+1","Strike_G","Strike_G","Defend_G","Defend_G+1","Defend_G","Defend_G","Defend_G","Survivor","Neutralize","Replay:Poison Smokescreen","Dash","Sucker Punch","Crippling Poison","CurseOfTheBell","CurseOfTheBell","Quick Slash"],"relics":["Ring of the Snake","BargainBundle","Replay:Mystery Machine","Potion Belt","Peace Pipe","hubris:Towel","downfall:ExtraCursedBell","Art of War","InkBottle","Runesmith:Locket","Simple Rune"],"acts_visited":["Exordium"],"potions_floor_usage":[6],"damage_taken":[{"damage":1,"enemies":"2 Louse","floor":1,"turns":2},{"damage":3,"enemies":"Jaw Worm","floor":2,"turns":3},{"damage":7,"enemies":"Small Slimes","floor":5,"turns":3},{"damage":16,"enemies":"Lagavulin","floor":6,"turns":8},{"damage":0,"enemies":"Replay:BlueRogue","floor":8,"turns":1}],"seed_played":"5436465726589047937","potions_obtained":[{"floor":2,"key":"Adrenaline Potion"}],"is_trial":false,"path_per_floor":["M","M","?","?","M","E","R","E"],"character_chosen":"THE_SILENT","items_purchased":["BargainBundle","Replay:Mystery Machine","Potion Belt","Replay:Poison Smokescreen","Dash"],"campfire_rested":1,"item_purchase_floors":[0,0,0,0,0],"current_hp_per_floor":[43,40,40,40,33,17,38,38,38],"gold":178,"neow_bonus":"","is_daily":false,"chose_seed":false,"campfire_upgraded":0,"win_rate":0.0,"timestamp":1613525945,"path_taken":["M","M","?","?","M","E","R","E"],"items_purchased_type":["Relic","Relic","Relic","Card","Card"],"build_version":"2020-12-22","purchased_purges":0,"victory":false,"max_hp_per_floor":[70,70,70,70,70,70,70,70,70],"card_choices":[{"not_picked":["Hidden Blade","Underhanded Strike"],"picked":"Sucker Punch","floor":1},{"not_picked":["Blur","hubris:TrickCloak"],"picked":"Crippling Poison","floor":2},{"not_picked":["Prepared","Sucker Punch"],"picked":"Quick Slash","floor":5},{"not_picked":["Outmaneuver","hubris:Counter","Calculated Gamble"],"picked":"SKIP","floor":6}],"player_experience":171637,"relics_obtained":[{"floor":4,"key":"Art of War"},{"floor":4,"key":"InkBottle"},{"floor":4,"key":"Runesmith:Locket"},{"floor":6,"key":"Simple Rune"}],"event_choices":[],"is_beta":false,"boss_relics":[],"items_purged_floors":[],"is_endless":false,"potions_floor_spawned":[2,6],"killed_by":"Replay:BlueRogue","ascension_level":3}}