{"host":"q57ekfojy3i00x9o","time":1613573630,"event":{"mods":["Act Like it!","Arknights","Aspiration","BaseMod","Colored Map","Energized Spire","Hermit","Minty Spire (QoL Compilation)","Quick Restart","Spicy Shops","Spikes Relics","StSLib","slay the spire mod where everything is the same but ironclad has a cowboy hat"],"gold_per_floor":[109,124,299,249,249,249,292,28,98,98,139,152,152,0,0,95,95,116,116,149,149,24,57,57,156,209,209,209,224,237,7,7,100,100,116,137,137,151,151,151,189,189,269,292,325,340,340,15,15,15],"floor_reached":51,"language":"RUS","playtime":1148,"items_purged":["ats:Strike C"],"score":1322,"play_id":"1dd0ab61-691f-4274-9037-f88d09b08bd2","local_time":"20210217195350","is_ascension_mode":true,"campfire_choices":[{"data":"ats:Poison Spread","floor":6.0,"key":"SMITH"},{"data":"Panacea","floor":10.0,"key":"SMITH"},{"data":"ats:Nebulous Foxfire","floor":15.0,"key":"SMITH"},{"data":"ats:Ambush","floor":24.0,"key":"SMITH"},{"data":"ats:Flexible Camouflage","floor":27.0,"key":"SMITH"},{"data":"ats:Flexible Camouflage","floor":32.0,"key":"SMITH"},{"data":"ats:Echo Reverb","floor":40.0,"key":"SMITH"},{"data":"ats:Overload","floor":42.0,"key":"SMITH"},{"data":"Magnetism","floor":49,"key":"SMITH"}],"circlet_count":0,"master_deck":["AscendersBane","ats:Strike G","ats:Strike S","ats:Strike V","ats:Armor Crushing Shot","ats:Defend","ats:Defend","ats:Defend","ats:Defend","ats:Emotion Absorption","ats:Poison Spread+1","ats:Closed Bolt Burst Fire","ats:Cat Scratch","Panacea+1","ats:Thermite Blade","ats:Magnetic Hammer","ats:Flexible Camouflage+1","ats:Consecutive Shot Auto","ats:Nebulous Foxfire+1","ats:Ambush+1","ats:Neurotoxin","ats:Hammer On","ats:Sashimi Platter","ats:Flexible Camouflage+1","ats:Chain Hook","ats:Red Shift","Panacea+1","ats:Leaping Hammer","ats:Overload+1","ats:Echo Reverb+1","ats:Flexible Camouflage+1","ats:Apocalypse+1","ats:Explosion Area Strengthen+1","ats:Explosion Area Strengthen+1","ats:Assault Order+1","ats:Explosion Area Strengthen+1","Thinking Ahead","ats:Consecutive Shot Auto","Magnetism+1"],"relics":["ats:Sanity","NeowsBlessing","Golden Idol","ats:Originium","Thread and Needle","GiantMaggot","InkBottle","SacredBark","Omamori","SnailShell","Vajra","Cursed Key","White Beast Statue","Eternal Feather","Rawhide","Smiling Mask","Membership Card","aspiration:Nostalgia","hermit:Momento"],"acts_visited":["Exordium","TheCity","TheBeyond"],"potions_floor_usage":[44,45,46,50,50],"damage_taken":[{"damage":0.0,"enemies":"Cultist","floor":1.0,"turns":1.0},{"damage":0.0,"enemies":"Jaw Worm","floor":2.0,"turns":1.0},{"damage":0.0,"enemies":"Lagavulin","floor":7.0,"turns":1.0},{"damage":24.0,"enemies":"3 Sentries","floor":11.0,"turns":6.0},{"damage":0.0,"enemies":"2 Louse","floor":12.0,"turns":2.0},{"damage":9.0,"enemies":"Slime Boss","floor":16.0,"turns":8.0},{"damage":4.0,"enemies":"Chosen","floor":18.0,"turns":3.0},{"damage":13.0,"enemies":"2 Thieves","floor":20.0,"turns":4.0},{"damage":5.0,"enemies":"Slavers","floor":23.0,"turns":5.0},{"damage":9.0,"enemies":"Snecko","floor":29.0,"turns":5.0},{"damage":0.0,"enemies":"Centurion and Healer","floor":30.0,"turns":4.0},{"damage":2.0,"enemies":"Automaton","floor":33.0,"turns":8.0},{"damage":5.0,"enemies":"Orb Walker","floor":35.0,"turns":3.0},{"damage":1.0,"enemies":"3 Darklings","floor":36.0,"turns":4.0},{"damage":0.0,"enemies":"Spire Growth","floor":38.0,"turns":4.0},{"damage":10.0,"enemies":"Reptomancer","floor":41.0,"turns":5.0},{"damage":0,"enemies":"Maw","floor":44,"turns":5},{"damage":6,"enemies":"Nemesis","floor":45,"turns":7},{"damage":0,"enemies":"Jaw Worm Horde","floor":46,"turns":3},{"damage":55,"enemies":"Donu and Deca","floor":50,"turns":6}],"seed_played":"7411507857071727248","potions_obtained":[{"floor":7.0,"key":"SneckoOil"},{"floor":11.0,"key":"Swift Potion"},{"floor":12.0,"key":"Block Potion"},{"floor":18.0,"key":"ColorlessPotion"},{"floor":23.0,"key":"SkillPotion"},{"floor":29.0,"key":"EntropicBrew"},{"floor":35.0,"key":"EssenceOfSteel"},{"floor":38.0,"key":"Block Potion"},{"floor":41.0,"key":"PowerPotion"},{"floor":44,"key":"Dexterity Potion"},{"floor":45,"key":"LiquidMemories"},{"floor":46,"key":"ats:Flame Arts Potion"}],"is_trial":false,"path_per_floor":["M","M","?","?","?","R","E","$","T","R","E","M","$","$","R","B",null,"M","?","M","?","$","E","R","?","T","R","?","M","M","$","R","B",null,"M","M","T","M","?","R","E","R","T","M","E","M","?","$","R","B",null],"character_chosen":"DOCTOR_CLASS","items_purchased":["Panacea","ats:Thermite Blade","ats:Magnetic Hammer","ats:Nebulous Foxfire","ats:Flexible Camouflage","ats:Chain Hook","Vajra","Membership Card","ats:Consecutive Shot Auto","Magnetism","aspiration:Nostalgia"],"campfire_rested":0,"item_purchase_floors":[8,8,8,14,22,22,31,48,48,48,48],"current_hp_per_floor":[65,65,65,65,65,65,65,65,65,65,41,41,41,41,41,51,63,66,66,57,57,57,62,62,62,62,62,62,59,67,67,67,67,67,62,61,61,67,64,64,64,64,64,64,61,61,61,61,64,19],"gold":15,"neow_bonus":"THREE_ENEMY_KILL","is_daily":false,"chose_seed":false,"campfire_upgraded":9,"win_rate":0.0,"timestamp":1613573630,"path_taken":["M","?","?","?","?","R","E","?","T","R","E","?","?","$","R","BOSS","M","?","M","?","$","E","R","?","T","R","?","M","M","$","R","BOSS","M","?","?","M","?","R","E","R","T","M","E","M","?","$","R","BOSS"],"items_purchased_type":["Card","Card","Card","Card","Card","Card","Relic","Relic","Card","Card","Relic"],"build_version":"2020-12-22","purchased_purges":1,"victory":true,"max_hp_per_floor":[72,72,72,72,67,67,67,67,67,67,67,67,67,67,67,67,67,67,67,67,67,67,67,67,67,67,67,67,67,67,67,67,67,67,67,67,67,67,64,64,64,64,64,64,64,64,64,64,64,64],"card_choices":[{"not_picked":["ats:Guard Mode","ats:Soul Absorption"],"picked":"ats:Poison Spread","floor":1.0},{"not_picked":["ats:Explosion Area Strengthen","ats:Cat Scratch"],"picked":"ats:Closed Bolt Burst Fire","floor":2.0},{"not_picked":["ats:Charging Defense","ats:Blood Oath"],"picked":"ats:Cat Scratch","floor":7.0},{"not_picked":["ats:Literary Storm","ats:Revitalization"],"picked":"ats:Flexible Camouflage","floor":11.0},{"not_picked":["ats:Ignite","ats:Cat Scratch"],"picked":"ats:Consecutive Shot Auto","floor":12.0},{"not_picked":["ats:Calcification","ats:True Silver Slash"],"picked":"ats:Ambush","floor":16.0},{"not_picked":["ats:Flame Of Heaven","ats:Defend Order"],"picked":"ats:Neurotoxin","floor":18.0},{"not_picked":["ats:Guard Mode","ats:Support Order"],"picked":"ats:Hammer On","floor":20.0},{"not_picked":["ats:Guard Mode","ats:Shell Defense"],"picked":"ats:Red Shift","floor":23.0},{"not_picked":["ats:Healing Strengthening","ats:Assault Order"],"picked":"ats:Leaping Hammer","floor":29.0},{"not_picked":["ats:Curse Doll","ats:Spore Proliferation"],"picked":"ats:Overload","floor":30.0},{"not_picked":["ats:Dogmatic Field","ats:Wolf Pack"],"picked":"ats:Echo Reverb","floor":33.0},{"not_picked":["ats:Leaping Hammer","ats:Shell Defense"],"picked":"ats:Flexible Camouflage+1","floor":35.0},{"not_picked":["ats:Closed Bolt Burst Fire+1","ats:Revitalization"],"picked":"ats:Apocalypse+1","floor":36.0},{"not_picked":["ats:Rapid Magazine+1","ats:Blood Oath"],"picked":"ats:Explosion Area Strengthen+1","floor":38.0},{"not_picked":["ats:Revitalization","ats:Demon Strength+1"],"picked":"ats:Explosion Area Strengthen+1","floor":41.0},{"not_picked":["ats:Guard Mode","ats:Phantom","ats:Soul Rend"],"picked":"SKIP","floor":44},{"not_picked":["ats:Very Hot Blade","ats:Encircling Forest"],"picked":"ats:Assault Order+1","floor":45},{"not_picked":["ats:Guard Mode","ats:Soul Absorption"],"picked":"ats:Explosion Area Strengthen+1","floor":46},{"not_picked":["Finesse","Impatience"],"picked":"Thinking Ahead","floor":47}],"player_experience":777174,"relics_obtained":[{"floor":7.0,"key":"ats:Originium"},{"floor":7.0,"key":"Thread and Needle"},{"floor":9.0,"key":"GiantMaggot"},{"floor":11.0,"key":"ats:Originium"},{"floor":11.0,"key":"InkBottle"},{"floor":23.0,"key":"ats:Originium"},{"floor":23.0,"key":"Omamori"},{"floor":26.0,"key":"SnailShell"},{"floor":37.0,"key":"White Beast Statue"},{"floor":41.0,"key":"ats:Originium"},{"floor":41.0,"key":"Eternal Feather"},{"floor":43.0,"key":"Rawhide"},{"floor":45,"key":"Smiling Mask"}],"event_choices":[{"damage_healed":0.0,"max_hp_gain":0.0,"max_hp_loss":0.0,"gold_gain":175.0,"event_name":"Liars Game","player_choice":"AGREE","floor":3.0,"gold_loss":0.0,"damage_taken":0.0,"cards_obtained":["Doubt"]},{"cards_removed":["Doubt"],"damage_healed":0.0,"max_hp_gain":0.0,"max_hp_loss":0.0,"gold_gain":0.0,"event_name":"The Cleric","player_choice":"Card Removal","floor":4.0,"gold_loss":50.0,"damage_taken":0.0},{"damage_healed":0.0,"max_hp_gain":0.0,"max_hp_loss":5.0,"gold_gain":0.0,"event_name":"Golden Idol","player_choice":"Lose Max HP","floor":5.0,"gold_loss":0.0,"damage_taken":0.0,"relics_obtained":["Golden Idol"]},{"damage_healed":0.0,"max_hp_gain":0.0,"max_hp_loss":0.0,"gold_gain":0.0,"event_name":"Beggar","player_choice":"Ignored","floor":19.0,"gold_loss":0.0,"damage_taken":0.0},{"damage_healed":0.0,"max_hp_gain":0.0,"max_hp_loss":0.0,"gold_gain":0.0,"event_name":"The Library","player_choice":"Read","floor":21.0,"gold_loss":0.0,"damage_taken":0.0,"cards_obtained":["ats:Sashimi Platter"]},{"damage_healed":0.0,"max_hp_gain":0.0,"max_hp_loss":0.0,"gold_gain":99.0,"event_name":"Nest","player_choice":"Stole From Cult","floor":25.0,"gold_loss":0.0,"damage_taken":0.0},{"damage_healed":0.0,"max_hp_gain":0.0,"max_hp_loss":0.0,"gold_gain":0.0,"event_name":"Duplicator","player_choice":"Copied","floor":28.0,"gold_loss":0.0,"damage_taken":0.0,"cards_obtained":["Panacea"]},{"damage_healed":0.0,"max_hp_gain":0.0,"max_hp_loss":3.0,"gold_gain":0.0,"event_name":"Winding Halls","player_choice":"Max HP","floor":39.0,"gold_loss":0.0,"damage_taken":0.0},{"damage_healed":0,"gold_gain":0,"player_choice":"Memory 1","damage_taken":0,"max_hp_gain":0,"max_hp_loss":0,"event_name":"SensoryStone","floor":47,"gold_loss":0}],"is_beta":false,"boss_relics":[{"not_picked":["energizedSpire:SpiderWeb","aspiration:IroncladSkillbook"],"picked":"SacredBark"},{"not_picked":["aspiration:FutureDiary","ats:Sanity Plus"],"picked":"Cursed Key"}],"items_purged_floors":[31],"is_endless":false,"potions_floor_spawned":[7,11,12,18,23,29,35,38,41,44,45,46],"ascension_level":14}}