{"host":"iodx9wtiy6cq33np","time":1613541592,"event":{"mods":["2.2 Compatiblity","Act Like it!","BaseMod","Colored Map","DeckTracker","Keyboard Shortcuts","Minty Spire (QoL Compilation)","Permanent Neow","Quick Restart","Rare Cards Sparkle","StSLib","SuperFastMode","The Dragon Tamer"],"gold_per_floor":[117,117,117,137,312,312,327,327,327,327,327,20,20,61,61,182,182,198,123,23,23,56,56,70,104,104,104,128,162,162,81,81,207,207,222,242,59,78,91,131,156,156,156,176,216,549,578,596,596,596],"floor_reached":51,"language":"KOR","playtime":1456,"items_purged":["Doubt","DTMod:Strike"],"score":963,"play_id":"0be182f5-bfc4-4a6c-9c04-fe540f33f91e","local_time":"20210217145952","is_ascension_mode":true,"metric_token":863,"campfire_choices":[{"data":"DTMod:SwitchingTactic","floor":6.0,"key":"SMITH"},{"data":"DTMod:BlazingStrike","floor":8.0,"key":"SMITH"},{"data":"DTMod:BlazingStrike","floor":10.0,"key":"SMITH"},{"data":"DTMod:HeatWave","floor":15.0,"key":"SMITH"},{"data":"DTMod:Prediction","floor":23.0,"key":"SMITH"},{"data":"DTMod:DarkBreath","floor":27.0,"key":"SMITH"},{"data":"DTMod:HeadStart","floor":30.0,"key":"SMITH"},{"data":"DTMod:Dissolve","floor":32.0,"key":"SMITH"},{"data":"DTMod:CleansingStrike","floor":49,"key":"SMITH"}],"dtmod_dragon_data":[34,50,1,1,8,8],"circlet_count":0,"master_deck":["DTMod:Strike","DTMod:DoubleHit","DTMod:TargetDefense","DTMod:TargetDefense+1","DTMod:TargetDefense+1","DTMod:SwitchingTactic+1","DTMod:BlazingStrike+1","DTMod:HeatWave+1","DTMod:BlazingStrike+1","Flash of Steel","DTMod:TauntingStrike","DTMod:HeadStart+1","DTMod:Prediction+1","DTMod:DarkBreath+1","DTMod:CleansingStrike+1","DTMod:Dissolve+1","DTMod:Cover+1","DTMod:CleansingStrike+1","DTMod:RunningTactic","DTMod:FierySynthesis","DTMod:QuickFly","DTMod:BurningEnergy+1"],"relics":["DTMod:MagicStone","DTMod:SolidMemories","White Beast Statue","Kunai","Shuriken","Omamori","Eternal Feather","Busted Crown","Red Mask","Blood Vial","Question Card","Vajra","War Paint","Sundial","Happy Flower","Orichalcum"],"acts_visited":["Exordium","TheCity","TheBeyond"],"potions_floor_usage":[48],"damage_taken":[{"damage":0.0,"enemies":"Cultist","floor":1.0,"turns":3.0},{"damage":0.0,"enemies":"Small Slimes","floor":4.0,"turns":2.0},{"damage":0.0,"enemies":"2 Louse","floor":7.0,"turns":3.0},{"damage":24.0,"enemies":"Lagavulin","floor":14.0,"turns":5.0},{"damage":14.0,"enemies":"Hexaghost","floor":16.0,"turns":9.0},{"damage":0.0,"enemies":"Spheric Guardian","floor":18.0,"turns":2.0},{"damage":2.0,"enemies":"Masked Bandits","floor":22.0,"turns":3.0},{"damage":0.0,"enemies":"Chosen","floor":24.0,"turns":2.0},{"damage":5.0,"enemies":"Slavers","floor":25.0,"turns":4.0},{"damage":0.0,"enemies":"3 Cultists","floor":28.0,"turns":4.0},{"damage":0.0,"enemies":"Book of Stabbing","floor":29.0,"turns":3.0},{"damage":3.0,"enemies":"Champ","floor":33.0,"turns":7.0},{"damage":0.0,"enemies":"3 Darklings","floor":35.0,"turns":5.0},{"damage":0.0,"enemies":"Orb Walker","floor":36.0,"turns":2.0},{"damage":0,"enemies":"Writhing Mass","floor":38,"turns":4},{"damage":0,"enemies":"Maw","floor":39,"turns":5},{"damage":0,"enemies":"Nemesis","floor":40,"turns":4},{"damage":5,"enemies":"4 Shapes","floor":41,"turns":4},{"damage":0,"enemies":"Sphere and 2 Shapes","floor":44,"turns":3},{"damage":0,"enemies":"Reptomancer","floor":45,"turns":3},{"damage":15,"enemies":"Giant Head","floor":47,"turns":6},{"damage":2,"enemies":"Spire Growth","floor":48,"turns":2},{"damage":0,"enemies":"Awakened One","floor":50,"turns":12}],"seed_played":"6257144823431267545","potions_obtained":[{"floor":4.0,"key":"Regen Potion"},{"floor":7.0,"key":"Dexterity Potion"},{"floor":14.0,"key":"ColorlessPotion"},{"floor":16.0,"key":"FearPotion"},{"floor":22.0,"key":"DistilledChaos"},{"floor":33.0,"key":"Regen Potion"},{"floor":35.0,"key":"Energy Potion"},{"floor":39,"key":"Swift Potion"},{"floor":48,"key":"GamblersBrew"}],"is_trial":false,"path_per_floor":["M","T","?","M","?","R","M","R","T","R","?","$","$","E","R","B",null,"M","?","$","?","?","R","M","E","T","R","M","E","R","$","R","B",null,"M","M","$","M","M","E","M","?","T","M","E","?","E","M","R","B",null],"character_chosen":"THE_DT","items_purchased":["Omamori","Flash of Steel","DTMod:Dissolve","DTMod:CleansingStrike","War Paint"],"campfire_rested":0,"item_purchase_floors":[12,12,31,37,37],"current_hp_per_floor":[33,33,30,30,30,30,30,30,30,30,19,19,19,7,16,2,45,45,45,45,45,43,45,45,40,40,45,45,45,45,45,45,42,45,45,45,45,45,45,45,40,40,40,43,43,43,28,35,43,43],"gold":596,"neow_bonus":"ONE_RARE_RELIC","is_daily":false,"chose_seed":false,"campfire_upgraded":9,"win_rate":0.0,"timestamp":1613541592,"path_taken":["M","?","?","M","?","R","M","R","T","R","?","?","$","E","R","BOSS","M","?","$","?","?","R","?","E","T","R","M","E","R","$","R","BOSS","M","M","$","?","?","E","M","?","T","M","E","?","E","M","R","BOSS"],"items_purchased_type":["Relic","Card","Card","Card","Relic"],"build_version":"2020-12-22","purchased_purges":2,"victory":true,"max_hp_per_floor":[45,45,45,45,45,45,45,45,45,45,45,45,45,45,45,45,45,45,45,45,45,45,45,45,45,45,45,45,45,45,45,45,45,45,45,45,45,45,45,45,45,43,43,43,43,43,43,43,43,43],"card_choices":[{"not_picked":["DTMod:BizarreTactic","DTMod:QuickFly"],"picked":"DTMod:BlazingStrike","floor":1.0},{"not_picked":["DTMod:Weaken","DTMod:MaximumCharge"],"picked":"DTMod:HeatWave","floor":4.0},{"not_picked":["DTMod:Punisher","DTMod:Cover"],"picked":"DTMod:BlazingStrike","floor":7.0},{"not_picked":["DTMod:BreakAttack","DTMod:LastStand"],"picked":"DTMod:TauntingStrike","floor":14.0},{"not_picked":["DTMod:RepeatStrike","DTMod:GearUp"],"picked":"DTMod:HeadStart","floor":16.0},{"not_picked":["DTMod:Astonish"],"picked":"SKIP","floor":18.0},{"not_picked":["DTMod:LowKick+1"],"picked":"SKIP","floor":24.0},{"not_picked":["DTMod:Training+1"],"picked":"SKIP","floor":25.0},{"not_picked":["DTMod:Coolant+1"],"picked":"DTMod:CleansingStrike+1","floor":28.0},{"not_picked":["DTMod:BlueScale","DTMod:ComboAttack+1"],"picked":"SKIP","floor":29.0},{"not_picked":["DTMod:QuickFly"],"picked":"DTMod:Cover+1","floor":35.0},{"not_picked":["DTMod:BreakAttack","DTMod:Punisher"],"picked":"SKIP","floor":36.0},{"not_picked":["DTMod:Overwhelm+1","DTMod:HeatWave"],"picked":"SKIP","floor":38},{"not_picked":["DTMod:Shift"],"picked":"DTMod:RunningTactic","floor":39},{"not_picked":["DTMod:MagicField","DTMod:SneakAttack+1"],"picked":"SKIP","floor":40},{"not_picked":["DTMod:Feint"],"picked":"DTMod:FierySynthesis","floor":41},{"not_picked":["DTMod:Weaken+1","DTMod:Haste"],"picked":"SKIP","floor":44},{"not_picked":["DTMod:BalancedStrike"],"picked":"DTMod:QuickFly","floor":45},{"not_picked":["DTMod:FlameSlash+1"],"picked":"DTMod:BurningEnergy+1","floor":47},{"not_picked":["DTMod:GhostSkin","DTMod:Threaten"],"picked":"SKIP","floor":48}],"player_experience":930324,"relics_obtained":[{"floor":2.0,"key":"White Beast Statue"},{"floor":9.0,"key":"Shuriken"},{"floor":14.0,"key":"Eternal Feather"},{"floor":22.0,"key":"Red Mask"},{"floor":25.0,"key":"Blood Vial"},{"floor":26.0,"key":"Question Card"},{"floor":29.0,"key":"Vajra"},{"floor":40,"key":"Sundial"},{"floor":45,"key":"Happy Flower"},{"floor":47,"key":"Orichalcum"}],"event_choices":[{"damage_healed":0.0,"max_hp_gain":0.0,"max_hp_loss":0.0,"gold_gain":0.0,"event_name":"Scrap Ooze","player_choice":"Success","floor":3.0,"gold_loss":0.0,"damage_taken":3.0,"relics_obtained":["Kunai"]},{"damage_healed":0.0,"max_hp_gain":0.0,"max_hp_loss":0.0,"gold_gain":175.0,"event_name":"Liars Game","player_choice":"AGREE","floor":5.0,"gold_loss":0.0,"damage_taken":0.0,"cards_obtained":["Doubt"]},{"damage_healed":0.0,"max_hp_gain":0.0,"max_hp_loss":0.0,"gold_gain":0.0,"event_name":"Golden Idol","player_choice":"Take Damage","floor":11.0,"gold_loss":0.0,"damage_taken":11.0,"relics_obtained":["Golden Idol"]},{"cards_removed":["DTMod:Strike"],"damage_healed":0.0,"max_hp_gain":0.0,"max_hp_loss":0.0,"gold_gain":0.0,"event_name":"Beggar","player_choice":"Gave Gold","floor":19.0,"gold_loss":75.0,"damage_taken":0.0},{"damage_healed":0.0,"max_hp_gain":0.0,"max_hp_loss":0.0,"gold_gain":0.0,"cards_transformed":["DTMod:Strike","DTMod:TargetDefense"],"event_name":"Drug Dealer","player_choice":"Became Test Subject","floor":21.0,"gold_loss":0.0,"damage_taken":0.0,"cards_obtained":["DTMod:Prediction","DTMod:DarkBreath"]},{"damage_healed":0.0,"max_hp_gain":0.0,"max_hp_loss":0.0,"gold_gain":0.0,"event_name":"Masked Bandits","player_choice":"Fought Bandits","floor":22.0,"gold_loss":0.0,"damage_taken":0.0},{"damage_healed":0,"gold_gain":0,"player_choice":"Max HP","damage_taken":0,"max_hp_gain":0,"max_hp_loss":2,"event_name":"Winding Halls","floor":42,"gold_loss":0},{"damage_healed":0,"gold_gain":333,"player_choice":"Gave Idol","damage_taken":0,"max_hp_gain":0,"max_hp_loss":0,"event_name":"The Moai Head","floor":46,"relics_lost":["Golden Idol"],"gold_loss":0}],"is_beta":false,"boss_relics":[{"not_picked":["Velvet Choker","Fusion Hammer"],"picked":"Busted Crown"},{"not_picked":["Tiny House","SlaversCollar"],"picked":"DTMod:MagicStone"}],"items_purged_floors":[12,20],"is_endless":false,"potions_floor_spawned":[4,7,14,16,18,22,24,25,28,29,33,35,36,38,39,40,41,44,45,47,48],"ascension_level":1}}