{"host":"97bfbul5vt0mksxl","time":1613595138,"event":{"mods":["BaseMod","Colored Powertips","Highlight Path","Infinite Spire","Minty Spire (QoL Compilation)","Replay The Spire","Shop Mod","StSLib","SuperFastMode"],"gold_per_floor":[15,15,25,25,25,100,112,137,184,184,217,230,260,260,260,320,320,423,423,436,455,455,455,472,472,472],"floor_reached":25,"language":"ENG","playtime":1299,"items_purged":[],"score":219,"play_id":"cc35b442-7d14-405a-8f8e-1ce53bb7e79d","local_time":"20210217175218","is_ascension_mode":false,"campfire_choices":[{"floor":10,"key":"REST"},{"floor":17,"key":"DIG"}],"circlet_count":0,"master_deck":["Strike_B","Strike_B","Strike_B","Strike_B","Defend_B","Defend_B","Defend_B","Defend_B","Zap","Dualcast","Buffer","Coolheaded","ReplayTheSpireMod:Omega Cannon","Static Discharge","Streamline","Ball Lightning","Self Repair","Time Bomb","Barrage","Gash","Coolheaded+1","Conserve Battery","Sunder","Sunder","Languid","Parasite","infinitespire:Punishment","Ball Lightning+1","Go for the Eyes"],"relics":["Burning Blood","infinitespire:Cubic Diamond","Bag of Preparation","Oddly Smooth Stone","Boot","Matryoshka","Replay:Arrowhead","Question Card","MealTicket","Prayer Wheel"],"acts_visited":["Exordium","TheCity"],"potions_floor_usage":[13,18,24,25],"damage_taken":[{"damage":0,"enemies":"Cultist","floor":1,"turns":4},{"damage":6,"enemies":"Small Slimes","floor":3,"turns":4},{"damage":6,"enemies":"Jaw Worm","floor":7,"turns":3},{"damage":30,"enemies":"Lagavulin","floor":8,"turns":6},{"damage":28,"enemies":"3 Sentries","floor":11,"turns":4},{"damage":13,"enemies":"2 Fungi Beasts","floor":12,"turns":5},{"damage":6,"enemies":"Lagavulin","floor":13,"turns":6},{"damage":26,"enemies":"Fading Forest","floor":18,"turns":11},{"damage":40,"enemies":"Chosen","floor":20,"turns":7},{"damage":32,"enemies":"2 Thieves","floor":21,"turns":3},{"damage":26,"enemies":"Snake Plant","floor":24,"turns":4},{"damage":31,"enemies":"Slavers","floor":25,"turns":3}],"seed_played":"-6664085740838197607","potions_obtained":[{"floor":3,"key":"Venom Potion"},{"floor":7,"key":"Regen Potion"},{"floor":12,"key":"EssenceOfDarkness"},{"floor":16,"key":"Languid Potion"},{"floor":18,"key":"Dexterity Potion"}],"is_trial":false,"path_per_floor":["M","?","M","?","$","?","M","E","T","R","E","M","E","PTL","PTL","?","R","B",null,"M","M","?","?","M","E"],"character_chosen":"DEFECT","items_purchased":[],"campfire_rested":1,"item_purchase_floors":[],"current_hp_per_floor":[75,75,69,69,69,58,58,34,34,56,41,41,63,63,63,63,63,53,75,48,22,22,47,27,0,0],"gold":472,"neow_bonus":"THREE_RARE_CARDS","is_daily":false,"chose_seed":false,"campfire_upgraded":0,"win_rate":0.0,"timestamp":1613595138,"path_taken":["M","?","?","?","$","?","M","E","T","R","E","M","E","PTL","PTL","?","R","BOSS","M","M","?","?","M","E"],"items_purchased_type":[],"build_version":"2020-12-22","purchased_purges":0,"victory":false,"max_hp_per_floor":[75,75,75,75,75,75,75,75,75,75,75,75,75,75,75,75,75,75,75,75,75,75,75,75,75,75],"card_choices":[{"not_picked":["Biased Cognition","Fission"],"picked":"Buffer","floor":0},{"not_picked":["Darkness","Leap"],"picked":"Coolheaded","floor":1},{"not_picked":["BasicCrystalCard","Multi-Cast"],"picked":"Streamline","floor":3},{"not_picked":["ReplayTheSpireMod:System Scan","Leap"],"picked":"Ball Lightning","floor":7},{"not_picked":["Darkness","BasicCrystalCard"],"picked":"Self Repair","floor":8},{"not_picked":["Coolheaded","Streamline"],"picked":"Time Bomb","floor":11},{"not_picked":["Coolheaded","Skim"],"picked":"Barrage","floor":12},{"not_picked":["Conserve Battery","Redo"],"picked":"Gash","floor":13},{"not_picked":["Reboot","All For One","Fission"],"picked":"ReplayTheSpireMod:Fabricate Wheel","floor":18},{"not_picked":["Sweeping Beam","Fusion","Leap"],"picked":"Coolheaded+1","floor":20},{"not_picked":["Auto Shields","Compile Driver+1","Barrage"],"picked":"Conserve Battery","floor":20},{"not_picked":["Redo","ReplayTheSpireMod:GoodbyeWorld","Leap+1"],"picked":"Sunder","floor":21},{"not_picked":["Compile Driver","Conserve Battery","Time Bomb"],"picked":"Sunder","floor":21},{"not_picked":["ReplayTheSpireMod:Chaos Vortex","infinitespire:NeuralNetwork"],"picked":"infinitespire:Punishment","floor":22},{"not_picked":["Steam+1","Sweeping Beam","Meteor Strike"],"picked":"Ball Lightning+1","floor":24},{"not_picked":["Stack","Redo","FTL+1"],"picked":"Go for the Eyes","floor":24}],"player_experience":173188,"relics_obtained":[{"floor":8,"key":"Bag of Preparation"},{"floor":9,"key":"Oddly Smooth Stone"},{"floor":11,"key":"Boot"},{"floor":13,"key":"Matryoshka"},{"floor":16,"key":"Replay:Arrowhead"},{"floor":16,"key":"Question Card"},{"floor":17,"key":"MealTicket"}],"event_choices":[{"damage_healed":0,"gold_gain":0,"player_choice":"2 cards matched","damage_taken":0,"max_hp_gain":0,"max_hp_loss":0,"event_name":"Match and Keep!","floor":2,"gold_loss":0,"cards_obtained":["ReplayTheSpireMod:Omega Cannon","Static Discharge"]},{"damage_healed":0,"gold_gain":75,"player_choice":"Gather Gold","damage_taken":11,"max_hp_gain":0,"max_hp_loss":0,"event_name":"World of Goop","floor":6,"gold_loss":0},{"damage_healed":25,"gold_gain":0,"player_choice":"Heal","damage_taken":0,"max_hp_gain":0,"max_hp_loss":0,"event_name":"The Library","floor":23,"gold_loss":0}],"is_beta":false,"boss_relics":[{"not_picked":["ChewingGum","Runic Dome","infinitespire:Cupcake"]}],"items_purged_floors":[],"is_endless":false,"potions_floor_spawned":[3,7,12,18,20],"killed_by":"Slavers","ascension_level":0}}