{"host":"43wsnxh97mgjl5zw","time":1613583194,"event":{"mods":["Aspiration","BaseMod","Colored Map","Colored Powertips","Conspire","Downfall","Halation","Hubris","Minty Spire (QoL Compilation)","Quick Restart","Rare Cards Sparkle","Relic Sorter","Replay The Spire","StSLib"],"gold_per_floor":[117,156,174,204,46,73,73,73,73,88,13,23,42,62,62,133,133,143,155,155,169,187,187,219,56,56,56,85,104,104,123,123,200,200,213,56,74,86,86,121,121,121,121,121,36,36,64,75,75,75,75],"floor_reached":50,"language":"ENG","playtime":3244,"items_purged":["Pain","Strike_R"],"score":1083,"play_id":"9aa75d12-ff7c-4714-88a8-932bdc37f48f","local_time":"20210217193314","is_ascension_mode":true,"campfire_choices":[{"data":"Sword Boomerang","floor":7.0,"key":"SMITH"},{"data":"Disarm","floor":15.0,"key":"SMITH"},{"data":"Inflame","floor":23.0,"key":"SMITH"},{"data":"Inflame","floor":30.0,"key":"SMITH"},{"data":"Impervious","floor":32.0,"key":"SMITH"},{"floor":44.0,"key":"REST"},{"floor":49.0,"key":"RECALL"}],"circlet_count":0,"master_deck":["AscendersBane","Strike_R","Defend_R","Defend_R","Defend_R","Defend_R","Bash","Sword Boomerang+1","Impervious","Battle Trance","Shrug It Off","Inflame+1","Inflame+1","Cleave","ReplayTheSpireMod:Stacked","Clothesline","Metallicize+1","Disarm+1","Barricade+1","Dropkick","Sword Boomerang+1","Impervious+1","ReplayTheSpireMod:LeadingStrike+1","Reaper","Skewer","Dagger Spray","Battle Trance","Flex"],"relics":["Burning Blood","conspire:Boomerang","hubris:Metronome","Self Forming Clay","Matryoshka","Frozen Egg 2","Bag of Preparation","hubris:ScarierMask","Spirit Poop","ReplayTheSpireMod:Ninjato","aspiration:ChemicalBlood","hubris:CrystalStatue","Potion Belt","aspiration:RitualStick","Replay:Baseball","SacredBark","Nunchaku","conspire:BottledYoYo","hubris:MysteriousPyramids"],"acts_visited":["Exordium","TheCity","TheBeyond"],"potions_floor_usage":[50,50,50],"damage_taken":[{"damage":7.0,"enemies":"Small Slimes","floor":1.0,"turns":4.0},{"damage":4.0,"enemies":"2 Louse","floor":3.0,"turns":4.0},{"damage":16.0,"enemies":"conspire:MimicChest","floor":4.0,"turns":6.0},{"damage":28.0,"enemies":"Replay:BlueRogue","floor":6.0,"turns":8.0},{"damage":0.0,"enemies":"Jaw Worm","floor":10.0,"turns":2.0},{"damage":0.0,"enemies":"Blue Slaver","floor":12.0,"turns":1.0},{"damage":15.0,"enemies":"conspire:2 RoseBushes","floor":13.0,"turns":3.0},{"damage":4.0,"enemies":"Exordium Thugs","floor":14.0,"turns":6.0},{"damage":17.0,"enemies":"Hexaghost","floor":16.0,"turns":9.0},{"damage":18.0,"enemies":"conspire:FuzzyDice","floor":18.0,"turns":4.0},{"damage":1.0,"enemies":"Spheric Guardian","floor":19.0,"turns":5.0},{"damage":0.0,"enemies":"Chosen and Byrds","floor":21.0,"turns":3.0},{"damage":1.0,"enemies":"conspire:HollyBat","floor":22.0,"turns":9.0},{"damage":17.0,"enemies":"Slavers","floor":24.0,"turns":4.0},{"damage":4.0,"enemies":"Replay:Snechameleon","floor":28.0,"turns":7.0},{"damage":2.0,"enemies":"Shelled Parasite and Fungi","floor":29.0,"turns":5.0},{"damage":0.0,"enemies":"Chosen and Byrds","floor":31.0,"turns":3.0},{"damage":16.0,"enemies":"Champ","floor":33.0,"turns":6.0},{"damage":28.0,"enemies":"3 Shapes","floor":35.0,"turns":10.0},{"damage":11.0,"enemies":"Orb Walker","floor":37.0,"turns":4.0},{"damage":20.0,"enemies":"Writhing Mass","floor":38.0,"turns":10.0},{"damage":31.0,"enemies":"R_Hoarder","floor":40.0,"turns":6.0},{"damage":30.0,"enemies":"Reptomancer","floor":47.0,"turns":5.0},{"damage":5.0,"enemies":"Transient","floor":48.0,"turns":6.0},{"damage":91,"enemies":"conspire:OrnateMirror","floor":50,"turns":9}],"seed_played":"-6911350118539062259","potions_obtained":[{"floor":1.0,"key":"Energy Potion"},{"floor":6.0,"key":"SteroidPotion"},{"floor":10.0,"key":"BlessingOfTheForge"},{"floor":13.0,"key":"Guardian:BlockOnCardUsePotion"},{"floor":14.0,"key":"DistilledChaos"},{"floor":18.0,"key":"BlessingOfTheForge"},{"floor":28.0,"key":"Flashbang"},{"floor":31.0,"key":"Strength Potion"},{"floor":38.0,"key":"SteroidPotion"},{"floor":40.0,"key":"Toxic Potion"},{"floor":47.0,"key":"Slimebound:ThreeZeroPotion"}],"is_trial":false,"path_per_floor":["M","?","M","?","$","E","R","?","T","M","$","M","M","M","R","B",null,"M","M","?","M","M","R","E","$","T","?","E","M","R","M","R","B",null,"M","$","M","M","?","E","$","?","T","R","$","?","E","M","R","B"],"character_chosen":"IRONCLAD","items_purchased":["Inflame","ReplayTheSpireMod:Stacked","aspiration:ChemicalBlood","PowerPotion","Battle Trance"],"campfire_rested":1,"item_purchase_floors":[5,11,25,36,45],"current_hp_per_floor":[49,49,51,41,41,19,19,19,19,25,25,31,22,24,24,13,60,48,53,53,59,64,64,53,53,53,34,36,40,40,46,46,36,65,67,67,69,55,55,30,30,26,26,48,48,48,24,39,39,0,0],"gold":75,"neow_bonus":"ONE_RARE_RELIC","is_daily":false,"chose_seed":false,"campfire_upgraded":5,"win_rate":0.0,"timestamp":1613583194,"path_taken":["M","?","M","?","$","E","R","?","T","?","?","M","?","?","R","BOSS","M","M","?","M","?","R","E","$","T","?","E","M","R","M","R","BOSS","M","$","M","M","?","E","?","?","T","R","$","?","E","M","R","BOSS"],"items_purchased_type":["Card","Card","Relic","Potion","Card"],"build_version":"2020-12-22","purchased_purges":2,"victory":false,"max_hp_per_floor":[75,75,75,75,75,75,75,75,75,75,75,75,75,75,75,75,75,75,75,75,75,75,75,75,75,75,75,75,75,75,75,75,75,75,75,75,75,75,75,75,75,75,75,75,75,75,75,75,75,75,75],"card_choices":[{"not_picked":["Dark Embrace","Replay:Undeath\u0027s Touch"],"picked":"Sword Boomerang","floor":1.0},{"not_picked":["Heavy Blade","Blood for Blood"],"picked":"Impervious","floor":2.0},{"not_picked":["Power Through","Warcry"],"picked":"Battle Trance","floor":2.0},{"not_picked":["Havoc","Body Slam"],"picked":"Shrug It Off","floor":3.0},{"not_picked":["Intimidate","Replay:Undeath\u0027s Touch"],"picked":"Inflame","floor":4.0},{"not_picked":["Run Through","Abandon","Demonic Infusion"],"picked":"SKIP","floor":6.0},{"not_picked":["Rampage","Havoc"],"picked":"Cleave","floor":10.0},{"not_picked":["Infernal Blade","Run Through"],"picked":"Clothesline","floor":12.0},{"not_picked":["Dropkick","True Grit"],"picked":"Metallicize+1","floor":13.0},{"not_picked":["Iron Wave","Life Link+1"],"picked":"Disarm","floor":14.0},{"not_picked":["Hemogenesis","Demonic Infusion"],"picked":"Barricade+1","floor":16.0},{"not_picked":["ReplayTheSpireMod:Corrosion Curse","Infernal Blade"],"picked":"Dropkick","floor":18.0},{"not_picked":["Feel No Pain+1","Body Slam","Fire Breathing+1"],"picked":"SKIP","floor":19.0},{"not_picked":["Body Slam","Shrug It Off","Perfected Strike"],"picked":"SKIP","floor":21.0},{"not_picked":["hubris:CleavingFinish","Thunderclap"],"picked":"Sword Boomerang+1","floor":22.0},{"not_picked":["Heavy Blade","Disarm"],"picked":"Impervious","floor":24.0},{"not_picked":["Dark Embrace+1","Twin Strike","Anger"],"picked":"SKIP","floor":28.0},{"not_picked":["Clash","Sword Boomerang","Searing Blow"],"picked":"SKIP","floor":29.0},{"not_picked":["Warcry","hubris:SharpeningStone"],"picked":"ReplayTheSpireMod:LeadingStrike+1","floor":31.0},{"not_picked":["Barricade+1","Eclipse"],"picked":"Reaper","floor":33.0},{"not_picked":["Clothesline","Iron Wave","Cleave+1"],"picked":"SKIP","floor":35.0},{"not_picked":["Armaments","ReplayTheSpireMod:Muscle Training","Infernal Blade+1"],"picked":"SKIP","floor":37.0},{"not_picked":["Sword Boomerang","Power Through","Shrug It Off"],"picked":"SKIP","floor":38.0},{"not_picked":["Barricade+1","True Grit","Perfected Strike"],"picked":"SKIP","floor":40.0},{"not_picked":["Dropkick+1","Perfected Strike","Sword Boomerang"],"picked":"SKIP","floor":47.0},{"not_picked":["Anger+1","Warcry","True Grit"],"picked":"SKIP","floor":48.0}],"player_experience":1262181,"relics_obtained":[{"floor":2.0,"key":"hubris:Metronome"},{"floor":4.0,"key":"Self Forming Clay"},{"floor":6.0,"key":"Matryoshka"},{"floor":9.0,"key":"Bag of Preparation"},{"floor":24.0,"key":"ReplayTheSpireMod:Ninjato"},{"floor":26.0,"key":"hubris:CrystalStatue"},{"floor":26.0,"key":"Potion Belt"},{"floor":28.0,"key":"Replay:Baseball"},{"floor":40.0,"key":"Nunchaku"},{"floor":43.0,"key":"conspire:BottledYoYo"},{"floor":47.0,"key":"hubris:MysteriousPyramids"}],"event_choices":[{"cards_removed":["Injury"],"damage_healed":0.0,"max_hp_gain":0.0,"max_hp_loss":0.0,"gold_gain":0.0,"event_name":"Bonfire Elementals","player_choice":"Offered Curse","floor":20.0,"gold_loss":0.0,"damage_taken":0.0,"relics_obtained":["Spirit Poop"]},{"damage_healed":0.0,"max_hp_gain":0.0,"max_hp_loss":0.0,"gold_gain":0.0,"event_name":"conspire:Investor","player_choice":"Leave","floor":42.0,"gold_loss":0.0,"damage_taken":0.0},{"damage_healed":0.0,"max_hp_gain":0.0,"max_hp_loss":0.0,"gold_gain":0.0,"cards_transformed":["m_BronzeAgony"],"event_name":"Transmorgrifier","player_choice":"Transformed","floor":46.0,"gold_loss":0.0,"damage_taken":0.0,"cards_obtained":["Flex"]}],"is_beta":false,"boss_relics":[{"not_picked":["Sozu","aspiration:RunicSpoon"],"picked":"hubris:ScarierMask"},{"not_picked":["hubris:VirtuousBlindfold","halation:ForbiddenBikini"],"picked":"SacredBark"}],"items_purged_floors":[5,36],"is_endless":false,"potions_floor_spawned":[1,6,10,13,14,18,28,31,38,40,47],"killed_by":"conspire:OrnateMirror","ascension_level":20}}