{"host":"b1dzdo8uo7e6jx8g","time":1613593040,"event":{"mods":["AchievementEnabler","BaseMod","BetterRewards","Colored Map","Downfall","Highlight Path","Minty Spire (QoL Compilation)","StSLib"],"gold_per_floor":[118,83,83,158,158,175,187,214,214,214,214,226,75,87,87,184,184,201,116,116,41,53,83,101,101,101,131,150,150,159,159,159,271,271,283,307,316,316,61,91,91,101,101,101,128,178,178,178,178,178],"floor_reached":51,"language":"ENG","playtime":1395,"items_purged":[],"score":1167,"play_id":"0383fc5b-338f-4052-850d-59e9a60e4b86","local_time":"20210217211720","is_ascension_mode":true,"campfire_choices":[{"floor":11,"key":"REST"},{"data":"Trip","floor":15,"key":"SMITH"},{"data":"Neutralize","floor":25,"key":"SMITH"},{"data":"Backstab","floor":29,"key":"SMITH"},{"data":"Cloak And Dagger","floor":32,"key":"SMITH"},{"floor":41,"key":"DIG"},{"floor":49,"key":"DIG"}],"circlet_count":0,"master_deck":["Strike_G+1","Strike_G+1","Strike_G+1","Strike_G+1","Strike_G+1","Defend_G+1","Defend_G+1","Defend_G+1","Defend_G+1","Survivor","Neutralize+1","Trip+1","Infinite Blades","Dagger Spray","Blade Dance","Doppelganger","Unload","Footwork","Backstab+1","Escape Plan+1","Cloak And Dagger+1","J.A.X.","Phantasmal Killer+1","Backstab+1","Backstab+1"],"relics":["Ring of the Snake","HandDrill","Eternal Feather","Tiny Chest","Ninja Scroll","Anchor","WristBlade","Pear","Frozen Egg 2","Art of War","Darkstone Periapt","CeramicFish","SacredBark","Shovel","Mercury Hourglass","Bottled Flame","Kunai","Incense Burner","Juzu Bracelet","Turnip","Paper Crane","StoneCalendar"],"acts_visited":["Exordium","TheCity","TheBeyond"],"potions_floor_usage":[0,16,33,33,50,50],"damage_taken":[{"damage":10,"enemies":"2 Louse","floor":1,"turns":3},{"damage":0,"enemies":"Jaw Worm","floor":6,"turns":4},{"damage":0,"enemies":"Small Slimes","floor":7,"turns":3},{"damage":32,"enemies":"Lagavulin","floor":8,"turns":4},{"damage":0,"enemies":"Blue Slaver","floor":12,"turns":2},{"damage":1,"enemies":"Looter","floor":14,"turns":2},{"damage":56,"enemies":"Hexaghost","floor":16,"turns":11},{"damage":0,"enemies":"Spheric Guardian","floor":18,"turns":2},{"damage":14,"enemies":"3 Byrds","floor":22,"turns":4},{"damage":15,"enemies":"Gremlin Leader","floor":23,"turns":4},{"damage":10,"enemies":"Cultist and Chosen","floor":24,"turns":4},{"damage":6,"enemies":"Slavers","floor":27,"turns":3},{"damage":5,"enemies":"Centurion and Healer","floor":28,"turns":4},{"damage":56,"enemies":"Champ","floor":33,"turns":7},{"damage":5,"enemies":"3 Darklings","floor":35,"turns":4},{"damage":6,"enemies":"Orb Walker","floor":36,"turns":3},{"damage":15,"enemies":"Giant Head","floor":40,"turns":5},{"damage":0,"enemies":"Jaw Worm Horde","floor":42,"turns":2},{"damage":13,"enemies":"Nemesis","floor":45,"turns":3},{"damage":0,"enemies":"Mind Bloom Boss Battle","floor":46,"turns":3},{"damage":93,"enemies":"Time Eater","floor":50,"turns":8}],"seed_played":"7959549319427793517","potions_obtained":[{"floor":1,"key":"hexamod:SoulburnPotion"},{"floor":6,"key":"DuplicationPotion"},{"floor":12,"key":"SkillPotion"},{"floor":16,"key":"Block Potion"},{"floor":35,"key":"SkillPotion"},{"floor":40,"key":"SkillPotion"},{"floor":44,"key":"Regen Potion"},{"floor":44,"key":"champ:CounterPotion"}],"is_trial":false,"path_per_floor":["M","?","?","?","$","M","M","E","T","T","R","M","$","M","R","B",null,"M","?","T","$","M","E","M","R","T","E","M","R","?","?","R","B",null,"M","M","?","T","$","E","R","M","T","?","E","?","?","T","R","B",null],"character_chosen":"THE_SILENT","items_purchased":["Trip","Fruit Juice","HandDrill","Anchor","Backstab","Mercury Hourglass"],"campfire_rested":1,"item_purchase_floors":[0,0,0,13,21,39],"current_hp_per_floor":[54,72,65,54,54,54,54,22,22,22,53,53,53,52,61,5,75,75,85,85,85,71,56,46,58,58,52,47,59,59,59,71,15,85,80,74,74,74,74,59,74,74,74,74,61,61,61,61,76,28],"gold":178,"neow_bonus":"","is_daily":false,"chose_seed":false,"campfire_upgraded":4,"win_rate":0.0,"timestamp":1613593040,"path_taken":["M","?","?","?","?","M","M","E","T","?","R","?","$","M","R","BOSS","M","?","?","$","M","E","M","R","T","E","M","R","?","?","R","BOSS","M","M","?","?","$","E","R","M","T","?","E","?","?","?","R","BOSS"],"items_purchased_type":["Card","Potion","Relic","Relic","Card","Relic"],"build_version":"2020-12-22","purchased_purges":0,"victory":true,"max_hp_per_floor":[75,75,75,75,75,75,75,75,75,75,75,75,75,75,75,75,75,75,85,85,85,85,85,85,85,85,85,85,85,85,85,85,85,85,85,85,85,85,85,85,85,85,85,85,85,85,85,85,85,85],"card_choices":[{"not_picked":["Flying Knee","Well Laid Plans"],"picked":"Infinite Blades","floor":1},{"not_picked":["Footwork","Deadly Poison"],"picked":"Dagger Spray","floor":6},{"not_picked":["Deflect","Bouncing Flask"],"picked":"Blade Dance","floor":7},{"not_picked":["Bouncing Flask","Crippling Poison"],"picked":"Doppelganger","floor":8},{"not_picked":["All Out Attack","Distraction","Leg Sweep"],"picked":"SKIP","floor":12},{"not_picked":["Caltrops","Slice","Deflect"],"picked":"SKIP","floor":14},{"not_picked":["Night Terror","Glass Knife"],"picked":"Unload","floor":16},{"not_picked":["Flying Knee","Dagger Spray"],"picked":"Footwork","floor":18},{"not_picked":["Deflect","Underhanded Strike+1","Poisoned Stab+1"],"picked":"SKIP","floor":22},{"not_picked":["Backflip","Dagger Spray"],"picked":"Escape Plan+1","floor":23},{"not_picked":["Poisoned Stab","Escape Plan","Dash+1"],"picked":"SKIP","floor":24},{"not_picked":["Quick Slash","Well Laid Plans+1","Setup"],"picked":"SKIP","floor":27},{"not_picked":["Sucker Punch","Dagger Throw"],"picked":"Cloak And Dagger","floor":28},{"not_picked":["Bullet Time","Glass Knife"],"picked":"Phantasmal Killer","floor":33},{"not_picked":["Outmaneuver+1","Prepared","Dash+1"],"picked":"SKIP","floor":35},{"not_picked":["Backflip+1","Dodge and Roll"],"picked":"Backstab+1","floor":36},{"not_picked":["Concentrate+1","Dodge and Roll+1","Endless Agony"],"picked":"SKIP","floor":40},{"not_picked":["Riddle With Holes+1","Poisoned Stab+1","Skewer"],"picked":"SKIP","floor":42},{"not_picked":["Prepared","Venomology","Cloak And Dagger"],"picked":"SKIP","floor":45}],"player_experience":259592,"relics_obtained":[{"floor":8,"key":"Eternal Feather"},{"floor":9,"key":"Tiny Chest"},{"floor":10,"key":"Ninja Scroll"},{"floor":20,"key":"Frozen Egg 2"},{"floor":23,"key":"Art of War"},{"floor":26,"key":"Darkstone Periapt"},{"floor":27,"key":"CeramicFish"},{"floor":38,"key":"Shovel"},{"floor":40,"key":"Bottled Flame"},{"floor":41,"key":"Kunai"},{"floor":43,"key":"Incense Burner"},{"floor":45,"key":"Juzu Bracelet"},{"floor":46,"key":"Turnip"},{"floor":48,"key":"Paper Crane"},{"floor":49,"key":"StoneCalendar"}],"event_choices":[{"damage_healed":18,"gold_gain":0,"player_choice":"Healed","damage_taken":0,"max_hp_gain":0,"max_hp_loss":0,"event_name":"The Cleric","floor":2,"gold_loss":35},{"cards_removed":["Defend_G"],"damage_healed":0,"gold_gain":0,"player_choice":"Card Removal","damage_taken":7,"max_hp_gain":0,"max_hp_loss":0,"event_name":"Golden Wing","floor":3,"gold_loss":0},{"damage_healed":0,"gold_gain":75,"player_choice":"Gather Gold","damage_taken":11,"max_hp_gain":0,"max_hp_loss":0,"event_name":"World of Goop","floor":4,"gold_loss":0},{"damage_healed":0,"gold_gain":0,"player_choice":"Obtained Relic","damage_taken":0,"relics_obtained":["Pear"],"max_hp_gain":0,"max_hp_loss":0,"event_name":"Addict","floor":19,"gold_loss":85},{"damage_healed":0,"gold_gain":0,"player_choice":"Obtain J.A.X.","damage_taken":0,"max_hp_gain":0,"max_hp_loss":0,"event_name":"Drug Dealer","floor":30,"gold_loss":0,"cards_obtained":["J.A.X."]},{"damage_healed":0,"gold_gain":0,"player_choice":"Simplicity","damage_taken":0,"max_hp_gain":0,"max_hp_loss":0,"event_name":"Back to Basics","floor":31,"gold_loss":0,"cards_upgraded":["Strike_G","Strike_G","Strike_G","Strike_G","Strike_G","Defend_G","Defend_G","Defend_G","Defend_G"]},{"damage_healed":0,"gold_gain":0,"player_choice":"Copied","damage_taken":0,"max_hp_gain":0,"max_hp_loss":0,"event_name":"Duplicator","floor":37,"gold_loss":0,"cards_obtained":["Backstab"]},{"damage_healed":0,"gold_gain":0,"player_choice":"Got Potions","damage_taken":0,"max_hp_gain":0,"max_hp_loss":0,"event_name":"Lab","floor":44,"gold_loss":0},{"damage_healed":0,"gold_gain":0,"player_choice":"Fight","damage_taken":0,"max_hp_gain":0,"max_hp_loss":0,"event_name":"MindBloom","floor":46,"gold_loss":0},{"damage_healed":0,"gold_gain":0,"player_choice":"Forge","damage_taken":0,"max_hp_gain":0,"max_hp_loss":0,"event_name":"Accursed Blacksmith","floor":47,"gold_loss":0,"cards_upgraded":["Phantasmal Killer"]}],"is_beta":false,"boss_relics":[{"not_picked":["Runic Pyramid","SlaversCollar"],"picked":"WristBlade"},{"not_picked":["Cursed Key","Velvet Choker"],"picked":"SacredBark"}],"items_purged_floors":[],"is_endless":false,"potions_floor_spawned":[1,6,12,16,18,24,35,40,45],"ascension_level":4}}