{"host":"sz4vhr3g5wh6zlgr","time":1613595617,"event":{"mods":["2.2 Compatiblity","AchievementEnabler","AlwaysNeverKeys","Ascension Reborn","Bartender","BaseMod","Better Note","BetterRewards","Clawfect","Colored Map","Colored Powertips","Dota2Spire","Faster Ascension Climbing","Highlight Path","Minty Spire (QoL Compilation)","Permanent Neow","Rare Cards Sparkle","Replay The Spire","Shop Mod","StSLib","SuperFastMode","Transform Curses","Uncapped","Unceasing Turn Reminder","[IsaacMod]????"],"gold_per_floor":[119,119,119,143,30,60,84,126,208,208,208,257,287,337,453,571,571,631,647,665,665,665,665,738,738,738,775,775,806,721,841,841,898,898,922,982,1103,1163,1163,1194,1194,1270,1367,1415,1429,1456,1537,1567,1581,1595,1609,1623,1191,1262,1298],"floor_reached":56,"language":"ENG","playtime":7918,"items_purged":[],"score":1936,"play_id":"f5ec9dfd-3be2-4aa9-8555-8bf7dd400cde","local_time":"20210217173017","is_ascension_mode":true,"campfire_choices":[{"data":"Coolheaded","floor":10,"key":"SMITH"},{"data":"Defragment","floor":23,"key":"SMITH"},{"data":"Seek","floor":25,"key":"SMITH"},{"data":"Rainbow","floor":28,"key":"SMITH"},{"data":"Capacitor","floor":41,"key":"SMITH"},{"data":"Machine Learning","floor":41,"key":"SMITH"},{"data":"Loop","floor":49,"key":"SMITH"},{"data":"Steam","floor":49,"key":"SMITH"},{"data":"Core Surge","floor":52,"key":"SMITH"},{"data":"Clawfect:Clawline","floor":52,"key":"SMITH"}],"circlet_count":0,"master_deck":["Gash+1","Gash+1","Gash+1","Gash+1","Gash+1","Defend_B+1","Defend_B+1","Defend_B+1","Defend_B+1","Defend_B+1","Clawfect:Clawrage+1","Hologram+1","Capacitor+1","Clawfect:Clawter","Steam+1","Machine Learning+1","ReplaySolidLightProjector+1","Coolheaded+1","Seek+1","Clawfect:ClawingBeam","Clawfect:ClawSnap","Clawfect:Clawline+1","Rainbow+1","Defragment+1","Hologram+1","Clawfect:ClawingBeam","Gash+1","Leap+1","Core Surge+1","Defragment+1","Coolheaded+1","Seek+1","Clawfect:ClawForOne+1","Clawfect:Clawter+1","Aggregate+1","Defragment+1","Clawfect:ClawSnap+1","Redo+1","Conserve Battery+1","Force Field+1","Gash+1","Loop+1","Turbo+1","FTL+1","ReplayTheSpireMod:Brewmster+1","Redo+1","Clawfect:ClawAndTear+1","Skim+1"],"relics":["HushsDoor","Black Star","GuppysTail","Replay:Mystery Machine","Bag of Preparation","Iron Hammer","Potion Belt","Dota2Spire:HandOfMidas","Dota2Spire:PowerTreads","Dota2Spire:Satanic","Dota2Spire:BlackKingBar","Replay:Wax Seal","Dota2Spire:CrimsonGuard","Power_Wrist","PokeGo","MagicMushroom","GuppysHead","DoctorsRemote","Spirit Poop","Dota2Spire:MagicBottle","Dota2Spire:ArcaneBoots","Pondfish Scales","Anchor","ReplayTheSpireMod:TigerMarble","Golden Egg","ReplayTheSpireMod:CursedCoin","WingedGreaves","Symbiotic Virus","Replay:Arrowhead","Dota2Spire:Bloodstone","GuppysCollar","Dota2Spire:Mjollnir","Strawberry","Toxic Egg 2","Protect_Vest","Sundial","Dota2Spire:EyeOfSkadi","YumHeart","Ice Cream","Gremlin Food","MawBank","Dota2Spire:ShadowBlade","Replay:Bottled Eggs","Toy Ornithopter","Blood Vial","Oddly Smooth Stone","Blue Candle","Divine Protection","Dota2Spire:AssaultCuirass","Dota2Spire:BattleFury"],"acts_visited":["Exordium","TheCity","TheBeyond","TheEnding"],"potions_floor_usage":[6,12,55,55,55,55,55,55,55],"damage_taken":[{"damage":0,"enemies":"Small Slimes","floor":1,"turns":3},{"damage":0,"enemies":"2 Louse","floor":4,"turns":2},{"damage":0,"enemies":"Lagavulin","floor":6,"turns":5},{"damage":0,"enemies":"Jaw Worm","floor":7,"turns":3},{"damage":0,"enemies":"Gremlin Nob","floor":8,"turns":3},{"damage":0,"enemies":"Lots of Slimes","floor":12,"turns":2},{"damage":5,"enemies":"Lagavulin","floor":13,"turns":3},{"damage":3,"enemies":"Blue Slaver","floor":14,"turns":2},{"damage":4,"enemies":"Slime Boss","floor":16,"turns":3},{"damage":0,"enemies":"3 Byrds","floor":18,"turns":2},{"damage":1,"enemies":"Spheric Guardian","floor":19,"turns":2},{"damage":0,"enemies":"Cultist and Chosen","floor":20,"turns":2},{"damage":0,"enemies":"Gremlin Leader","floor":24,"turns":2},{"damage":0,"enemies":"Slavers","floor":27,"turns":1},{"damage":0,"enemies":"Gremlin Leader","floor":29,"turns":2},{"damage":0,"enemies":"Automaton","floor":33,"turns":4},{"damage":0,"enemies":"3 Shapes","floor":35,"turns":1},{"damage":0,"enemies":"Mind Bloom Boss Battle","floor":36,"turns":1},{"damage":0,"enemies":"Hiden Room Battle","floor":38,"turns":1},{"damage":0,"enemies":"Reptomancer","floor":40,"turns":1},{"damage":0,"enemies":"Giant Head","floor":42,"turns":1},{"damage":0,"enemies":"R_Hoarder","floor":44,"turns":2},{"damage":0,"enemies":"3 Darklings","floor":46,"turns":1},{"damage":0,"enemies":"Giant Head","floor":47,"turns":2},{"damage":0,"enemies":"Sphere and 2 Shapes","floor":48,"turns":1},{"damage":0,"enemies":"Awakened One","floor":50,"turns":3},{"damage":0,"enemies":"Shield and Spear","floor":54,"turns":1},{"damage":0,"enemies":"LittleHush","floor":55,"turns":6}],"seed_played":"-7340451326895126461","potions_obtained":[{"floor":1,"key":"ColorlessPotion"},{"floor":1,"key":"Elixir"},{"floor":4,"key":"Swift Potion"},{"floor":6,"key":"Fruit Juice"},{"floor":6,"key":"Reflective Coating"},{"floor":7,"key":"SteroidPotion"},{"floor":8,"key":"LifebloodPotion"},{"floor":13,"key":"Block Potion"},{"floor":20,"key":"LiquidBronze"},{"floor":21,"key":"Explosive Potion"},{"floor":24,"key":"Adrenaline Potion"},{"floor":46,"key":"Venom Potion"}],"is_trial":false,"path_per_floor":["M","?","?","M","$","E","M","E","T","R","?","M","E","M","R_BF","B",null,"M","M","M","?","?","R","E","R","T","E","R","E","$","?","R_BF","B",null,"M","?","?","?","T","E","R","E","T","E","?","M","E","M","R","B",null,"R","$","E","B",null],"character_chosen":"DEFECT","items_purchased":["Capacitor","Clawfect:Clawter","Steam","GuppysHead","Defragment","ReplayTheSpireMod:CursedCoin","WingedGreaves","Coolheaded","GuppysCollar","Clawfect:ClawForOne","Divine Protection","ReplayTheSpireMod:Brewmster","Redo+1","Clawfect:ClawAndTear","Skim+1"],"campfire_rested":0,"item_purchase_floors":[5,5,5,17,17,30,30,30,34,34,53,53,53,53,53],"current_hp_per_floor":[79,79,79,79,79,84,84,84,84,84,84,84,79,76,76,78,82,82,82,82,82,82,82,82,82,82,82,82,82,82,82,82,86,69,69,69,52,52,59,59,59,60,60,61,61,64,68,71,71,81,85,85,85,85,89],"gold":1298,"neow_bonus":"BOSS_RELIC","is_daily":false,"chose_seed":false,"campfire_upgraded":10,"win_rate":0.0,"timestamp":1613595617,"path_taken":["M","?","?","M","?","E","?","E","T","R","?","M","E","M","R_BF","BOSS","M","?","M","?","?","R","E","R","T","E","R","E","$","?","R_BF","BOSS","M","?","?","?","?","E","R","E","T","E","?","M","E","M","R","BOSS","R","$","E","BOSS"],"items_purchased_type":["Card","Card","Card","Relic","Card","Relic","Relic","Card","Relic","Card","Relic","Card","Card","Card","Card"],"build_version":"2020-12-22","purchased_purges":0,"victory":true,"max_hp_per_floor":[79,79,79,79,79,84,84,84,84,84,84,84,84,84,84,88,82,82,82,82,82,82,82,82,82,82,82,82,82,82,82,82,86,69,69,69,76,76,81,81,81,81,81,81,81,81,81,81,81,85,85,85,85,85,89],"card_choices":[{"not_picked":["Clawfect:ClawLightning","Clawfect:ClawpileDriver"],"picked":"Clawfect:Clawrage","floor":1},{"not_picked":["Conserve Battery+1","Clawfect:ClawSnap"],"picked":"Hologram+1","floor":4},{"not_picked":["Clawfect:Clawter+1","Redo"],"picked":"Machine Learning","floor":6},{"not_picked":["Gash","Time Bomb"],"picked":"ReplaySolidLightProjector+1","floor":6},{"not_picked":["Bomb","ReplayTheSpireMod:GoodbyeWorld"],"picked":"Coolheaded","floor":7},{"not_picked":["ReplayRNGCard","Bomb"],"picked":"Seek","floor":8},{"not_picked":["Electrodynamics","Pulse","Reprogram"],"picked":"SKIP","floor":8},{"not_picked":["Gash+1","Capacitor+1"],"picked":"Clawfect:ClawingBeam","floor":12},{"not_picked":["Leap+1","Panic Button"],"picked":"Clawfect:ClawSnap","floor":13},{"not_picked":["Time Bomb","Gash"],"picked":"Clawfect:Clawline","floor":13},{"not_picked":["Darkness","BasicCrystalCard","Sunder"],"picked":"SKIP","floor":14},{"not_picked":["Electrodynamics","ReplayRNGCard"],"picked":"Rainbow","floor":16},{"not_picked":["Leap+1","BootSequence"],"picked":"Hologram+1","floor":18},{"not_picked":["BasicCrystalCard","Mirror Shield"],"picked":"Clawfect:ClawingBeam","floor":19},{"not_picked":["Consume","FIFO Queue+1"],"picked":"Gash","floor":20},{"not_picked":["Rebound+1","ReplayTheSpireMod:Reroute Power"],"picked":"Leap","floor":24},{"not_picked":["Blizzard","FTL+1"],"picked":"Core Surge","floor":27},{"not_picked":["Steam+1","Conserve Battery"],"picked":"Defragment+1","floor":29},{"not_picked":["Amplify","ReplayTheSpireMod:Omega Cannon"],"picked":"Seek","floor":33},{"not_picked":["Steam+1","Static Discharge"],"picked":"Clawfect:Clawter+1","floor":35},{"not_picked":["ReplayTheSpireMod:Reroute Power","Clawfect:ClawLightning"],"picked":"Aggregate+1","floor":36},{"not_picked":["ReplayTheSpireMod:Repulse","Redo+1"],"picked":"Defragment+1","floor":37},{"not_picked":["Clawfect:Clawline","Chill+1"],"picked":"Clawfect:ClawSnap+1","floor":37},{"not_picked":["Hello World+1","Skim+1"],"picked":"Redo+1","floor":38},{"not_picked":["ReplaySolidLightProjector+1","Consume+1"],"picked":"Conserve Battery+1","floor":40},{"not_picked":["Sunder","Consume+1"],"picked":"Force Field+1","floor":42},{"not_picked":["Creative AI","Redo+1"],"picked":"Gash+1","floor":44},{"not_picked":["FTL","Gash+1"],"picked":"Loop","floor":46},{"not_picked":["Pulse+1","Tempest+1"],"picked":"Turbo+1","floor":47},{"not_picked":["Panic Button+1","Fusion+1"],"picked":"FTL+1","floor":48},{"not_picked":["Steam Power+1","ReplayTheSpireMod:Omega Cannon","Rebound"],"picked":"SKIP","floor":54}],"player_experience":1384944,"relics_obtained":[{"floor":1,"key":"Replay:Mystery Machine"},{"floor":6,"key":"Bag of Preparation"},{"floor":6,"key":"Iron Hammer"},{"floor":7,"key":"Potion Belt"},{"floor":8,"key":"Dota2Spire:HandOfMidas"},{"floor":8,"key":"Dota2Spire:PowerTreads"},{"floor":9,"key":"Dota2Spire:Satanic"},{"floor":9,"key":"Dota2Spire:BlackKingBar"},{"floor":13,"key":"Dota2Spire:CrimsonGuard"},{"floor":13,"key":"Power_Wrist"},{"floor":16,"key":"PokeGo"},{"floor":20,"key":"DoctorsRemote"},{"floor":24,"key":"Dota2Spire:MagicBottle"},{"floor":24,"key":"Dota2Spire:ArcaneBoots"},{"floor":26,"key":"Pondfish Scales"},{"floor":27,"key":"Anchor"},{"floor":29,"key":"ReplayTheSpireMod:TigerMarble"},{"floor":29,"key":"Golden Egg"},{"floor":33,"key":"Replay:Arrowhead"},{"floor":36,"key":"Dota2Spire:Mjollnir"},{"floor":37,"key":"Strawberry"},{"floor":38,"key":"Toxic Egg 2"},{"floor":38,"key":"Protect_Vest"},{"floor":39,"key":"Sundial"},{"floor":39,"key":"Dota2Spire:EyeOfSkadi"},{"floor":40,"key":"YumHeart"},{"floor":40,"key":"Ice Cream"},{"floor":42,"key":"Gremlin Food"},{"floor":42,"key":"MawBank"},{"floor":43,"key":"Dota2Spire:ShadowBlade"},{"floor":43,"key":"Replay:Bottled Eggs"},{"floor":44,"key":"Toy Ornithopter"},{"floor":44,"key":"Blood Vial"},{"floor":47,"key":"Oddly Smooth Stone"},{"floor":47,"key":"Blue Candle"},{"floor":54,"key":"Dota2Spire:AssaultCuirass"},{"floor":54,"key":"Dota2Spire:BattleFury"}],"event_choices":[{"damage_healed":0,"gold_gain":0,"player_choice":"Ignored","damage_taken":0,"max_hp_gain":0,"max_hp_loss":0,"event_name":"Golden Wing","floor":3,"gold_loss":0},{"damage_healed":0,"gold_gain":0,"player_choice":"Box","damage_taken":0,"relics_obtained":["Replay:Wax Seal"],"max_hp_gain":0,"max_hp_loss":0,"event_name":"Big Fish","floor":11,"gold_loss":0,"cards_obtained":["Regret"]},{"damage_healed":0,"gold_gain":0,"player_choice":"Got Potions","damage_taken":0,"max_hp_gain":0,"max_hp_loss":0,"event_name":"Lab","floor":21,"gold_loss":0},{"cards_removed":["Regret"],"damage_healed":0,"gold_gain":0,"player_choice":"Offered Curse","damage_taken":0,"relics_obtained":["Spirit Poop"],"max_hp_gain":0,"max_hp_loss":0,"event_name":"Bonfire Elementals","floor":22,"gold_loss":0},{"damage_healed":0,"gold_gain":100,"player_choice":"Pray","damage_taken":0,"max_hp_gain":0,"max_hp_loss":0,"event_name":"Golden Shrine","floor":31,"gold_loss":0},{"damage_healed":0,"gold_gain":0,"player_choice":"Fight","damage_taken":0,"max_hp_gain":0,"max_hp_loss":0,"event_name":"MindBloom","floor":36,"gold_loss":0},{"damage_healed":0,"gold_gain":0,"player_choice":"Fight","damage_taken":0,"max_hp_gain":0,"max_hp_loss":0,"event_name":"HidenRoomEvent","floor":38,"gold_loss":0},{"damage_healed":0,"gold_gain":0,"player_choice":"Upgraded","damage_taken":0,"max_hp_gain":0,"max_hp_loss":0,"event_name":"Upgrade Shrine","floor":45,"gold_loss":0,"cards_upgraded":["Leap"]}],"is_beta":false,"boss_relics":[{"not_picked":["Painkiller Herb","Nuclear Battery"],"picked":"MagicMushroom"},{"not_picked":[]},{"not_picked":["Astrolabe","Runic Pyramid"],"picked":"Dota2Spire:Bloodstone"},{"not_picked":[]}],"items_purged_floors":[],"is_endless":false,"potions_floor_spawned":[1,6,14,19,24,29,33,36,38,42,47],"ascension_level":0}}