{"host":"yfi73559mxreacvo","time":1613547792,"event":{"mods":["AchievementEnabler","Act Like it!","Aspiration","BaseMod","Better Third Choice","BetterRewards","CapriCore","Colored Map","Conspire","Downfall","Evolution","GifTheSpireLib","Halation","HexUI Lib","Highlight Path","Hubris","Minty Spire (QoL Compilation)","Quarter Circle Forward PUNCH!","Railgun Mod","StSLib","Stuff the Spire","Trackpad","Wandering Minibosses"],"gold_per_floor":[99,118,136,147,167,192,218,218,238,250,160,260,60,74,91,196,196,96,116,136,156,174,19,19,19,19,19,19],"floor_reached":26,"language":"ENG","playtime":1376,"items_purged":["Slimebound:Defend_Slimebound","Slimebound:Tackle"],"score":289,"play_id":"b4829d5d-d3c6-4cc7-83f9-daae215c7c01","local_time":"20210217024312","is_ascension_mode":false,"campfire_choices":[{"data":"Slimebound:CorrosiveSpit","floor":1.0,"key":"SMITH"},{"floor":13,"key":"RECALL"},{"data":"Slimebound:DouseInSlime","floor":18,"key":"SMITH"}],"circlet_count":0,"master_deck":["Slimebound:Strike_Slimebound","Slimebound:Strike_Slimebound","Slimebound:Strike_Slimebound","Slimebound:Defend_Slimebound","Slimebound:Defend_Slimebound","Slimebound:Defend_Slimebound","Slimebound:Split","Slimebound:CorrosiveSpit+1","Slimebound:LeadByExample","Slimebound:GoopSpray","Slimebound:SplitBruiser","Slimebound:ComboTackle","Slimebound:SplitLeeching","Slimebound:SamplingLick","Slimebound:DouseInSlime+1","Slimebound:SplitMire","Slimebound:ItLooksTasty","Slimebound:SlimeSlap","Slimebound:LeechingTouch","Feel No Pain+1","Slimebound:RejuvenatingLick","Slimebound:LevelUp"],"relics":["Slimebound:AbsorbEndCombat","EVO:Axolotl","hubris:CuriousFeather","downfall:HeartBlessingGreen","downfall:HeartBlessingBlue","aspiration:IroncladSkillbook","downfall:HeartBlessingRed","downfall:RedIOU"],"acts_visited":["TheCity"],"potions_floor_usage":[6,6,23],"damage_taken":[{"damage":10.0,"enemies":"Jaw Worm","floor":2.0,"turns":4.0},{"damage":0,"enemies":"conspire:RoseBush","floor":3,"turns":4},{"damage":3,"enemies":"Cultist","floor":4,"turns":4},{"damage":10,"enemies":"Exordium Thugs","floor":5,"turns":3},{"damage":3,"enemies":"Gremlin Nob","floor":6,"turns":3},{"damage":0,"enemies":"conspire:2 RoseBushes","floor":9,"turns":4},{"damage":0,"enemies":"Blue Slaver","floor":10,"turns":2},{"damage":2,"enemies":"downfall:FleeingMerchant","floor":11,"turns":4},{"damage":22,"enemies":"Exordium Thugs","floor":14,"turns":3},{"damage":16,"enemies":"Large Slime","floor":15,"turns":3},{"damage":0,"enemies":"SI_SHIV_ARCHETYPE","floor":16,"turns":7},{"damage":24,"enemies":"conspire:FuzzyDice","floor":19,"turns":6},{"damage":8,"enemies":"Spheric Guardian","floor":20,"turns":4},{"damage":34,"enemies":"3 Cultists","floor":21,"turns":5},{"damage":39,"enemies":"Chosen and Byrds","floor":22,"turns":8},{"damage":18,"enemies":"downfall:FleeingMerchant","floor":23,"turns":4},{"damage":45,"enemies":"Gremlin Leader","floor":26,"turns":4}],"seed_played":"-373841862281167640","potions_obtained":[{"floor":2.0,"key":"EssenceOfSteel"},{"floor":3,"key":"SkillPotion"},{"floor":4,"key":"Regen Potion"},{"floor":14,"key":"FearPotion"},{"floor":16,"key":"bronze:BurnAndBuffPotion"}],"is_trial":false,"path_per_floor":["R","M","M","M","M","E","T","?","M","M","$","?","R","M","M","B",null,"R","M","M","M","M","$","T","?","E"],"character_chosen":"SLIMEBOUND","items_purchased":["Slimebound:LevelUp"],"campfire_rested":0,"item_purchase_floors":[23],"current_hp_per_floor":[71,63,67,68,62,63,63,63,67,71,71,71,81,65,53,61,81,81,67,69,47,20,28,28,28,0,0,0],"gold":19,"neow_bonus":"TEN_PERCENT_HP_BONUS","is_daily":false,"chose_seed":false,"campfire_upgraded":2,"win_rate":0.0,"timestamp":1613547792,"path_taken":["R","M","M","M","M","E","T","?","M","M","$","?","R","M","M","BOSS","R","M","M","M","?","$","T","?","E"],"items_purchased_type":["Card"],"build_version":"2020-12-22","purchased_purges":2,"victory":false,"max_hp_per_floor":[71,71,71,71,71,71,71,71,71,71,71,71,81,81,81,81,81,81,81,81,81,81,81,81,81,81,81,81],"card_choices":[{"not_picked":["Slimebound:Replication","Slimebound:SlimeSpikes"],"picked":"Slimebound:LeadByExample","floor":2.0},{"not_picked":["Slimebound:SlimeBrawl","Slimebound:Prepare"],"picked":"Slimebound:GoopSpray","floor":3},{"not_picked":["Slimebound:LeechingTouch","Slimebound:Chomp"],"picked":"Slimebound:SplitBruiser","floor":4},{"not_picked":["Slimebound:FinishingTackle","Slimebound:LeechingTouch"],"picked":"Slimebound:ComboTackle","floor":5},{"not_picked":["Slimebound:TongueLash","Slimebound:PressTheAttack"],"picked":"Slimebound:SplitLeeching","floor":6},{"not_picked":["Slimebound:SlimeBarrage","Slimebound:Nibble"],"picked":"Slimebound:SamplingLick","floor":9},{"not_picked":["Slimebound:Grow","Slimebound:LivingWall"],"picked":"Slimebound:DouseInSlime","floor":10},{"not_picked":["Slimebound:ComboTackle","Slimebound:SlimeSpikes"],"picked":"Slimebound:SplitMire","floor":11},{"not_picked":["Slimebound:AcidTongue","Slimebound:RollThrough"],"picked":"Slimebound:ItLooksTasty","floor":14},{"not_picked":["Slimebound:LeechingTouch","Slimebound:BestDefense","Slimebound:SplitMire"],"picked":"SKIP","floor":15},{"not_picked":["Slimebound:Teamwork","Slimebound:WasteNot"],"picked":"Slimebound:SlimeSlap","floor":16},{"not_picked":["StuffTheSpire:RockThrow","Dual Wield","Slimebound:HauntingLick","Slimebound:SplitAcid"],"picked":"SKIP","floor":19},{"not_picked":["Slimebound:SplitAcid","Corruption","Sword Boomerang","Slimebound:FlameTackle"],"picked":"SKIP","floor":20},{"not_picked":["conspire:Charge","Slimebound:FlameTackle","Slimebound:SplitMire"],"picked":"Slimebound:LeechingTouch","floor":21},{"not_picked":["Slimebound:Gluttony","Twin Strike+1","Clash+1"],"picked":"Feel No Pain+1","floor":22},{"not_picked":["Armaments","Slimebound:TongueLash+1","StuffTheSpire:Incineration"],"picked":"Slimebound:RejuvenatingLick","floor":23}],"player_experience":470144,"relics_obtained":[{"floor":6,"key":"hubris:CuriousFeather"},{"floor":24,"key":"Regal Pillow"}],"event_choices":[{"damage_healed":0,"gold_gain":0,"player_choice":"Leave","damage_taken":0,"max_hp_gain":0,"max_hp_loss":0,"event_name":"conspire:Investor","floor":8,"gold_loss":0}],"is_beta":false,"boss_relics":[{"not_picked":["Busted Crown","hubris:Stopwatch"],"picked":"aspiration:IroncladSkillbook"}],"items_purged_floors":[11,23],"is_endless":false,"potions_floor_spawned":[2,3,4,14,16,22],"killed_by":"Gremlin Leader","ascension_level":0}}