{"host":"qjv9b7mze4c73keh","time":1613594485,"event":{"mods":["BaseMod","Colored Map","Colored Powertips","DeckTracker","Highlight Path","Minty Spire (QoL Compilation)","Rare Cards Sparkle","Synergy Search","Unceasing Turn Reminder"],"gold_per_floor":[119,139,149,149,53,88,113,113,140,173,173,207,207,232,232,353,353,378,35,35,35,50,50,71,71,71],"floor_reached":25,"language":"RUS","playtime":1707,"items_purged":["Strike_G"],"score":246,"play_id":"14c9ead1-0b00-4896-b6e0-b479990c447f","local_time":"20210218014125","is_ascension_mode":false,"campfire_choices":[{"floor":8,"key":"REST"},{"floor":13,"key":"REST"},{"data":"Survivor","floor":15,"key":"SMITH"},{"floor":23,"key":"REST"}],"circlet_count":0,"master_deck":["Strike_G","Strike_G","Strike_G","Defend_G","Defend_G","Defend_G","Defend_G","Defend_G","Survivor+1","Neutralize+1","Poisoned Stab+1","Bullet Time","Cloak And Dagger","Poisoned Stab","Noxious Fumes","Terror","Poisoned Stab","Burst","CurseOfTheBell","Poisoned Stab"],"relics":["Ring of the Snake","Snake Skull","Golden Idol","Pen Nib","PreservedInsect","Whetstone","Potion Belt","Calling Bell","Strawberry","Blue Candle","Gambling Chip","Mercury Hourglass"],"acts_visited":["Exordium","TheCity"],"potions_floor_usage":[6,18,18,25],"damage_taken":[{"damage":3,"enemies":"Small Slimes","floor":1,"turns":3},{"damage":0,"enemies":"2 Louse","floor":2,"turns":3},{"damage":0,"enemies":"Jaw Worm","floor":3,"turns":4},{"damage":18,"enemies":"Lagavulin","floor":6,"turns":7},{"damage":24,"enemies":"Lots of Slimes","floor":7,"turns":4},{"damage":6,"enemies":"Gremlin Nob","floor":10,"turns":3},{"damage":13,"enemies":"Lagavulin","floor":12,"turns":4},{"damage":0,"enemies":"Large Slime","floor":14,"turns":5},{"damage":9,"enemies":"Slime Boss","floor":16,"turns":9},{"damage":31,"enemies":"2 Thieves","floor":18,"turns":4},{"damage":13,"enemies":"Shell Parasite","floor":22,"turns":7},{"damage":21,"enemies":"Chosen and Byrds","floor":24,"turns":5},{"damage":32,"enemies":"Sentry and Sphere","floor":25,"turns":3}],"seed_played":"5645902284456574950","potions_obtained":[{"floor":2,"key":"Weak Potion"},{"floor":3,"key":"Swift Potion"},{"floor":10,"key":"SmokeBomb"},{"floor":14,"key":"DuplicationPotion"},{"floor":18,"key":"FearPotion"},{"floor":24,"key":"CunningPotion"}],"is_trial":false,"path_per_floor":["M","M","M","?","$","E","M","R","T","E","?","E","R","M","R","B",null,"M","$","?","?","M","R","M","M"],"character_chosen":"THE_SILENT","items_purchased":["Poisoned Stab","Noxious Fumes","Mercury Hourglass","Poisoned Stab"],"campfire_rested":3,"item_purchase_floors":[5,5,19,19],"current_hp_per_floor":[67,67,67,65,65,47,23,42,42,36,57,44,63,63,63,54,72,41,41,41,41,28,49,28,0,0],"gold":71,"neow_bonus":"RANDOM_COMMON_RELIC","is_daily":false,"chose_seed":false,"campfire_upgraded":1,"win_rate":0.0,"timestamp":1613594485,"path_taken":["M","M","M","?","$","E","M","R","T","E","?","E","R","M","R","BOSS","M","$","?","?","M","R","M","M"],"items_purchased_type":["Card","Card","Relic","Card"],"build_version":"2020-12-22","purchased_purges":1,"victory":false,"max_hp_per_floor":[70,70,70,65,65,65,65,65,65,65,65,65,65,65,65,65,72,72,72,72,72,72,72,72,72,72],"card_choices":[{"not_picked":["Quick Slash","Crippling Poison"],"picked":"Poisoned Stab","floor":1},{"not_picked":["Dagger Throw","Dodge and Roll"],"picked":"Bullet Time","floor":2},{"not_picked":["Eviscerate","Dagger Throw"],"picked":"Cloak And Dagger","floor":3},{"not_picked":["Sucker Punch","Acrobatics"],"picked":"Terror","floor":6},{"not_picked":["Die Die Die","Underhanded Strike","Blade Dance"],"picked":"SKIP","floor":7},{"not_picked":["Flechettes","Skewer","Backflip"],"picked":"SKIP","floor":10},{"not_picked":["Slice","Quick Slash"],"picked":"Poisoned Stab","floor":12},{"not_picked":["Dagger Throw","Quick Slash","Sucker Punch"],"picked":"SKIP","floor":14},{"not_picked":["A Thousand Cuts","Phantasmal Killer"],"picked":"Burst","floor":16},{"not_picked":["Sucker Punch","Blade Dance+1","Dodge and Roll+1"],"picked":"SKIP","floor":18},{"not_picked":["Flying Knee","Well Laid Plans+1","Endless Agony"],"picked":"SKIP","floor":22},{"not_picked":["Cloak And Dagger","Bane","Blur"],"picked":"SKIP","floor":24}],"player_experience":119254,"relics_obtained":[{"floor":6,"key":"Pen Nib"},{"floor":9,"key":"PreservedInsect"},{"floor":10,"key":"Whetstone"},{"floor":12,"key":"Potion Belt"},{"floor":17,"key":"Strawberry"},{"floor":17,"key":"Blue Candle"},{"floor":17,"key":"Gambling Chip"}],"event_choices":[{"damage_healed":0,"gold_gain":0,"player_choice":"Lose Max HP","damage_taken":0,"relics_obtained":["Golden Idol"],"max_hp_gain":0,"max_hp_loss":5,"event_name":"Golden Idol","floor":4,"gold_loss":0},{"damage_healed":21,"gold_gain":0,"player_choice":"Banana","damage_taken":0,"max_hp_gain":0,"max_hp_loss":0,"event_name":"Big Fish","floor":11,"gold_loss":0},{"damage_healed":0,"gold_gain":0,"player_choice":"Ignored","damage_taken":0,"max_hp_gain":0,"max_hp_loss":0,"event_name":"Vampires","floor":20,"gold_loss":0},{"cards_removed":["Strike_G"],"damage_healed":0,"gold_gain":0,"player_choice":"Card Removal","damage_taken":0,"max_hp_gain":0,"max_hp_loss":0,"event_name":"Wheel of Change","floor":21,"gold_loss":0}],"is_beta":false,"boss_relics":[{"not_picked":["Sozu","SlaversCollar"],"picked":"Calling Bell"}],"items_purged_floors":[19],"is_endless":false,"potions_floor_spawned":[2,3,10,14,18,24],"killed_by":"Sentry and Sphere","ascension_level":0}}