{"host":"cgwysqtmt736mr58","time":1613535679,"event":{"mods":["2.2 Compatiblity","Aspiration","BaseMod","Beaked The Cultist","BetterRewards","Colored Map","Colored Powertips","Downfall","Duelist Mod","GifTheSpireLib","Googly Eyes","Halation","Hermit","Hubris","Infinite Spire","Lobotomy","LobotomyExtend","Minty Spire (QoL Compilation)","Relic Stats","Replay The Spire","Shade Mod","Shop Mod","StSLib","The Construct","The Cursed","The Disciple","The Exalted","The Necromancer","The Runesmith","Waifu the Spire","Yuri Mod"],"gold_per_floor":[99,111,128,147,147,147,226,237,267,267,287,297,297,38,52,157,157,157,174,174,174,193,193,219,219,219,219],"floor_reached":25,"language":"ENG","playtime":1376,"items_purged":[],"score":294,"play_id":"a32f5289-b38d-4dc3-b826-7f6f588f7f4e","local_time":"20210217152119","is_ascension_mode":true,"campfire_choices":[{"floor":10,"key":"REST"},{"floor":13,"key":"REST"},{"floor":23,"key":"REST"}],"circlet_count":0,"master_deck":["bronze:Strike+1","bronze:Strike","bronze:Strike","bronze:Defend","bronze:Defend","bronze:Defend","bronze:Replicate","bronze:Goto","bronze:InfiniteLoop+1","bronze:WhirlingStrike","bronze:InfiniteBeams","bronze:WhirlingStrike","bronze:Refactor","bronze:Flail+1","bronze:BronzeOrb+1","bronze:Branch+1","bronze:Iterate+1","bronze:Backtrace+1","bronze:HardenedForm","bronze:Branch+1","Languid","Pain"],"relics":["bronze:PlatinumCore","LetterFromLob","halation:TwoAmDonut","Molten Egg 2","Bromod:ArcaneAwakening","Ring of Peace","Toy Ornithopter","infinitespire:Satchel"],"acts_visited":["Exordium","TheCity"],"potions_floor_usage":[22],"damage_taken":[{"damage":2,"enemies":"Jaw Worm","floor":2,"turns":4},{"damage":2,"enemies":"2 Louse","floor":3,"turns":2},{"damage":1,"enemies":"Cultist","floor":4,"turns":4},{"damage":15,"enemies":"Lots of Slimes","floor":8,"turns":2},{"damage":20,"enemies":"Gremlin Nob","floor":9,"turns":4},{"damage":15,"enemies":"3 Louse","floor":11,"turns":2},{"damage":0,"enemies":"Gremlin Gang","floor":12,"turns":2},{"damage":0,"enemies":"downfall:FleeingMerchant","floor":14,"turns":4},{"damage":9,"enemies":"Exordium Thugs","floor":15,"turns":3},{"damage":43,"enemies":"WA_ARCHETYPE_RETAIN","floor":16,"turns":6},{"damage":14,"enemies":"Shell Parasite","floor":19,"turns":4},{"damage":4,"enemies":"3 Byrds","floor":22,"turns":5}],"seed_played":"-2504208793818991413","potions_obtained":[{"floor":2,"key":"sneckomod:MuddlingPotion"},{"floor":4,"key":"Ancient Potion"},{"floor":8,"key":"Energy Potion"}],"is_trial":false,"path_per_floor":["R_BF","M","M","M","?","?","T","M","E","R","M","M","R","$","M","B",null,"R_BF","M","?","?","M","R","T","?"],"character_chosen":"THE_AUTOMATON","items_purchased":["Bromod:ArcaneAwakening"],"campfire_rested":3,"item_purchase_floors":[14],"current_hp_per_floor":[66,64,62,61,61,61,61,46,26,47,32,32,53,53,44,1,53,45,31,31,31,32,53,53,0,0,0],"gold":219,"neow_bonus":"THREE_RARE_CARDS","is_daily":false,"chose_seed":false,"campfire_upgraded":0,"win_rate":0.0,"timestamp":1613535679,"path_taken":["R_BF","M","M","M","?","?","T","M","E","R","M","M","R","$","M","BOSS","R_BF","M","?","?","?","R","T","?"],"items_purchased_type":["Relic"],"build_version":"2020-12-22","purchased_purges":0,"victory":false,"max_hp_per_floor":[70,70,70,70,70,70,70,70,70,70,70,70,70,70,70,70,70,70,70,70,70,70,70,70,70,70,70],"relic_stats":{"counters":[12,42],"obtain_stats":[{"Bromod:ArcaneAwakening":14,"bronze:PlatinumCore":17,"bronze:BronzeCore":0,"Ring of Peace":20,"infinitespire:Satchel":24,"Molten Egg 2":9,"LetterFromLob":2,"halation:TwoAmDonut":7,"Toy Ornithopter":21},{"Bromod:ArcaneAwakening":8,"bronze:PlatinumCore":10,"bronze:BronzeCore":0,"Ring of Peace":11,"infinitespire:Satchel":12,"Molten Egg 2":5,"LetterFromLob":1,"halation:TwoAmDonut":3,"Toy Ornithopter":11},{"Bromod:ArcaneAwakening":24,"bronze:PlatinumCore":33,"bronze:BronzeCore":0,"Ring of Peace":37,"infinitespire:Satchel":42,"Molten Egg 2":16,"LetterFromLob":4,"halation:TwoAmDonut":10,"Toy Ornithopter":37}],"Toy Ornithopter":5},"card_choices":[{"not_picked":["bronze:Hardcode","bronze:Virus"],"picked":"bronze:InfiniteLoop","floor":0},{"not_picked":["bronze:DarkDash","bronze:OilSpill"],"picked":"bronze:WhirlingStrike","floor":2},{"not_picked":["bronze:Turbo","bronze:BitShift"],"picked":"bronze:InfiniteBeams","floor":3},{"not_picked":["bronze:InfiniteBeams","bronze:Constructor"],"picked":"bronze:WhirlingStrike","floor":4},{"not_picked":["bronze:WildBeam","bronze:DigitalCarnage","bronze:BugBarrage"],"picked":"SKIP","floor":8},{"not_picked":["bronze:Repulsor","bronze:MaxOutput"],"picked":"bronze:Flail+1","floor":9},{"not_picked":["bronze:Turbo","bronze:Allocate"],"picked":"bronze:BronzeOrb+1","floor":11},{"not_picked":["bronze:Fortify+1","bronze:ClassDefault"],"picked":"bronze:Branch+1","floor":12},{"not_picked":["bronze:Hardcode","bronze:CloningBeam+1"],"picked":"bronze:Iterate+1","floor":14},{"not_picked":["bronze:BitShift","bronze:WildBeam+1"],"picked":"bronze:Backtrace+1","floor":15},{"not_picked":["bronze:Library","bronze:InfiniteLoop+1"],"picked":"bronze:HardenedForm","floor":16},{"not_picked":["bronze:BugBarrage+1","bronze:Constructor"],"picked":"bronze:Branch+1","floor":19},{"not_picked":["bronze:BitShift","bronze:Constructor","bronze:Deprecate+1"],"picked":"SKIP","floor":22}],"player_experience":1100073,"relics_obtained":[{"floor":2,"key":"LetterFromLob"},{"floor":7,"key":"halation:TwoAmDonut"},{"floor":9,"key":"Molten Egg 2"},{"floor":20,"key":"Ring of Peace"},{"floor":24,"key":"infinitespire:Satchel"}],"event_choices":[{"damage_healed":0,"gold_gain":0,"player_choice":"Fled","damage_taken":0,"max_hp_gain":0,"max_hp_loss":0,"event_name":"Scrap Ooze","floor":5,"gold_loss":0}],"is_beta":false,"boss_relics":[{"not_picked":["halation:CatFaceCupcake","hubris:ScarierMask"],"picked":"bronze:PlatinumCore"}],"items_purged_floors":[],"is_endless":false,"potions_floor_spawned":[2,4,8,9,15,19],"ascension_level":9}}