{"host":"yml0ux6c8lqydjlc","time":1613530989,"event":{"mods":["Aspiration","BaseMod","Conspire","Downfall","Hermit","Jedi Mod","Minty Spire (QoL Compilation)","Robot Space Explorer","StSLib"],"gold_per_floor":[110,110,122,43,61,61,141,141,210,285,296,296,315,332,332,432,432,448,460,471,471,471,471],"floor_reached":22,"language":"ENG","playtime":1106,"items_purged":[],"score":178,"play_id":"475f7bb2-4559-44f4-8922-6f23dfec7204","local_time":"20210216220309","is_ascension_mode":false,"campfire_choices":[{"data":"Dramatic Entrance","floor":6,"key":"SMITH"},{"data":"Poisoned Stab","floor":8,"key":"SMITH"},{"floor":12,"key":"REST"},{"data":"Noxious Fumes","floor":15,"key":"SMITH"}],"circlet_count":0,"master_deck":["Strike_G","Strike_G","Strike_G","Strike_G","Defend_G","Defend_G","Defend_G","Defend_G","Defend_G","Survivor","Neutralize","Dramatic Entrance+1","Quick Slash","Flying Knee","Poisoned Stab+1","Prepared","Acrobatics","Noxious Fumes+1","Bouncing Flask","Corpse Explosion","Deflect","jedi:pocketpoison","Dagger Throw"],"relics":["Ring of the Snake","jedi:catwich"],"acts_visited":["Exordium","TheCity"],"potions_floor_usage":[18],"damage_taken":[{"damage":7,"enemies":"Small Slimes","floor":1,"turns":4},{"damage":0,"enemies":"2 Louse","floor":3,"turns":2},{"damage":0,"enemies":"Cultist","floor":5,"turns":3},{"damage":3,"enemies":"Exordium Wildlife","floor":11,"turns":4},{"damage":0,"enemies":"Lots of Slimes","floor":13,"turns":1},{"damage":0,"enemies":"3 Louse","floor":14,"turns":1},{"damage":50,"enemies":"Hexaghost","floor":16,"turns":10},{"damage":17,"enemies":"3 Byrds","floor":18,"turns":5},{"damage":15,"enemies":"Shell Parasite","floor":19,"turns":5},{"damage":35,"enemies":"Snake Plant","floor":20,"turns":5},{"damage":3,"enemies":"Cultist and Chosen","floor":22,"turns":1}],"seed_played":"-551876955655097343","potions_obtained":[{"floor":1,"key":"jedi:wingpotion"},{"floor":3,"key":"Explosive Potion"},{"floor":14,"key":"DuplicationPotion"},{"floor":19,"key":"ColorlessPotion"}],"is_trial":false,"path_per_floor":["M","?","M","$","M","R","?","R","T","?","M","R","M","M","R","B",null,"M","M","M","?","M"],"character_chosen":"THE_SILENT","items_purchased":["Poisoned Stab","Prepared"],"campfire_rested":1,"item_purchase_floors":[4,4],"current_hp_per_floor":[63,63,63,63,63,63,63,63,63,52,49,70,70,70,70,20,70,53,38,3,3,0,0],"gold":471,"neow_bonus":"RANDOM_COLORLESS","is_daily":false,"chose_seed":false,"campfire_upgraded":3,"win_rate":0.0,"timestamp":1613530989,"path_taken":["M","?","M","$","M","R","?","R","T","?","M","R","M","M","R","BOSS","M","M","M","?","M"],"items_purchased_type":["Card","Card"],"build_version":"2020-12-22","purchased_purges":0,"victory":false,"max_hp_per_floor":[70,70,70,70,70,70,70,70,70,70,70,70,70,70,70,70,70,70,70,70,70,70,70],"card_choices":[{"not_picked":["Mind Blast","Panacea"],"picked":"Dramatic Entrance","floor":0},{"not_picked":["Sucker Punch","Calculated Gamble"],"picked":"Quick Slash","floor":1},{"not_picked":["Cloak And Dagger","Caltrops"],"picked":"Flying Knee","floor":3},{"not_picked":["Dodge and Roll","Dagger Spray","Heel Hook"],"picked":"SKIP","floor":5},{"not_picked":["Underhanded Strike","Well Laid Plans"],"picked":"Acrobatics","floor":11},{"not_picked":["Poisoned Stab","jedi:unstablefumes"],"picked":"Noxious Fumes","floor":13},{"not_picked":["Quick Slash","Bane"],"picked":"Bouncing Flask","floor":14},{"not_picked":["Night Terror","Wraith Form v2"],"picked":"Corpse Explosion","floor":16},{"not_picked":["Escape Plan","PiercingWail"],"picked":"Deflect","floor":18},{"not_picked":["Bane+1","Acrobatics"],"picked":"jedi:pocketpoison","floor":19},{"not_picked":["Dodge and Roll","Blade Dance+1"],"picked":"Dagger Throw","floor":20}],"player_experience":104880,"relics_obtained":[{"floor":9,"key":"jedi:catwich"}],"event_choices":[{"damage_healed":0,"gold_gain":0,"player_choice":"Leave","damage_taken":0,"max_hp_gain":0,"max_hp_loss":0,"event_name":"conspire:Investor","floor":2,"gold_loss":0},{"damage_healed":0,"gold_gain":80,"player_choice":"Gained Gold","damage_taken":0,"max_hp_gain":0,"max_hp_loss":0,"event_name":"Golden Wing","floor":7,"gold_loss":0},{"damage_healed":0,"gold_gain":75,"player_choice":"Gather Gold","damage_taken":11,"max_hp_gain":0,"max_hp_loss":0,"event_name":"World of Goop","floor":10,"gold_loss":0},{"cards_removed":["Strike_G"],"damage_healed":0,"gold_gain":0,"player_choice":"Elegance","damage_taken":0,"max_hp_gain":0,"max_hp_loss":0,"event_name":"Back to Basics","floor":21,"gold_loss":0}],"is_beta":false,"boss_relics":[{"not_picked":["Velvet Choker","bronze:MakeshiftBattery","jedi:paperlyon"]}],"items_purged_floors":[],"is_endless":false,"potions_floor_spawned":[1,3,14,19],"killed_by":"Cultist and Chosen","ascension_level":0}}