{"host":"opdum64sdiqzxm7l","time":1613556350,"event":{"mods":["Act Like it!","Aspiration","BaseMod","Conspire","Friendly Minions","Jedi Mod","KomeijiMod","Minty Spire (QoL Compilation)","MostiFishMod","Pale of the Ancients","Reliquary","Replay The Spire","RumiaBox-露米娅的神秘盒子","StSLib","Waifu the Spire","【功能Mod】混沌之环修复补丁","【遗物卡牌】REMEMod"],"gold_per_floor":[-1287,-1081,-1081,-1063,-1063,-1034,-1011,-967,-928,-916,-874,-862,-832,-794,-782,-670,-658,-636,-606,-594,-582,-555,-517,-487,-475,-463,-451,-427,-415,-403,-375,-363,-254,-242,-220,-158,-133,50,61,61,72,72,99,125,125,25,25,38,38,38,67,86,86,112,112,131,131,9,9,9,9],"floor_reached":60,"language":"ZHS","playtime":3147,"items_purged":[],"score":1136,"play_id":"1ea5b63d-748c-480c-93ad-0c4c49d1c0d1","local_time":"20210217180550","is_ascension_mode":false,"campfire_choices":[{"data":"RidiculousThoughts","floor":10,"key":"SMITH"},{"data":"LittleLegion","floor":12,"key":"SMITH"},{"data":"Strike_Komeiji","floor":15,"key":"PURGE"},{"data":"TerribleSouvenir","floor":25,"key":"SMITH"},{"data":"IceTornado","floor":30,"key":"SMITH"},{"floor":45,"key":"REST"},{"data":"HisouTensoku","floor":49,"key":"SMITH"},{"data":"SenseofElegance","floor":55,"key":"SMITH"},{"data":"FreezeTouchMe","floor":57,"key":"SMITH"}],"circlet_count":0,"master_deck":["Dash_Komeiji","RidiculousThoughts+1","DochyakuKami+1","HisouTensoku+1","FreezeTouchMe+1","LittleLegion+1","RoshinSou+1","SeekerDolls+1","Sabishigari+1","EnMu+1","SeekerWire+1","CS_Cirno","IceTornado+1","KinbakuJin+1","NingyouYunhei+1","EnMu+1","Agarareta+1","NingyouFukuhei+1","KoKei+1","CS_Komachi","RikonNoKama+1","VanishingEverything+1","SenseofElegance+1","SemiAutomaton+1","SeishiRoten+1","JyouchiJin+1","CS_Meirin","KouPou+1","HagoromoMizu","conspire:SpireCoStock","conspire:SpireCoStock","Strike_Koishi","Defend_Koishi","Defend_Koishi","SubterraneanRose+1"],"relics":["SpellCardsRule","MusicBox","REME_ComplimentaryCards","DaveBox","NeowsBlessing","SynthV:MejaisSoulstealer","ReplayTheSpireMod:Lightbulb","CrystalOfMemory","Pen Nib","jedi:Pinwheel","reliquary:ExpiredCoupon","reliquary:WritOfMandamus","Regal Pillow","The Courier","Grimoire","Replay:Multitool","Toy Ornithopter","reliquary:GummyVitamins","KoishisEye","paleoftheancients:Timepiece","paleoftheancients:KeyRelic","Gremlin Horn","CultistMask","paleoftheancients:SoulOfTheWatcher","reliquary:SharkskinSheath","Pet Ghost"],"acts_visited":["Exordium","TheCity","TheBeyond","paleoftheancients:PaleOfTheAncients"],"potions_floor_usage":[23,44,48,50,60,60,60],"damage_taken":[{"damage":0,"enemies":"Small Slimes","floor":1,"turns":1},{"damage":0,"enemies":"Cultist","floor":4,"turns":1},{"damage":0,"enemies":"Lagavulin","floor":6,"turns":1},{"damage":1,"enemies":"Jaw Worm","floor":7,"turns":5},{"damage":0,"enemies":"Replay:BlueRogue","floor":8,"turns":4},{"damage":0,"enemies":"conspire:MimicChest","floor":11,"turns":4},{"damage":0,"enemies":"Exordium Wildlife","floor":13,"turns":4},{"damage":0,"enemies":"Gremlin Nob","floor":14,"turns":3},{"damage":6,"enemies":"Hexaghost","floor":16,"turns":6},{"damage":0,"enemies":"Shell Parasite","floor":18,"turns":4},{"damage":0,"enemies":"conspire:FuzzyDice","floor":19,"turns":4},{"damage":0,"enemies":"Centurion and Healer","floor":22,"turns":4},{"damage":0,"enemies":"Replay:Snechameleon","floor":23,"turns":6},{"damage":0,"enemies":"Snecko","floor":24,"turns":3},{"damage":1,"enemies":"Cultist and Chosen","floor":28,"turns":3},{"damage":0,"enemies":"conspire:HollyBat","floor":31,"turns":5},{"damage":0,"enemies":"Collector","floor":33,"turns":7},{"damage":0,"enemies":"3 Darklings","floor":35,"turns":2},{"damage":0,"enemies":"Mind Bloom Boss Battle","floor":36,"turns":4},{"damage":5,"enemies":"3 Shapes","floor":37,"turns":3},{"damage":14,"enemies":"Jaw Worm Horde","floor":39,"turns":3},{"damage":16,"enemies":"Sphere and 2 Shapes","floor":41,"turns":7},{"damage":49,"enemies":"Reptomancer","floor":44,"turns":7},{"damage":0,"enemies":"Spire Growth","floor":48,"turns":6},{"damage":27,"enemies":"Awakened One","floor":50,"turns":11},{"damage":0,"enemies":"Awakened One","floor":51,"turns":10},{"damage":6,"enemies":"Awakened One","floor":52,"turns":5},{"damage":8,"enemies":"Awakened One","floor":56,"turns":5},{"damage":155,"enemies":"paleoftheancients:N","floor":60,"turns":12}],"seed_played":"-2849257968933976972","potions_obtained":[{"floor":4,"key":"LifebloodPotion"},{"floor":6,"key":"Weak Potion"},{"floor":13,"key":"SpeedPotion"},{"floor":16,"key":"Elixir"},{"floor":23,"key":"Dexterity Potion"},{"floor":31,"key":"jedi:holywater"},{"floor":41,"key":"SneckoOil"},{"floor":44,"key":"LifebloodPotion"},{"floor":52,"key":"Block Potion"},{"floor":56,"key":"jedi:StrikingPotion"}],"is_trial":false,"path_per_floor":["M","?","$","M","?","E","M","E","T","R","?","R","M","E","R","B",null,"M","M","?","?","M","E","M","R","T","?","M","?","R","M","R","B",null,"M","?","M","?","M","R","M","R","T","E","R","?","?","M","R","B","M","M","?","T","R","M","R","$","?","B"],"character_chosen":"KomeijiSatori","items_purchased":["Pet Ghost"],"campfire_rested":1,"item_purchase_floors":[58],"current_hp_per_floor":[50,50,50,50,38,38,37,37,37,37,44,44,44,44,44,38,50,50,50,50,50,50,50,50,50,50,50,49,49,49,49,50,50,50,50,50,46,46,32,32,23,50,50,9,39,39,39,44,44,50,50,49,49,49,49,46,46,46,46,0,0],"gold":9,"neow_bonus":"THREE_ENEMY_KILL","is_daily":false,"chose_seed":false,"campfire_upgraded":7,"win_rate":0.0,"timestamp":1613556350,"path_taken":["M","?","?","?","?","E","M","E","T","R","?","R","M","E","R","BOSS","M","M","?","?","?","E","?","R","T","?","M","?","R","M","R","BOSS","M","?","M","?","M","R","M","R","T","E","R","?","?","?","R","BOSS","M","M","?","T","R","M","R","$","?","BOSS"],"items_purchased_type":["Relic"],"build_version":"2020-12-22","purchased_purges":0,"victory":false,"max_hp_per_floor":[50,50,50,50,50,50,50,50,50,50,50,50,50,50,50,50,50,50,50,50,50,50,50,50,50,50,50,50,50,50,50,50,50,50,50,50,50,50,50,50,50,50,50,50,50,50,50,50,50,50,50,50,50,50,50,50,50,50,50,50,50],"card_choices":[{"not_picked":["SelfTokamak","NingyouShinki+1"],"picked":"DochyakuKami+1","floor":1},{"not_picked":["Mishyaguji+1","SeekerWire+1"],"picked":"HisouTensoku","floor":2},{"not_picked":["MusuNoYume","SeekerWire+1"],"picked":"FreezeTouchMe","floor":4},{"not_picked":["RoshinSou+1","MissingPower"],"picked":"LittleLegion","floor":6},{"not_picked":["KokorosuKi+1","SeekerWire+1"],"picked":"RoshinSou+1","floor":7},{"not_picked":["WumiGaWareru","MajikuruSanhai+1"],"picked":"SeekerDolls","floor":8},{"not_picked":["Mishyaguji+1","DemonsDinnerFork"],"picked":"Sabishigari+1","floor":11},{"not_picked":["ShyakuBuku","SelfTokamak"],"picked":"EnMu+1","floor":13},{"not_picked":["HagoromoMizu","Mishyaguji+1"],"picked":"SeekerWire+1","floor":14},{"not_picked":["JigokuNoTaiyou","MiraiBunraku"],"picked":"IceTornado","floor":16},{"not_picked":["InscribeRedSoul","ShyakuBuku"],"picked":"KinbakuJin+1","floor":18},{"not_picked":["KeiseiJin+1","HagoromoMizu+1"],"picked":"NingyouYunhei+1","floor":19},{"not_picked":["JyouchiJin+1","Melting"],"picked":"TerribleSouvenir","floor":22},{"not_picked":["NingyouOkisou+1","NingyouSP+1"],"picked":"NingyouFukuhei+1","floor":23},{"not_picked":["DemonLordCradle+1","ArtfulChanter"],"picked":"KoKei+1","floor":24},{"not_picked":["Agarareta+1","RoshinSou+1"],"picked":"RikonNoKama+1","floor":28},{"not_picked":["KokorosuKi+1","RoshinSou+1"],"picked":"SenseofElegance","floor":31},{"not_picked":["MiraiBunraku","LunaDial"],"picked":"SemiAutomaton","floor":33},{"not_picked":["SeekerWire+1","MajikuruSanhai+1","DochyakuKami+1"],"picked":"SKIP","floor":35},{"not_picked":["HagoromoMizu","SeekerDolls+1"],"picked":"SeishiRoten+1","floor":36},{"not_picked":["SeishiRoten+1","DochyakuKami+1"],"picked":"JyouchiJin+1","floor":37},{"not_picked":["SuitokuNoKyoryu+1","DemonLordCradle"],"picked":"KouPou+1","floor":38},{"not_picked":["NingyouSP+1","Agarareta+1","RikonNoKama+1"],"picked":"SKIP","floor":39},{"not_picked":["YoukiSo+1","SeishiRoten+1","HenyouMirume+1"],"picked":"SKIP","floor":41},{"not_picked":["JyouchiJin+1","SenyouGoraku+1","NingyouOkisou+1"],"picked":"SKIP","floor":44},{"not_picked":["JyouchiJin+1","WumiGaWareru","NingyouMusou+1"],"picked":"SKIP","floor":48},{"not_picked":["Sabishigari+1","SeekerWire+1","Agarareta+1"],"picked":"SKIP","floor":51},{"not_picked":["SelfTokamak","NarrowSpark","HagoromoKu+1"],"picked":"SKIP","floor":52},{"not_picked":["NingyouFukuhei+1","KinbakuJin+1","NingyouShinki+1"],"picked":"SKIP","floor":56}],"player_experience":471,"relics_obtained":[{"floor":6,"key":"MawBank"},{"floor":8,"key":"CrystalOfMemory"},{"floor":9,"key":"Pen Nib"},{"floor":11,"key":"jedi:Pinwheel"},{"floor":14,"key":"reliquary:ExpiredCoupon"},{"floor":23,"key":"Regal Pillow"},{"floor":26,"key":"The Courier"},{"floor":36,"key":"Replay:Multitool"},{"floor":43,"key":"Toy Ornithopter"},{"floor":44,"key":"reliquary:GummyVitamins"},{"floor":51,"key":"paleoftheancients:SoulOfTheWatcher"},{"floor":54,"key":"reliquary:SharkskinSheath"}],"event_choices":[{"damage_healed":0,"gold_gain":0,"player_choice":"Success","damage_taken":12,"relics_obtained":["ReplayTheSpireMod:Lightbulb"],"max_hp_gain":0,"max_hp_loss":0,"event_name":"Scrap Ooze","floor":5,"gold_loss":0},{"damage_healed":0,"gold_gain":0,"cards_transformed":["Defend_Komeiji","Strike_Komeiji"],"player_choice":"Became Test Subject","damage_taken":0,"max_hp_gain":0,"max_hp_loss":0,"event_name":"Drug Dealer","floor":20,"gold_loss":0,"cards_obtained":["EnMu","Agarareta"]},{"cards_removed":["Defend_Komeiji"],"damage_healed":0,"gold_gain":0,"player_choice":"Elegance","damage_taken":0,"max_hp_gain":0,"max_hp_loss":0,"event_name":"Back to Basics","floor":21,"gold_loss":0},{"damage_healed":0,"gold_gain":0,"player_choice":"Fight","damage_taken":0,"max_hp_gain":0,"max_hp_loss":0,"event_name":"MindBloom","floor":36,"gold_loss":0},{"damage_healed":0,"gold_gain":0,"player_choice":"Invest 2","damage_taken":0,"max_hp_gain":0,"max_hp_loss":0,"event_name":"conspire:Investor","floor":46,"gold_loss":0}],"is_beta":false,"boss_relics":[{"not_picked":["NightmareShop","OneHitWonderSystem"],"picked":"reliquary:WritOfMandamus"},{"not_picked":["GuanYuAspect","FeatherPendant"],"picked":"Grimoire"}],"items_purged_floors":[],"is_endless":false,"potions_floor_spawned":[4,6,13,16,23,24,31,33,41,44,52,56],"killed_by":"paleoftheancients:N","ascension_level":0}}