{"host":"z609fbm6pkeriks8","time":1613531689,"event":{"mods":["AchievementEnabler","BaseMod","Colored Map","Colored Powertips","Highlight Path","Minty Spire (QoL Compilation)","StSLib"],"gold_per_floor":[111,36,56,6,24,57,57,57,109,109,109],"floor_reached":10,"language":"ZHS","playtime":354,"items_purged":[],"score":96,"play_id":"c669b8ed-4e15-4bf5-b8bf-d89687e7891d","local_time":"20210217111449","is_ascension_mode":true,"campfire_choices":[{"data":"Entrench","floor":8,"key":"SMITH"}],"circlet_count":0,"master_deck":["Strike_R","Strike_R","Strike_R","Strike_R","Defend_R","Defend_R","Defend_R","Defend_R","Bash","Entrench+1","Whirlwind","Bloodletting","Twin Strike","Second Wind"],"relics":["Burning Blood","Bronze Scales","Regal Pillow"],"acts_visited":["Exordium"],"potions_floor_usage":[3,6],"damage_taken":[{"damage":3,"enemies":"2 Louse","floor":1,"turns":5},{"damage":0,"enemies":"Small Slimes","floor":3,"turns":4},{"damage":4,"enemies":"Cultist","floor":5,"turns":3},{"damage":28,"enemies":"3 Sentries","floor":6,"turns":6},{"damage":72,"enemies":"Gremlin Nob","floor":10,"turns":5}],"seed_played":"-5562929350044986573","potions_obtained":[{"floor":1,"key":"Dexterity Potion"},{"floor":5,"key":"Energy Potion"}],"is_trial":false,"path_per_floor":["M","$","M","?","M","E","?","R","T","E"],"character_chosen":"IRONCLAD","items_purchased":["Whirlwind"],"campfire_rested":0,"item_purchase_floors":[2],"current_hp_per_floor":[83,83,88,88,88,66,66,66,66,0,0],"gold":109,"neow_bonus":"TEN_PERCENT_HP_BONUS","is_daily":false,"chose_seed":false,"campfire_upgraded":1,"win_rate":0.0,"timestamp":1613531689,"path_taken":["M","$","M","?","M","E","?","R","T","E"],"items_purchased_type":["Card"],"build_version":"2020-12-22","purchased_purges":0,"victory":false,"max_hp_per_floor":[88,88,88,88,88,88,88,88,88,88,88],"card_choices":[{"not_picked":["Flame Barrier","Clash"],"picked":"Entrench","floor":1},{"not_picked":["Wild Strike","Sword Boomerang"],"picked":"Bloodletting","floor":3},{"not_picked":["Flame Barrier","Clothesline"],"picked":"Twin Strike","floor":5},{"not_picked":["Headbutt","Sword Boomerang"],"picked":"Second Wind","floor":6}],"player_experience":123899,"relics_obtained":[{"floor":6,"key":"Bronze Scales"},{"floor":9,"key":"Regal Pillow"}],"event_choices":[{"cards_removed":["Strike_R"],"damage_healed":0,"gold_gain":0,"player_choice":"Card Removal","damage_taken":0,"max_hp_gain":0,"max_hp_loss":0,"event_name":"The Cleric","floor":4,"gold_loss":50},{"damage_healed":0,"gold_gain":0,"player_choice":"Searched \u00270\u0027 times","damage_taken":0,"max_hp_gain":0,"max_hp_loss":0,"event_name":"Dead Adventurer","floor":7,"gold_loss":0}],"is_beta":false,"boss_relics":[],"items_purged_floors":[],"is_endless":false,"potions_floor_spawned":[1,5],"killed_by":"Gremlin Nob","ascension_level":9}}