{"host":"fdip6nj211smoxvi","time":1613581347,"event":{"mods":["BaseMod","BetterRewards","Colored Map","Downfall","Hermit","Minty Spire (QoL Compilation)","Shop Mod","StSLib","The Hierophant","The Servant 0.9.4"],"gold_per_floor":[111,130,142,107,107,141,4,179,179,205,52,65,65,65],"floor_reached":13,"language":"DEU","playtime":535,"items_purged":["Doubt"],"score":130,"play_id":"a4a976ba-c316-4117-819b-2d698139ebc3","local_time":"20210217180227","is_ascension_mode":true,"campfire_choices":[],"circlet_count":0,"master_deck":["Strike_R","Strike_R","Strike_R","Strike_R","Strike_R","Defend_R","Defend_R","Defend_R","Defend_R","Bash","Clothesline","Cleave","Pummel","Inflame","Feed+1","Whirlwind+1","Shrug It Off+1","Clothesline+1","Reaper+1"],"relics":["Burning Blood","NeowsBlessing","Molten Egg 2","Pear","Toxic Egg 2","Sundial"],"acts_visited":["Exordium"],"potions_floor_usage":[6,13,13],"damage_taken":[{"damage":0,"enemies":"Cultist","floor":1,"turns":1},{"damage":0,"enemies":"Small Slimes","floor":2,"turns":1},{"damage":0,"enemies":"Jaw Worm","floor":3,"turns":1},{"damage":45,"enemies":"3 Sentries","floor":6,"turns":7},{"damage":35,"enemies":"Gremlin Nob","floor":10,"turns":5},{"damage":17,"enemies":"Large Slime","floor":12,"turns":6},{"damage":35,"enemies":"3 Sentries","floor":13,"turns":6}],"seed_played":"7748828057068300527","potions_obtained":[{"floor":2,"key":"Fire Potion"},{"floor":6,"key":"sneckomod:MuddlingPotion"},{"floor":12,"key":"hexamod:SoulburnPotion"}],"is_trial":false,"path_per_floor":["M","M","M","?","T","E","$","?","T","E","$","M","E"],"character_chosen":"IRONCLAD","items_purchased":["Feed+1","Shrug It Off+1","Clothesline+1"],"campfire_rested":0,"item_purchase_floors":[7,11,11],"current_hp_per_floor":[78,80,80,80,80,51,51,51,51,22,22,15,0,0],"gold":65,"neow_bonus":"THREE_ENEMY_KILL","is_daily":false,"chose_seed":false,"campfire_upgraded":0,"win_rate":0.0,"timestamp":1613581347,"path_taken":["M","?","?","?","?","E","$","?","T","E","$","M","E"],"items_purchased_type":["Card","Card","Card"],"build_version":"2020-12-22","purchased_purges":1,"victory":false,"max_hp_per_floor":[80,80,80,80,80,90,90,90,90,90,90,94,94,94],"card_choices":[{"not_picked":["Body Slam","Iron Wave"],"picked":"Clothesline","floor":1},{"not_picked":["Pommel Strike","Shrug It Off"],"picked":"Cleave","floor":2},{"not_picked":["Armaments","Second Wind"],"picked":"Pummel","floor":3},{"not_picked":["Headbutt+1","Wild Strike+1"],"picked":"Inflame","floor":6},{"not_picked":["Hemokinesis+1","Dark Embrace"],"picked":"Whirlwind+1","floor":10},{"not_picked":["Shrug It Off+1","Pommel Strike+1"],"picked":"Reaper+1","floor":12}],"player_experience":275124,"relics_obtained":[{"floor":5,"key":"Molten Egg 2"},{"floor":6,"key":"Pear"},{"floor":9,"key":"Toxic Egg 2"},{"floor":10,"key":"Sundial"}],"event_choices":[{"damage_healed":0,"gold_gain":0,"player_choice":"Left Gold","damage_taken":0,"max_hp_gain":0,"max_hp_loss":0,"event_name":"World of Goop","floor":4,"gold_loss":35},{"damage_healed":0,"gold_gain":175,"player_choice":"AGREE","damage_taken":0,"max_hp_gain":0,"max_hp_loss":0,"event_name":"Liars Game","floor":8,"gold_loss":0,"cards_obtained":["Doubt"]}],"is_beta":false,"boss_relics":[],"items_purged_floors":[11],"is_endless":false,"potions_floor_spawned":[2,6,12],"killed_by":"3 Sentries","ascension_level":8}}