{"host":"i9o21tdcc8l3o4rw","time":1613602568,"event":{"mods":["2.2 Compatiblity","Act Like it!","BaseMod","BetterRewards","Colored Map","Colored Powertips","Hubris","Infinite Spire","Jorbs\u0027s Wanderer Trilogy","Marisa????????","Menagerie","Minty Spire (QoL Compilation)","Replay The Spire","Shop Mod","StSLib","The Bladedancer","The Exalted","The Servant 0.9.4","??????REMEMod"],"gold_per_floor":[119,136,136,136,154,154,188,200,200,219,219,219,247,264,264,361,361,371,471,471,489,24,24,24,42,42,42,73,99,99,127,127,236,236,270,18,18,72,96,129,129,153,178,178,209,237,283,314,314,314],"floor_reached":51,"playtime":8774,"items_purged":[],"score":977,"play_id":"251e0d28-82ec-44ea-98e6-5edef31869fd","local_time":"20210217235608","is_ascension_mode":false,"campfire_choices":[{"floor":6.0,"key":"REST"},{"data":"Cleave","floor":11.0,"key":"SMITH"},{"data":"Feed","floor":15.0,"key":"SMITH"},{"floor":23.0,"key":"REST"},{"floor":27.0,"key":"REST"},{"floor":30.0,"key":"REST"},{"floor":41,"key":"REST"},{"floor":49,"key":"REST"}],"circlet_count":0,"master_deck":["Strike_R","Strike_R","Strike_R","Strike_R","Strike_R","Defend_R","Defend_R","Defend_R","Defend_R","Bash","Cleave+1","Uppercut","Dropkick","Armaments","Twin Strike","Shockwave","Menagerie:BloodySpellbook","Feed+1","Heavy Blade","Replay:Undeath\u0027s Touch","Fire Breathing+1","Reaper","PanicButton","Spot Weakness","hubris:Compulsion","Perfected Strike","Rage","Reckless Charge","Perfected Strike","Apotheosis","Berserk","Searing Blow","Cleave","Power Through+1","True Grit+1","Armaments+1","Dual Wield+1"],"relics":["Burning Blood","REME_ComplimentaryCards","Ring of Hypnosis","ReplayTheSpireMod:Ring of Addiction","SacredBark","Chameleon Ring","hubris:ChampionShield","PreservedInsect","Shuriken","Bromod:ArcaneNullifier","Mercury Hourglass","Mark of Pain","Happy Flower","infinitespire:Eraser","ReplayTheSpireMod:CursedCoin","Blood Vial","Nunchaku","infinitespire:EvilPickle","Bromod:ArcaneBarrier","hubris:TinFlute","King of Hearts","Self Forming Clay","Bromod:ArcaneTempo","Lantern"],"acts_visited":["Menagerie:Menagerie","TheCity","TheBeyond"],"potions_floor_usage":[50,50],"damage_taken":[{"damage":8.0,"enemies":"Menagerie:MonstrousExperiment","floor":1.0,"turns":3.0},{"damage":9.0,"enemies":"Menagerie:WhisperingWraith","floor":2.0,"turns":4.0},{"damage":4.0,"enemies":"Menagerie:2_RABBITS","floor":5.0,"turns":5.0},{"damage":0.0,"enemies":"Menagerie:MaskedSummoner","floor":7.0,"turns":6.0},{"damage":8.0,"enemies":"Menagerie:DREAD_MOTH_AND_GRAFTED_WORMS","floor":8.0,"turns":4.0},{"damage":0.0,"enemies":"Menagerie:Hexasnake","floor":10.0,"turns":3.0},{"damage":12.0,"enemies":"Menagerie:Hydra","floor":13.0,"turns":4.0},{"damage":1.0,"enemies":"Menagerie:MENAGERIE_WILDLIFE","floor":14.0,"turns":2.0},{"damage":39.0,"enemies":"Menagerie:Chimera","floor":16.0,"turns":12.0},{"damage":7.0,"enemies":"2 Thieves","floor":18.0,"turns":3.0},{"damage":0.0,"enemies":"Shell Parasite","floor":20.0,"turns":2.0},{"damage":18.0,"enemies":"Snake Plant","floor":21.0,"turns":4.0},{"damage":18.0,"enemies":"Cultist and Chosen","floor":25.0,"turns":7.0},{"damage":22.0,"enemies":"REME_1_Revenger","floor":29.0,"turns":3.0},{"damage":1.0,"enemies":"Gremlin Leader","floor":31.0,"turns":3.0},{"damage":59.0,"enemies":"Pondfish","floor":33.0,"turns":13.0},{"damage":0,"enemies":"3 Shapes","floor":35,"turns":2},{"damage":19,"enemies":"3 Darklings","floor":39,"turns":6},{"damage":32,"enemies":"Giant Head","floor":40,"turns":7},{"damage":19,"enemies":"4 Shapes","floor":42,"turns":4},{"damage":16,"enemies":"Spire Growth","floor":45,"turns":4},{"damage":14,"enemies":"Transient","floor":46,"turns":5},{"damage":56,"enemies":"Writhing Mass","floor":48,"turns":7},{"damage":60,"enemies":"hubris:GrandSnecko","floor":50,"turns":13}],"seed_played":"5147694286360341811","potions_obtained":[{"floor":0.0,"key":"SmokeBomb"},{"floor":0.0,"key":"EntropicBrew"},{"floor":0.0,"key":"Reflective Coating"},{"floor":3.0,"key":"Dexterity Potion"},{"floor":14.0,"key":"Adrenaline Potion"},{"floor":16.0,"key":"PowerPotion"},{"floor":29.0,"key":"SteroidPotion"},{"floor":32.0,"key":"BlessingOfTheForge"},{"floor":32.0,"key":"BlessingOfTheForge"},{"floor":42,"key":"Reflective Coating"},{"floor":44,"key":"FairyPotion"},{"floor":44,"key":"SkillPotion"},{"floor":46,"key":"LiquidMemories"}],"is_trial":false,"path_per_floor":["M","M","?","$","M","R","E","M","T","M","R","?","E","M","R","B",null,"M","?","M","M","$","R","$","M","T","R","$","E","R","E","R","B",null,"M","$","?","T","M","E","R","M","T","R","M","M","T","M","R","B",null],"character_chosen":"IRONCLAD","items_purchased":["hubris:ChampionShield","PreservedInsect","Reaper","PanicButton","Happy Flower","Death Potion","ReplayTheSpireMod:CursedCoin","Perfected Strike","Rage","hubris:TinFlute"],"campfire_rested":6,"item_purchase_floors":[4,4,22,22,22,22,28,28,28,36],"current_hp_per_floor":[78,75,75,55,57,80,78,76,76,76,76,76,68,73,73,40,74,73,73,74,62,62,74,74,63,63,72,70,54,70,70,70,25,70,70,70,68,68,65,50,66,57,57,57,49,43,43,54,64,40],"gold":314,"neow_bonus":"THREE_SMALL_POTIONS","is_daily":false,"chose_seed":false,"campfire_upgraded":2,"win_rate":0.0,"timestamp":1613602568,"path_taken":["M","M","?","?","M","R","E","?","T","M","R","?","E","M","R","BOSS","M","?","M","M","$","R","?","M","T","R","$","E","R","E","R","BOSS","M","$","?","?","M","E","R","?","T","R","M","M","?","M","R","BOSS"],"items_purchased_type":["Relic","Relic","Card","Card","Relic","Potion","Relic","Card","Card","Relic"],"build_version":"2020-11-29","purchased_purges":0,"victory":true,"max_hp_per_floor":[80,80,80,80,80,80,78,78,78,76,76,76,74,74,74,74,74,74,74,74,74,74,74,74,72,72,72,70,70,70,70,70,70,70,70,70,68,68,68,66,66,70,68,68,68,66,66,66,64,64],"card_choices":[{"not_picked":["Perfected Strike","Clash"],"picked":"Cleave","floor":1.0},{"not_picked":["Replay:Undeath\u0027s Touch","Headbutt"],"picked":"Uppercut","floor":2.0},{"not_picked":["Feel No Pain","REME_Scribble"],"picked":"Dropkick","floor":5.0},{"not_picked":["Clothesline","Warcry"],"picked":"Armaments","floor":7.0},{"not_picked":["Anger","ReplayTheSpireMod:LeadingStrike"],"picked":"Twin Strike","floor":8.0},{"not_picked":["Pummel","True Grit"],"picked":"Shockwave","floor":10.0},{"not_picked":["Metallicize","Dropkick"],"picked":"Feed","floor":13.0},{"not_picked":["Twin Strike","Entrench"],"picked":"Heavy Blade","floor":14.0},{"not_picked":["hubris:ReadiedAction","REME_SingleHolding"],"picked":"Replay:Undeath\u0027s Touch","floor":18.0},{"not_picked":["Run Through","Cleave"],"picked":"Fire Breathing+1","floor":21.0},{"not_picked":["Twin Strike","hubris:ReadiedAction"],"picked":"Spot Weakness","floor":25.0},{"not_picked":["Run Through","Limit Break"],"picked":"Reckless Charge","floor":29.0},{"not_picked":["ReplayTheSpireMod:Strike From Hell","Cleave"],"picked":"Perfected Strike","floor":31.0},{"not_picked":["REME_ACTH","Fiend Fire"],"picked":"Berserk","floor":33.0},{"not_picked":["infinitespire:OneForAll","Inflame+1"],"picked":"Searing Blow","floor":35},{"not_picked":["ReplayTheSpireMod:Strike From Hell+1","Headbutt"],"picked":"Cleave","floor":39},{"not_picked":["infinitespire:OneForAll+1","Battle Trance"],"picked":"Power Through+1","floor":40},{"not_picked":["Perfected Strike+1","Sword Boomerang+1"],"picked":"True Grit+1","floor":42},{"not_picked":["ReplayTheSpireMod:Strike From Hell+1","Defy Death","hubris:ReadiedAction"],"picked":"SKIP","floor":45},{"not_picked":["Spot Weakness+1","REME_FearOfPain+1"],"picked":"Armaments+1","floor":46},{"not_picked":["REME_Cut","Anger"],"picked":"Dual Wield+1","floor":48}],"player_experience":130786,"relics_obtained":[{"floor":3.0,"key":"Ring of Hypnosis"},{"floor":3.0,"key":"ReplayTheSpireMod:Ring of Addiction"},{"floor":3.0,"key":"SacredBark"},{"floor":3.0,"key":"Chameleon Ring"},{"floor":7.0,"key":"Shuriken"},{"floor":9.0,"key":"Bromod:ArcaneNullifier"},{"floor":13.0,"key":"Mercury Hourglass"},{"floor":26.0,"key":"infinitespire:Eraser"},{"floor":29.0,"key":"Blood Vial"},{"floor":31.0,"key":"Nunchaku"},{"floor":38,"key":"King of Hearts"},{"floor":40,"key":"Self Forming Clay"},{"floor":43,"key":"Bromod:ArcaneTempo"},{"floor":47,"key":"Lantern"}],"event_choices":[{"damage_healed":0.0,"max_hp_gain":0.0,"max_hp_loss":0.0,"gold_gain":0.0,"cards_transformed":["hubris:Despair"],"event_name":"Menagerie:MagesHand","player_choice":"Grasp","floor":12.0,"gold_loss":0.0,"damage_taken":0.0,"cards_obtained":["Menagerie:BloodySpellbook"]},{"damage_healed":0.0,"max_hp_gain":0.0,"max_hp_loss":0.0,"gold_gain":100.0,"event_name":"Golden Shrine","player_choice":"Pray","floor":19.0,"gold_loss":0.0,"damage_taken":0.0},{"damage_healed":0,"gold_gain":0,"player_choice":"Ignored","damage_taken":0,"max_hp_gain":0,"max_hp_loss":0,"event_name":"Mysterious Sphere","floor":37,"gold_loss":0}],"is_beta":false,"boss_relics":[{"not_picked":["hubris:VirtuousBlindfold","Replay:Grab Bag"],"picked":"Mark of Pain"},{"not_picked":["Astrolabe","infinitespire:Cupcake"],"picked":"Bromod:ArcaneBarrier"}],"items_purged_floors":[],"is_endless":false,"potions_floor_spawned":[1,8,14,16,20,29,42,45,46],"ascension_level":0}}