{"host":"3c8x8j1h2jyrixpf","time":1613600078,"event":{"mods":["BaseMod","Colored Powertips","Highlight Path","Minty Spire (QoL Compilation)","StSLib"],"gold_per_floor":[99,99,99,99,99,99,99,99,99,99,99,99,99,99,99,99,99,39,39,39,39,39],"floor_reached":21,"language":"ENG","playtime":936,"items_purged":[],"score":322,"play_id":"c21df5e4-9204-452a-9283-aa4eea62ab40","local_time":"20210217161438","is_ascension_mode":true,"campfire_choices":[{"data":"Masterful Stab","floor":6,"key":"SMITH"},{"data":"Deadly Poison","floor":12,"key":"SMITH"},{"floor":15,"key":"REST"}],"circlet_count":0,"master_deck":["AscendersBane","Strike_G","Strike_G","Strike_G","Strike_G","Strike_G","Defend_G","Defend_G","Defend_G","Defend_G","Defend_G","Survivor","Neutralize","Backstab","Slice","Masterful Stab+1","PiercingWail","Dagger Spray","Infinite Blades","Deadly Poison+1","Deflect","Catalyst","Tools of the Trade+1","Cloak And Dagger","Caltrops+1"],"relics":["Ectoplasm","Oddly Smooth Stone","Frozen Egg 2","Thread and Needle","Shuriken","Runic Pyramid"],"acts_visited":["Exordium","TheCity"],"potions_floor_usage":[7,7,10,16,20,21],"damage_taken":[{"damage":1,"enemies":"Cultist","floor":1,"turns":5},{"damage":0,"enemies":"Small Slimes","floor":3,"turns":4},{"damage":6,"enemies":"2 Louse","floor":4,"turns":2},{"damage":0,"enemies":"Large Slime","floor":5,"turns":5},{"damage":18,"enemies":"Lagavulin","floor":7,"turns":7},{"damage":6,"enemies":"3 Louse","floor":8,"turns":3},{"damage":16,"enemies":"Gremlin Nob","floor":10,"turns":3},{"damage":0,"enemies":"Exordium Wildlife","floor":11,"turns":3},{"damage":0,"enemies":"Large Slime","floor":13,"turns":5},{"damage":15,"enemies":"Hexaghost","floor":16,"turns":8},{"damage":14,"enemies":"2 Thieves","floor":18,"turns":4},{"damage":10,"enemies":"Spheric Guardian","floor":19,"turns":5},{"damage":11,"enemies":"3 Cultists","floor":20,"turns":6},{"damage":35,"enemies":"Cultist and Chosen","floor":21,"turns":6}],"seed_played":"-4182989204839286076","potions_obtained":[{"floor":3,"key":"ColorlessPotion"},{"floor":4,"key":"EssenceOfSteel"},{"floor":8,"key":"SteroidPotion"},{"floor":10,"key":"CultistPotion"},{"floor":11,"key":"LiquidMemories"},{"floor":19,"key":"SpeedPotion"}],"is_trial":false,"path_per_floor":["M","?","M","M","M","R","E","M","T","E","M","R","M","T","R","B",null,"M","M","M","M"],"character_chosen":"THE_SILENT","items_purchased":[],"campfire_rested":1,"item_purchase_floors":[],"current_hp_per_floor":[62,62,62,56,56,56,38,32,32,16,16,16,16,16,37,22,58,44,34,23,0,0],"gold":39,"neow_bonus":"BOSS_RELIC","is_daily":false,"chose_seed":false,"campfire_upgraded":2,"win_rate":0.0,"timestamp":1613600078,"path_taken":["M","?","M","?","M","R","E","M","T","E","M","R","M","?","R","BOSS","M","M","M","M"],"items_purchased_type":[],"build_version":"2020-12-22","purchased_purges":0,"victory":false,"max_hp_per_floor":[70,70,70,70,70,70,70,70,70,70,70,70,70,70,70,70,70,70,70,70,70,70],"card_choices":[{"not_picked":["Cloak And Dagger","Escape Plan"],"picked":"Backstab","floor":1},{"not_picked":["Concentrate","PiercingWail"],"picked":"Slice","floor":3},{"not_picked":["Calculated Gamble","PiercingWail"],"picked":"Masterful Stab","floor":4},{"not_picked":["Flying Knee","Setup"],"picked":"PiercingWail","floor":5},{"not_picked":["Quick Slash","Caltrops"],"picked":"Dagger Spray","floor":7},{"not_picked":["Eviscerate","Heel Hook"],"picked":"Infinite Blades","floor":8},{"not_picked":["Calculated Gamble","Catalyst"],"picked":"Deadly Poison","floor":10},{"not_picked":["Acrobatics","Backstab"],"picked":"Deflect","floor":11},{"not_picked":["Backflip","Quick Slash"],"picked":"Catalyst","floor":13},{"not_picked":["Grand Finale","Phantasmal Killer"],"picked":"Tools of the Trade+1","floor":16},{"not_picked":["Well Laid Plans+1","Deflect"],"picked":"Cloak And Dagger","floor":18},{"not_picked":["Skewer","Cloak And Dagger"],"picked":"Caltrops+1","floor":19},{"not_picked":["Dagger Spray","Dodge and Roll","Prepared+1"],"picked":"SKIP","floor":20}],"player_experience":263825,"relics_obtained":[{"floor":7,"key":"Oddly Smooth Stone"},{"floor":9,"key":"Frozen Egg 2"},{"floor":10,"key":"Thread and Needle"},{"floor":14,"key":"Shuriken"}],"event_choices":[{"damage_healed":0,"gold_gain":100,"player_choice":"Pray","damage_taken":0,"max_hp_gain":0,"max_hp_loss":0,"event_name":"Golden Shrine","floor":2,"gold_loss":0}],"is_beta":false,"boss_relics":[{"not_picked":["Black Star","Fusion Hammer"],"picked":"Runic Pyramid"}],"items_purged_floors":[],"is_endless":false,"potions_floor_spawned":[3,4,8,10,11,19],"killed_by":"Cultist and Chosen","ascension_level":13}}