{"host":"a1eatafr7pisesky","time":1613565120,"event":{"mods":["AchievementEnabler","BaseMod","Colored Map","Keyboard Shortcuts","Minty Spire (QoL Compilation)","Say the Spire","StSLib","SuperFastMode","everything is the same but u backflip on backflip"],"gold_per_floor":[16,16,16,26,46,46,71,30,57,87,87,120,120,145,145,145,145],"floor_reached":16,"language":"KOR","playtime":283,"items_purged":[],"score":246,"play_id":"02413b15-24d0-44f0-9df0-d266a03ce9b9","local_time":"20210217213200","is_ascension_mode":true,"campfire_choices":[{"data":"Sword Boomerang","floor":6.0,"key":"SMITH"},{"floor":11,"key":"REST"},{"floor":13,"key":"REST"},{"data":"Bash","floor":15,"key":"SMITH"}],"circlet_count":0,"master_deck":["AscendersBane","Strike_R","Strike_R","Strike_R","Defend_R","Defend_R","Defend_R","Bash+1","Sword Boomerang+1","Thunderclap","Evolve","Battle Trance","Power Through","Bloodletting","Sword Boomerang"],"relics":["Burning Blood","Meat on the Bone","PreservedInsect","Pen Nib","Nunchaku","Bronze Scales","Eternal Feather"],"acts_visited":["Exordium"],"potions_floor_usage":[12],"damage_taken":[{"damage":15.0,"enemies":"Small Slimes","floor":1.0,"turns":4.0},{"damage":14.0,"enemies":"Jaw Worm","floor":4.0,"turns":4.0},{"damage":8.0,"enemies":"2 Louse","floor":5.0,"turns":3.0},{"damage":8.0,"enemies":"Gremlin Nob","floor":7.0,"turns":3.0},{"damage":40,"enemies":"3 Sentries","floor":10,"turns":6},{"damage":26,"enemies":"Gremlin Nob","floor":12,"turns":4},{"damage":23,"enemies":"3 Sentries","floor":14,"turns":3},{"damage":57,"enemies":"The Guardian","floor":16,"turns":9}],"seed_played":"-4689950468169599483","potions_obtained":[{"floor":1.0,"key":"CultistPotion"},{"floor":4.0,"key":"CultistPotion"},{"floor":10,"key":"SpeedPotion"}],"is_trial":false,"path_per_floor":["M","?","T","M","M","R","E","$","T","E","R","E","R","E","R","B"],"character_chosen":"IRONCLAD","items_purchased":["Battle Trance"],"campfire_rested":2,"item_purchase_floors":[8],"current_hp_per_floor":[59,59,59,51,49,49,47,47,47,25,47,39,61,44,53,0,0],"gold":145,"neow_bonus":"REMOVE_TWO","is_daily":false,"chose_seed":false,"campfire_upgraded":2,"win_rate":0.0,"timestamp":1613565120,"path_taken":["M","?","?","M","M","R","E","$","T","E","R","E","R","E","R","BOSS"],"items_purchased_type":["Card"],"build_version":"2020-12-22","purchased_purges":0,"victory":false,"max_hp_per_floor":[75,75,75,75,75,75,75,75,75,75,75,75,75,75,75,75,75],"card_choices":[{"not_picked":["Fire Breathing","Flex","Warcry"],"picked":"SKIP","floor":1.0},{"not_picked":["Body Slam","Havoc"],"picked":"Sword Boomerang","floor":4.0},{"not_picked":["Rampage","Metallicize"],"picked":"Thunderclap","floor":5.0},{"not_picked":["Hemokinesis","Battle Trance"],"picked":"Evolve","floor":7.0},{"not_picked":["Shrug It Off","Headbutt"],"picked":"Power Through","floor":10},{"not_picked":["Ghostly Armor","Havoc"],"picked":"Bloodletting","floor":12},{"not_picked":["Corruption","Perfected Strike"],"picked":"Sword Boomerang","floor":14}],"player_experience":462044,"relics_obtained":[{"floor":3.0,"key":"Meat on the Bone"},{"floor":7.0,"key":"PreservedInsect"},{"floor":9.0,"key":"Pen Nib"},{"floor":10,"key":"Nunchaku"},{"floor":12,"key":"Bronze Scales"},{"floor":14,"key":"Eternal Feather"}],"event_choices":[{"cards_removed":["Strike_R"],"damage_healed":0.0,"max_hp_gain":0.0,"max_hp_loss":0.0,"gold_gain":0.0,"event_name":"Living Wall","player_choice":"Forget","floor":2.0,"gold_loss":0.0,"damage_taken":0.0}],"is_beta":false,"boss_relics":[],"items_purged_floors":[],"is_endless":false,"potions_floor_spawned":[1,4,10],"killed_by":"The Guardian","ascension_level":19}}