{"host":"g907ck67u7c3hrs6","time":1613566359,"event":{"mods":["BaseMod","Colored Map","DeckTracker","Force Act Four","Highlight Path","Keyboard Shortcuts","Minty Spire (QoL Compilation)","Permanent Neow","Say the Spire","SuperFastMode"],"gold_per_floor":[113,124,138,157,168,202,237,263,263,263,295,321,346,373,373,450,450,468,482,482,361,389,429,474,513,525,569,285,310,310,48,48,121,121,137,87,97,113,140,167,192,227,227,252,285,317,317,353,353,362,371],"floor_reached":52,"language":"KOR","playtime":1832,"items_purged":["Normality","Normality","Regret","Injury"],"score":3785,"play_id":"c675a399-aeff-4aa3-bb63-fecdeb45ebc7","local_time":"20210217215239","daily_mods":["SealedDeck","Heirloom","Time Dilation","Flight","DeadlyEvents","Cursed Run","Elite Swarm"],"is_ascension_mode":true,"campfire_choices":[{"data":"A Thousand Cuts","floor":10.0,"key":"SMITH"},{"data":"Malaise","floor":15,"key":"SMITH"},{"data":"After Image","floor":30,"key":"SMITH"},{"data":"After Image","floor":32,"key":"SMITH"},{"data":"Accuracy","floor":47,"key":"SMITH"},{"data":"Footwork","floor":49,"key":"SMITH"}],"circlet_count":0,"master_deck":["AscendersBane","Backstab","Dagger Spray","Backflip+1","Acrobatics","Tactician+1","Cloak And Dagger","Infinite Blades","Deflect","Backstab","Accuracy+1","Acrobatics","Backflip","Backstab","Escape Plan","Malaise+1","A Thousand Cuts+1","After Image+1","Adrenaline","Adrenaline","After Image+1","Footwork","Blade Dance","Footwork+1","Phantasmal Killer","Wraith Form v2+1","After Image+1","Adrenaline+1","Adrenaline+1","Adrenaline+1","Adrenaline+1","CurseOfTheBell","Acrobatics+1","Outmaneuver+1","Backflip+1","Regret","Envenom+1","Adrenaline+1","Writhe","Night Terror+1","A Thousand Cuts+1","Shame","Writhe"],"relics":["Cursed Key","Darkstone Periapt","Du-Vu Doll","Thread and Needle","TungstenRod","HornCleat","Eternal Feather","Ancient Tea Set","Dream Catcher","The Courier","Turnip","Paper Crane","Black Star","Frozen Egg 2","MawBank","Lizard Tail","Matryoshka","Question Card","War Paint","Toxic Egg 2","Ice Cream","Toy Ornithopter","Smiling Mask","The Specimen","Lantern","Membership Card","Pantograph","Tough Bandages","Regal Pillow","Bottled Lightning","Kunai","Calling Bell","Akabeko","Meat on the Bone","Incense Burner","Centennial Puzzle","Bag of Marbles","Gambling Chip","Ninja Scroll","Vajra","Ginger","Boot","FossilizedHelix","Potion Belt","Bag of Preparation","Mummified Hand","StrikeDummy","CeramicFish","Strawberry","InkBottle","Happy Flower"],"acts_visited":["Exordium","TheCity","TheBeyond"],"potions_floor_usage":[12,29,29,29],"damage_taken":[{"damage":0.0,"enemies":"Cultist","floor":1.0,"turns":2.0},{"damage":0.0,"enemies":"2 Louse","floor":2.0,"turns":1.0},{"damage":0.0,"enemies":"Jaw Worm","floor":3.0,"turns":2.0},{"damage":0.0,"enemies":"Red Slaver","floor":4.0,"turns":1.0},{"damage":0.0,"enemies":"Exordium Thugs","floor":5.0,"turns":2.0},{"damage":3.0,"enemies":"Lagavulin","floor":6.0,"turns":5.0},{"damage":0.0,"enemies":"Gremlin Nob","floor":7.0,"turns":2.0},{"damage":0.0,"enemies":"Lagavulin","floor":8.0,"turns":3.0},{"damage":0,"enemies":"Gremlin Nob","floor":11,"turns":2},{"damage":9,"enemies":"Lagavulin","floor":12,"turns":4},{"damage":0,"enemies":"3 Sentries","floor":13,"turns":5},{"damage":0,"enemies":"Gremlin Nob","floor":14,"turns":3},{"damage":0,"enemies":"The Guardian","floor":16,"turns":9},{"damage":5,"enemies":"Spheric Guardian","floor":18,"turns":4},{"damage":0,"enemies":"Chosen","floor":19,"turns":3},{"damage":29,"enemies":"Gremlin Leader","floor":22,"turns":5},{"damage":12,"enemies":"Slavers","floor":23,"turns":2},{"damage":0,"enemies":"Gremlin Leader","floor":24,"turns":4},{"damage":13,"enemies":"Slavers","floor":25,"turns":4},{"damage":16,"enemies":"Gremlin Leader","floor":27,"turns":4},{"damage":2,"enemies":"Book of Stabbing","floor":29,"turns":4},{"damage":0,"enemies":"Collector","floor":33,"turns":3},{"damage":0,"enemies":"3 Shapes","floor":35,"turns":3},{"damage":0,"enemies":"3 Darklings","floor":37,"turns":2},{"damage":0,"enemies":"4 Shapes","floor":38,"turns":2},{"damage":1,"enemies":"Reptomancer","floor":40,"turns":2},{"damage":0,"enemies":"Giant Head","floor":41,"turns":2},{"damage":0,"enemies":"Nemesis","floor":42,"turns":1},{"damage":0,"enemies":"Reptomancer","floor":44,"turns":1},{"damage":0,"enemies":"Giant Head","floor":45,"turns":3},{"damage":0,"enemies":"Reptomancer","floor":46,"turns":1},{"damage":0,"enemies":"Giant Head","floor":48,"turns":3},{"damage":0,"enemies":"Time Eater","floor":50,"turns":5},{"damage":0,"enemies":"Awakened One","floor":51,"turns":3}],"seed_played":"-3682553939252136835","potions_obtained":[{"floor":1.0,"key":"CunningPotion"},{"floor":4.0,"key":"Poison Potion"},{"floor":12,"key":"Fruit Juice"},{"floor":14,"key":"EntropicBrew"},{"floor":33,"key":"Explosive Potion"},{"floor":38,"key":"PowerPotion"},{"floor":44,"key":"Weak Potion"},{"floor":48,"key":"Energy Potion"}],"is_trial":true,"path_per_floor":["M","M","M","M","M","E","E","E","T","R","E","E","E","E","R","B",null,"M","M","?","$","E","E","E","E","T","E","$","E","R","$","R","B",null,"M","$","M","M","T","E","E","E","T","E","E","E","R","E","R","B","B",null],"character_chosen":"THE_SILENT","items_purchased":["Footwork","Membership Card","Pantograph","Bottled Lightning","Kunai"],"campfire_rested":0,"item_purchase_floors":[21,28,28,31,31],"current_hp_per_floor":[59,59,59,59,59,56,56,56,62,71,71,67,67,67,77,83,83,78,78,78,78,49,37,37,24,30,14,14,27,45,45,63,94,101,101,101,101,101,107,106,106,106,112,112,112,119,120,120,120,126,132],"gold":371,"neow_bonus":"","is_daily":false,"chose_seed":false,"campfire_upgraded":6,"win_rate":0.0,"timestamp":1613566359,"path_taken":["M","M","M","M","M","E","E","E","T","R","E","E","E","E","R","BOSS","M","?","?","$","?","E","E","E","T","E","$","E","R","$","R","BOSS","M","$","M","M","?","E","E","E","T","E","E","?","R","E","R","BOSS","BOSS"],"items_purchased_type":["Card","Relic","Relic","Relic","Relic"],"build_version":"2020-12-22","purchased_purges":4,"victory":true,"max_hp_per_floor":[66,66,66,66,66,66,66,66,72,72,72,77,77,77,77,83,83,83,83,83,83,83,83,83,83,89,89,89,89,89,89,89,95,101,101,101,101,101,107,107,107,107,113,113,113,120,120,120,120,126,132],"card_choices":[{"not_picked":["Setup","PiercingWail"],"picked":"Acrobatics","floor":1.0},{"not_picked":["Deadly Poison","Poisoned Stab"],"picked":"Backflip","floor":2.0},{"not_picked":["Sucker Punch","Quick Slash"],"picked":"Backstab","floor":3.0},{"not_picked":["Endless Agony","Dodge and Roll"],"picked":"Escape Plan","floor":4.0},{"not_picked":["Acrobatics","Underhanded Strike","Poisoned Stab"],"picked":"SKIP","floor":5.0},{"not_picked":["Acrobatics","Underhanded Strike","Poisoned Stab"],"picked":"SKIP","floor":5.0},{"not_picked":["Night Terror","Tools of the Trade"],"picked":"Malaise","floor":6.0},{"not_picked":["Storm of Steel","Glass Knife"],"picked":"A Thousand Cuts","floor":7.0},{"not_picked":["Glass Knife","Envenom"],"picked":"After Image","floor":8.0},{"not_picked":["Night Terror","Corpse Explosion"],"picked":"Adrenaline","floor":11},{"not_picked":["Wraith Form v2","Venomology"],"picked":"Adrenaline","floor":12},{"not_picked":["Grand Finale","Storm of Steel","Wraith Form v2"],"picked":"SKIP","floor":13},{"not_picked":["Bullet Time","Tools of the Trade","A Thousand Cuts"],"picked":"SKIP","floor":14},{"not_picked":["Unload","Night Terror"],"picked":"After Image","floor":16},{"not_picked":["Bane","Dagger Spray"],"picked":"Footwork","floor":18},{"not_picked":["Outmaneuver","Backflip","All Out Attack"],"picked":"SKIP","floor":19},{"not_picked":["Corpse Explosion","Unload"],"picked":"Phantasmal Killer","floor":22},{"not_picked":["Glass Knife","Storm of Steel"],"picked":"Wraith Form v2+1","floor":23},{"not_picked":["Malaise","Grand Finale"],"picked":"After Image+1","floor":24},{"not_picked":["Storm of Steel+1","Wraith Form v2+1","Bullet Time+1"],"picked":"Adrenaline+1","floor":25},{"not_picked":["Wraith Form v2+1","Burst+1","Night Terror+1"],"picked":"Adrenaline+1","floor":27},{"not_picked":["Venomology+1","Burst+1","Bullet Time+1"],"picked":"Adrenaline+1","floor":29},{"not_picked":["Doppelganger+1","Tools of the Trade+1","Burst+1"],"picked":"Adrenaline+1","floor":33},{"not_picked":["Dodge and Roll+1","Dagger Throw","Calculated Gamble+1"],"picked":"Acrobatics+1","floor":35},{"not_picked":["Flying Knee","Sucker Punch","Endless Agony","Outmaneuver+1"],"picked":"SKIP","floor":37},{"not_picked":["Flying Knee","Sucker Punch","Endless Agony"],"picked":"Outmaneuver+1","floor":37},{"not_picked":["Crippling Poison+1","Prepared+1","Cloak And Dagger+1"],"picked":"Backflip+1","floor":38},{"not_picked":["Wraith Form v2+1","Corpse Explosion+1","Phantasmal Killer+1"],"picked":"Envenom+1","floor":40},{"not_picked":["Grand Finale","Tools of the Trade+1","Die Die Die","Unload"],"picked":"SKIP","floor":41},{"not_picked":["After Image+1","A Thousand Cuts+1","Malaise+1"],"picked":"Adrenaline+1","floor":42},{"not_picked":["Die Die Die","Bullet Time+1","Glass Knife"],"picked":"Night Terror+1","floor":44},{"not_picked":["Grand Finale","Phantasmal Killer+1","Bullet Time+1","Venomology+1"],"picked":"SKIP","floor":45},{"not_picked":["Unload","Bullet Time+1","Phantasmal Killer+1","Tools of the Trade+1"],"picked":"SKIP","floor":46},{"not_picked":["Die Die Die","Grand Finale","Wraith Form v2+1"],"picked":"A Thousand Cuts+1","floor":48}],"player_experience":313386,"relics_obtained":[{"floor":6.0,"key":"TungstenRod"},{"floor":7.0,"key":"HornCleat"},{"floor":8.0,"key":"Eternal Feather"},{"floor":9.0,"key":"Ancient Tea Set"},{"floor":11,"key":"Dream Catcher"},{"floor":12,"key":"The Courier"},{"floor":13,"key":"Turnip"},{"floor":14,"key":"Paper Crane"},{"floor":22,"key":"Frozen Egg 2"},{"floor":22,"key":"MawBank"},{"floor":23,"key":"Lizard Tail"},{"floor":23,"key":"Matryoshka"},{"floor":24,"key":"Question Card"},{"floor":24,"key":"War Paint"},{"floor":25,"key":"Toxic Egg 2"},{"floor":25,"key":"Ice Cream"},{"floor":26,"key":"Toy Ornithopter"},{"floor":26,"key":"Smiling Mask"},{"floor":27,"key":"The Specimen"},{"floor":27,"key":"Lantern"},{"floor":29,"key":"Tough Bandages"},{"floor":29,"key":"Regal Pillow"},{"floor":34,"key":"Akabeko"},{"floor":34,"key":"Meat on the Bone"},{"floor":34,"key":"Incense Burner"},{"floor":39,"key":"Centennial Puzzle"},{"floor":39,"key":"Bag of Marbles"},{"floor":40,"key":"Gambling Chip"},{"floor":40,"key":"Ninja Scroll"},{"floor":41,"key":"Vajra"},{"floor":41,"key":"Ginger"},{"floor":42,"key":"Boot"},{"floor":42,"key":"FossilizedHelix"},{"floor":44,"key":"Potion Belt"},{"floor":44,"key":"Bag of Preparation"},{"floor":45,"key":"Mummified Hand"},{"floor":45,"key":"StrikeDummy"},{"floor":46,"key":"CeramicFish"},{"floor":46,"key":"Strawberry"},{"floor":48,"key":"InkBottle"},{"floor":48,"key":"Happy Flower"}],"event_choices":[{"damage_healed":0,"gold_gain":0,"player_choice":"Read","damage_taken":0,"max_hp_gain":0,"max_hp_loss":0,"event_name":"The Library","floor":20,"gold_loss":0,"cards_obtained":["Blade Dance"]}],"is_beta":false,"boss_relics":[{"not_picked":["Sozu","Snecko Eye"],"picked":"Black Star"},{"not_picked":["Velvet Choker","HoveringKite"],"picked":"Calling Bell"}],"items_purged_floors":[21,28,31,36],"is_endless":false,"potions_floor_spawned":[1,4,5,6,12,14,16,18,22,24,33,35,38,41,44,48],"ascension_level":20}}