{"host":"2qyxu97h6u4ukicb","time":1613603772,"event":{"mods":["AchievementEnabler","BaseMod","BetterRewards","Colored Map","Colored Powertips","Minty Spire (QoL Compilation)","Replay The Spire","Shop Mod","StSLib"],"gold_per_floor":[113,113,128,142,242,242,259,259,282,54,70,70,70,70,70,89,89,188,188,199,31,31,77,15,15,15],"floor_reached":25,"language":"ENG","playtime":1191,"items_purged":["Sickly"],"score":189,"play_id":"1552cada-19c0-42f4-96f2-41ff4a3c9ae5","local_time":"20210217171612","is_ascension_mode":false,"campfire_choices":[{"data":"Armaments","floor":6,"key":"SMITH"},{"data":"Inflame","floor":8,"key":"SMITH"},{"data":"Run Through","floor":14,"key":"SMITH"},{"floor":17,"key":"REST"}],"circlet_count":0,"master_deck":["Strike_R","Strike_R","Strike_R","Strike_R","Strike_R","Defend_R","Defend_R","Defend_R","Defend_R","Bash","Spot Weakness+1","Perfected Strike","Inflame+1","Run Through+1","Limit Break+1"],"relics":["Burning Blood","NeowsBlessing","Tiny Chest","ReplayTheSpireMod:CursedCoin","StoneCalendar","WarpedTongs","MerchantsRug","Replay:Bottled Eggs","Juzu Bracelet"],"acts_visited":["Exordium","TheCity"],"potions_floor_usage":[11,25],"damage_taken":[{"damage":0,"enemies":"Jaw Worm","floor":1,"turns":1},{"damage":0,"enemies":"Cultist","floor":3,"turns":1},{"damage":2,"enemies":"Small Slimes","floor":4,"turns":2},{"damage":18,"enemies":"Exordium Thugs","floor":7,"turns":4},{"damage":11,"enemies":"Large Slime","floor":11,"turns":3},{"damage":21,"enemies":"Lots of Slimes","floor":16,"turns":4},{"damage":44,"enemies":"Fading Forest","floor":18,"turns":11},{"damage":27,"enemies":"Spheric Guardian","floor":20,"turns":5},{"damage":68,"enemies":"Slavers","floor":25,"turns":4}],"seed_played":"8580329942784982158","potions_obtained":[{"floor":7,"key":"Energy Potion"}],"is_trial":false,"path_per_floor":["M","?","M","M","?","R","M","R","T","$","M","PTL","PTL","R","?","M","R","B",null,"M","$","T","T","?","E"],"character_chosen":"IRONCLAD","items_purchased":["ReplayTheSpireMod:CursedCoin","StoneCalendar","MerchantsRug","Strength Potion"],"campfire_rested":1,"item_purchase_floors":[10,10,21,21],"current_hp_per_floor":[80,80,80,80,80,80,68,68,68,68,63,63,63,63,63,48,72,44,80,59,59,59,59,59,0,0],"gold":15,"neow_bonus":"THREE_ENEMY_KILL","is_daily":false,"chose_seed":false,"campfire_upgraded":3,"win_rate":0.0,"timestamp":1613603772,"path_taken":["M","?","M","?","?","R","M","R","T","?","M","PTL","PTL","R","?","?","R","BOSS","M","$","?","?","?","E"],"items_purchased_type":["Relic","Relic","Relic","Potion"],"build_version":"2020-12-22","purchased_purges":1,"victory":false,"max_hp_per_floor":[80,80,80,80,80,80,80,80,80,80,80,80,80,80,80,80,80,80,80,80,80,80,80,80,80,80],"card_choices":[{"not_picked":["Iron Wave","Anger"],"picked":"Spot Weakness","floor":1},{"not_picked":["Warcry","ReplayReversal"],"picked":"Perfected Strike","floor":3},{"not_picked":["Massacre","ReplayTheSpireMod:Strike From Hell"],"picked":"Armaments","floor":4},{"not_picked":["Shrug It Off","Cleave"],"picked":"Inflame","floor":7},{"not_picked":["Twin Strike","Pommel Strike"],"picked":"Run Through","floor":11},{"not_picked":["Brutality","Massacre","Rage"],"picked":"SKIP","floor":16},{"not_picked":["Immolate","Exhume"],"picked":"Limit Break","floor":18},{"not_picked":["Pommel Strike+1","Power Through+1","Headbutt"],"picked":"SKIP","floor":20}],"player_experience":830098,"relics_obtained":[{"floor":9,"key":"Tiny Chest"},{"floor":22,"key":"Replay:Bottled Eggs"}],"event_choices":[{"damage_healed":0,"gold_gain":0,"player_choice":"Upgraded","damage_taken":0,"max_hp_gain":0,"max_hp_loss":0,"event_name":"Upgrade Shrine","floor":2,"gold_loss":0,"cards_upgraded":["Spot Weakness"]},{"damage_healed":0,"gold_gain":100,"player_choice":"Pray","damage_taken":0,"max_hp_gain":0,"max_hp_loss":0,"event_name":"Golden Shrine","floor":5,"gold_loss":0},{"damage_healed":0,"gold_gain":0,"player_choice":"Rummage","damage_taken":0,"relics_obtained":["WarpedTongs"],"max_hp_gain":0,"max_hp_loss":0,"event_name":"Accursed Blacksmith","floor":15,"gold_loss":0,"cards_obtained":["Pain"]},{"damage_healed":0,"gold_gain":0,"player_choice":"Paid Gold","damage_taken":0,"relics_obtained":["Juzu Bracelet"],"max_hp_gain":0,"max_hp_loss":0,"event_name":"WeMeetAgain","floor":24,"gold_loss":62}],"is_beta":false,"boss_relics":[{"not_picked":["Abe\u0027s Treasure","Replay:Wanted Poster"],"picked":"Empty Cage"}],"items_purged_floors":[10],"is_endless":false,"potions_floor_spawned":[7],"killed_by":"Slavers","ascension_level":0}}