{"host":"5hsgormuu0lj4iiq","time":1613522492,"event":{"mods":["AchievementEnabler","BaseMod","Colored Map","Colored Powertips","Minty Spire (QoL Compilation)","Quick Restart","Relic Stats","SuperFastMode","everything is the same but u backflip on backflip","slay the spire mod where everything is the same but ironclad has a cowboy hat"],"gold_per_floor":[117,127,145,61,81,81,47,47,47,66,14,14,14,54,54,147,147,168,168,182,206,225,225,269,269,269,290,306,320,343,268,268,268,268],"floor_reached":33,"language":"ENG","playtime":855,"items_purged":[],"score":447,"play_id":"bceb424d-176b-4c83-a773-8b84749af185","local_time":"20210216194132","is_ascension_mode":true,"campfire_choices":[{"data":"Self Repair","floor":6.0,"key":"SMITH"},{"data":"Ball Lightning","floor":8.0,"key":"SMITH"},{"data":"Undo","floor":12.0,"key":"SMITH"},{"data":"Ball Lightning","floor":15.0,"key":"SMITH"},{"floor":23,"key":"REST"},{"data":"Electrodynamics","floor":32,"key":"SMITH"}],"circlet_count":0,"master_deck":["AscendersBane","Strike_B","Strike_B","Defend_B","Defend_B","Defend_B","Defend_B","Zap","Dualcast","Ball Lightning+1","Self Repair+1","Coolheaded","Ball Lightning+1","Undo+1","Conserve Battery","Auto Shields","Electrodynamics+1","Skim"],"relics":["Cracked Core","NeowsBlessing","Bag of Marbles","Golden Idol","Ornamental Fan","Snecko Eye","Molten Egg 2","StrikeDummy"],"acts_visited":["Exordium","TheCity"],"potions_floor_usage":[18,22,24],"damage_taken":[{"damage":0.0,"enemies":"Cultist","floor":1.0,"turns":1.0},{"damage":0.0,"enemies":"2 Louse","floor":2.0,"turns":1.0},{"damage":0.0,"enemies":"Jaw Worm","floor":3.0,"turns":1.0},{"damage":6.0,"enemies":"Red Slaver","floor":5.0,"turns":4.0},{"damage":8.0,"enemies":"3 Louse","floor":10.0,"turns":2.0},{"damage":21.0,"enemies":"3 Sentries","floor":14.0,"turns":7.0},{"damage":57,"enemies":"Hexaghost","floor":16,"turns":13},{"damage":21,"enemies":"2 Thieves","floor":18,"turns":3},{"damage":0,"enemies":"Chosen","floor":20,"turns":4},{"damage":25,"enemies":"Centurion and Healer","floor":21,"turns":6},{"damage":14,"enemies":"Chosen and Byrds","floor":22,"turns":6},{"damage":23,"enemies":"Gremlin Leader","floor":24,"turns":6},{"damage":0,"enemies":"Snecko","floor":27,"turns":4},{"damage":3,"enemies":"Centurion and Healer","floor":28,"turns":3},{"damage":20,"enemies":"Cultist and Chosen","floor":29,"turns":5},{"damage":27,"enemies":"3 Cultists","floor":30,"turns":4},{"damage":0,"enemies":"Automaton","floor":33,"turns":3}],"seed_played":"-4183560404376469864","potions_obtained":[{"floor":5.0,"key":"GamblersBrew"},{"floor":16,"key":"PotionOfCapacity"},{"floor":19,"key":"AttackPotion"},{"floor":20,"key":"Block Potion"},{"floor":24,"key":"Fruit Juice"},{"floor":29,"key":"BlessingOfTheForge"}],"is_trial":false,"path_per_floor":["M","M","M","$","M","R","$","R","T","M","$","R","?","E","R","B",null,"M","?","M","M","M","R","E","?","T","M","M","M","M","?","R","B"],"character_chosen":"DEFECT","items_purchased":["Self Repair","Coolheaded","Undo","Conserve Battery"],"campfire_rested":1,"item_purchase_floors":[4,4,7,11],"current_hp_per_floor":[68,68,68,68,69,69,69,69,69,71,71,71,69,58,58,11,55,44,44,54,29,25,45,27,27,27,37,44,34,17,17,17,17,17],"gold":268,"neow_bonus":"THREE_ENEMY_KILL","is_daily":false,"chose_seed":false,"campfire_upgraded":5,"win_rate":0.0,"timestamp":1613522492,"path_taken":["M","?","M","?","M","R","$","R","T","M","?","R","?","E","R","BOSS","M","?","?","M","M","R","E","?","T","M","?","M","M","?","R","BOSS"],"items_purchased_type":["Card","Card","Card","Card"],"build_version":"2020-12-22","purchased_purges":0,"victory":false,"max_hp_per_floor":[75,75,75,75,75,75,75,75,75,75,75,75,69,69,69,69,69,69,69,69,69,69,69,74,74,74,74,74,74,74,74,74,74,74],"relic_stats":{"counters":[17,73],"Golden Idol":67,"Ornamental Fan":[16],"Snecko Eye":[69,88,81,70],"obtain_stats":[{"NeowsBlessing":0,"Golden Idol":13,"Ornamental Fan":14,"Snecko Eye":17,"Molten Egg 2":24,"Bag of Marbles":9,"Cracked Core":0,"StrikeDummy":26},{"NeowsBlessing":0,"Golden Idol":5,"Ornamental Fan":6,"Snecko Eye":7,"Molten Egg 2":12,"Bag of Marbles":4,"Cracked Core":0,"StrikeDummy":12},{"NeowsBlessing":0,"Golden Idol":9,"Ornamental Fan":16,"Snecko Eye":29,"Molten Egg 2":54,"Bag of Marbles":7,"Cracked Core":0,"StrikeDummy":54}]},"card_choices":[{"not_picked":["Compile Driver","Sweeping Beam","Stack"],"picked":"SKIP","floor":1.0},{"not_picked":["Reinforced Body","Gash"],"picked":"Ball Lightning","floor":2.0},{"not_picked":["Hologram","Stack","Sunder"],"picked":"SKIP","floor":3.0},{"not_picked":["Heatsinks","Leap"],"picked":"Ball Lightning","floor":5.0},{"not_picked":["Redo","BootSequence","All For One"],"picked":"SKIP","floor":10.0},{"not_picked":["Scrape","Loop"],"picked":"Auto Shields","floor":14.0},{"not_picked":["Seek","Creative AI"],"picked":"Electrodynamics","floor":16},{"not_picked":["Loop","Sweeping Beam","Steam"],"picked":"SKIP","floor":18},{"not_picked":["Rebound","Gash","Tempest"],"picked":"SKIP","floor":20},{"not_picked":["Go for the Eyes","Ball Lightning","Rebound+1"],"picked":"SKIP","floor":21},{"not_picked":["Hologram","Heatsinks+1","Reprogram"],"picked":"SKIP","floor":22},{"not_picked":["Redo","Multi-Cast"],"picked":"Skim","floor":24},{"not_picked":["Beam Cell+1","Compile Driver+1","Rebound+1"],"picked":"SKIP","floor":27},{"not_picked":["Gash+1","Hologram","Go for the Eyes+1"],"picked":"SKIP","floor":28},{"not_picked":["Steam","Conserve Battery","BootSequence"],"picked":"SKIP","floor":29},{"not_picked":["Heatsinks","Beam Cell+1","Consume"],"picked":"SKIP","floor":30}],"player_experience":742279,"relics_obtained":[{"floor":9.0,"key":"Bag of Marbles"},{"floor":14.0,"key":"Ornamental Fan"},{"floor":24,"key":"Molten Egg 2"},{"floor":26,"key":"StrikeDummy"}],"event_choices":[{"damage_healed":0.0,"max_hp_gain":0.0,"max_hp_loss":6.0,"gold_gain":0.0,"event_name":"Golden Idol","player_choice":"Lose Max HP","floor":13.0,"gold_loss":0.0,"damage_taken":0.0,"relics_obtained":["Golden Idol"]},{"damage_healed":0,"gold_gain":0,"player_choice":"Got Potions","damage_taken":0,"max_hp_gain":0,"max_hp_loss":0,"event_name":"Lab","floor":19,"gold_loss":0},{"cards_removed":["Strike_B"],"damage_healed":0,"gold_gain":0,"player_choice":"Purged","damage_taken":0,"max_hp_gain":0,"max_hp_loss":0,"event_name":"Purifier","floor":25,"gold_loss":0},{"cards_removed":["Strike_B"],"damage_healed":0,"gold_gain":0,"player_choice":"Gave Gold","damage_taken":0,"max_hp_gain":0,"max_hp_loss":0,"event_name":"Beggar","floor":31,"gold_loss":75}],"is_beta":false,"boss_relics":[{"not_picked":["Astrolabe","Runic Dome"],"picked":"Snecko Eye"}],"items_purged_floors":[],"is_endless":false,"potions_floor_spawned":[5,16,20,24,29,30],"killed_by":"Automaton","ascension_level":13}}