{"host":"znvnxllcillb3rtw","time":1613554353,"event":{"mods":["BaseMod","DeckTracker","Minty Spire (QoL Compilation)","Relic Stats","StSLib","SuperFastMode","everything is the same but u backflip on backflip"],"gold_per_floor":[217,229,246,4,84,109,109,135,135,153,169,169,180,194,194,269,269,289,320,337,337,337,337],"floor_reached":22,"language":"KOR","playtime":803,"items_purged":[],"score":446,"play_id":"464ee737-af2c-4524-abd9-e5530ea9a203","local_time":"20210217183233","is_ascension_mode":true,"campfire_choices":[{"data":"Hello World","floor":7.0,"key":"SMITH"},{"floor":15.0,"key":"REST"}],"circlet_count":0,"master_deck":["AscendersBane","Defend_B","Defend_B","Defend_B","Defend_B","Zap","Dualcast","Gash","Hello World+1","Hello World","Hello World","Sunder","Gash","Conserve Battery","Cold Snap","Stack","Gash","Gash","Hyperbeam","Fusion","Self Repair","Hyperbeam","Turbo","Conserve Battery","Bite","Bite","Bite","Bite","Bite"],"relics":["Cracked Core","Bag of Preparation","Cables","Shuriken","Inserter","Red Mask"],"acts_visited":["Exordium","TheCity"],"potions_floor_usage":[],"damage_taken":[{"damage":7.0,"enemies":"Jaw Worm","floor":1.0,"turns":3.0},{"damage":4.0,"enemies":"2 Louse","floor":2.0,"turns":2.0},{"damage":1.0,"enemies":"Cultist","floor":3.0,"turns":3.0},{"damage":17.0,"enemies":"3 Sentries","floor":6.0,"turns":6.0},{"damage":4.0,"enemies":"Lagavulin","floor":8.0,"turns":6.0},{"damage":6.0,"enemies":"Looter","floor":10.0,"turns":3.0},{"damage":4.0,"enemies":"Blue Slaver","floor":11.0,"turns":4.0},{"damage":12.0,"enemies":"Exordium Wildlife","floor":13.0,"turns":3.0},{"damage":0.0,"enemies":"2 Fungi Beasts","floor":14.0,"turns":2.0},{"damage":26.0,"enemies":"Slime Boss","floor":16.0,"turns":9.0},{"damage":27.0,"enemies":"3 Byrds","floor":18.0,"turns":4.0},{"damage":19.0,"enemies":"Masked Bandits","floor":19.0,"turns":3.0},{"damage":17.0,"enemies":"Chosen","floor":20.0,"turns":4.0},{"damage":24,"enemies":"3 Cultists","floor":22,"turns":3}],"seed_played":"386579675257329856","potions_obtained":[{"floor":6.0,"key":"Block Potion"},{"floor":10.0,"key":"SpeedPotion"},{"floor":13.0,"key":"Fruit Juice"},{"floor":14.0,"key":"Strength Potion"},{"floor":18.0,"key":"PotionOfCapacity"}],"is_trial":false,"path_per_floor":["M","M","M","$","?","E","R","E","T","M","M","?","M","M","R","B",null,"M","?","M","?","M"],"character_chosen":"DEFECT","items_purchased":["Hello World","Sunder","Gash","Conserve Battery"],"campfire_rested":1,"item_purchase_floors":[4,4,4,4],"current_hp_per_floor":[57,53,52,52,52,35,35,31,31,25,21,21,9,14,36,17,61,41,29,19,19,0,0],"gold":337,"neow_bonus":"HUNDRED_GOLD","is_daily":false,"chose_seed":false,"campfire_upgraded":1,"win_rate":0.0,"timestamp":1613554353,"path_taken":["M","M","M","$","?","E","R","E","T","M","M","?","M","?","R","BOSS","M","?","M","?","M"],"items_purchased_type":["Card","Card","Card","Card"],"build_version":"2020-12-22","purchased_purges":0,"victory":false,"max_hp_per_floor":[71,71,71,71,71,71,71,71,71,71,71,71,71,76,76,76,76,76,76,76,53,53,53],"relic_stats":{"Inserter":[7],"counters":[14,55],"Shuriken":[14],"Bag of Preparation":[20],"obtain_stats":[{"Inserter":17,"Shuriken":9,"Bag of Preparation":6,"Red Mask":19,"Cracked Core":0,"Cables":8},{"Inserter":10,"Shuriken":5,"Bag of Preparation":4,"Red Mask":12,"Cracked Core":0,"Cables":5},{"Inserter":41,"Shuriken":20,"Bag of Preparation":14,"Red Mask":48,"Cracked Core":0,"Cables":20}],"Cables":[28,26,2,0,0]},"card_choices":[{"not_picked":["Hologram","Rebound"],"picked":"Gash","floor":1.0},{"not_picked":["Stack","Hologram"],"picked":"Hello World","floor":2.0},{"not_picked":["Double Energy","FTL"],"picked":"Hello World","floor":3.0},{"not_picked":["Consume","Compile Driver"],"picked":"Cold Snap","floor":6.0},{"not_picked":["Streamline","Blizzard"],"picked":"Stack","floor":8.0},{"not_picked":["Ball Lightning","Compile Driver"],"picked":"Gash","floor":10.0},{"not_picked":["FTL","Beam Cell"],"picked":"Gash","floor":11.0},{"not_picked":["Beam Cell","Steam"],"picked":"Fusion","floor":13.0},{"not_picked":["Force Field","Seek"],"picked":"Self Repair","floor":14.0},{"not_picked":["Core Surge","Amplify"],"picked":"Hyperbeam","floor":16.0},{"not_picked":["Sunder","Storm","Tempest+1"],"picked":"SKIP","floor":18.0},{"not_picked":["Leap","Doom and Gloom"],"picked":"Turbo","floor":19.0},{"not_picked":["Ball Lightning","FTL"],"picked":"Conserve Battery","floor":20.0}],"player_experience":2909423,"relics_obtained":[{"floor":6.0,"key":"Bag of Preparation"},{"floor":8.0,"key":"Cables"},{"floor":9.0,"key":"Shuriken"},{"floor":19.0,"key":"Red Mask"}],"event_choices":[{"damage_healed":0.0,"max_hp_gain":0.0,"max_hp_loss":0.0,"gold_gain":80.0,"event_name":"Golden Wing","player_choice":"Gained Gold","floor":5.0,"gold_loss":0.0,"damage_taken":0.0},{"damage_healed":0.0,"max_hp_gain":0.0,"max_hp_loss":0.0,"gold_gain":0.0,"cards_transformed":["Strike_B"],"event_name":"Transmorgrifier","player_choice":"Transformed","floor":12.0,"gold_loss":0.0,"damage_taken":0.0,"cards_obtained":["Hyperbeam"]},{"damage_healed":0.0,"max_hp_gain":0.0,"max_hp_loss":0.0,"gold_gain":0.0,"event_name":"Masked Bandits","player_choice":"Fought Bandits","floor":19.0,"gold_loss":0.0,"damage_taken":0.0},{"damage_healed":0.0,"max_hp_gain":0.0,"max_hp_loss":23.0,"gold_gain":0.0,"event_name":"Vampires","player_choice":"Became a vampire","floor":21.0,"gold_loss":0.0,"damage_taken":0.0,"cards_obtained":["Bite","Bite","Bite","Bite","Bite"]}],"is_beta":false,"boss_relics":[{"not_picked":["Black Star","Runic Dome"],"picked":"Inserter"}],"items_purged_floors":[],"is_endless":false,"potions_floor_spawned":[6,10,13,14,18],"killed_by":"3 Cultists","ascension_level":20}}