{"host":"Ringo","time":1613569038,"event":{"mods":["BaseMod","Colored Map","Conspire","Dota2Spire","Hubris","Minty Spire (QoL Compilation)","Replay The Spire","StSLib","The Construct","[IsaacMod]ÒÔÈö¼âËþ","¡¾ÒÅÎï¿¨ÅÆ¡¿REMEMod"],"gold_per_floor":[111,111,121,171,121,166,201,231,231,264,293,329,364,419,419,511,511,561,576,374,374,424,485,538,571,571,686,758,784,818,896,896,976,976,988,988,1012,1058,746,816,848,882,882,14,14,96,135,196,196,202,241],"floor_reached":52,"language":"ZHS","playtime":1309,"items_purged":["CrushJoints","Cleave"],"score":4041,"play_id":"b5238167-efa5-42b3-843d-990b5efa81e2","local_time":"20210217213718","daily_mods":["SealedDeck","Vintage","Red Cards","Purple Cards","Colorless Cards","Heirloom","Time Dilation","Flight","DeadlyEvents","Elite Swarm","Lethality","Binary"],"is_ascension_mode":true,"campfire_choices":[{"data":"Flex","floor":15.0,"key":"SMITH"},{"data":"Doubt","floor":32,"key":"PURGE"},{"data":"Crescendo","floor":49,"key":"SMITH"}],"circlet_count":0,"master_deck":["AscendersBane","ClearTheMind","Good Instincts","Flex+1","Replay:Undeath\u0027s Touch","SashWhip+1","Twin Strike","Thunderclap","Evaluate","Shrug It Off","Spot Weakness","White Noise","conspire:SpireCoStock","FollowUp+1","REME_Scribble","CrushJoints","Indignation","hubris:CleavingFinish","Crescendo+1","Armaments+1"],"relics":["Burning Blood","Busted Crown","HushsDoor","REME_ComplimentaryCards","replay:Trail_Library","hubris:Teleporter","DoctorsRemote","Iron Hammer","hubris:Towel","Ornamental Fan","Dota2Spire:EchoSabre","Bottled Flame","Replay:Baseball","REME_HandOfSuture","Bird Faced Urn","ReplayFunnel","Thread and Needle","Quantum Egg","Art of War","Dota2Spire:HandOfMidas","Dota2Spire:Satanic","SlaversCollar","Dota2Spire:DrumOfEndurance","Replay:Wax Seal","Dota2Spire:LotusOrb","Strawberry","Dota2Spire:CrimsonGuard","hubris:ToyBattleship","construct:FoamFinger","Peace Pipe","REME_ArchaeologicalTools","MoneyPower","PreservedInsect","DeathBook","Unceasing Top","Dota2Spire:ArcaneBoots","conspire:RunicOctahedron","SatanicBible","Whetstone","Pet Ghost","Dota2Spire:AssaultCuirass","Akabeko","Blood Vial","hubris:BottledRain","conspire:BottledYoYo","Toxic Egg 2","Chameleon Ring","hubris:Potato","Toolbox","TheBible","HowToJump","Anchor"],"acts_visited":["Exordium","TheCity","TheBeyond"],"potions_floor_usage":[33,51,51],"damage_taken":[{"damage":3.0,"enemies":"conspire:RoseBush","floor":1.0,"turns":2.0},{"damage":0.0,"enemies":"2 Louse","floor":3.0,"turns":1.0},{"damage":0.0,"enemies":"Hiden Room Battle","floor":4.0,"turns":1.0},{"damage":0.0,"enemies":"3 Sentries","floor":6.0,"turns":3.0},{"damage":0.0,"enemies":"Gremlin Nob","floor":7.0,"turns":2.0},{"damage":0.0,"enemies":"Lagavulin","floor":8.0,"turns":2.0},{"damage":0.0,"enemies":"Gremlin Nob","floor":10.0,"turns":2.0},{"damage":0.0,"enemies":"3 Sentries","floor":11.0,"turns":1.0},{"damage":0.0,"enemies":"Lagavulin","floor":12.0,"turns":2.0},{"damage":0.0,"enemies":"Cultist","floor":13.0,"turns":1.0},{"damage":0.0,"enemies":"Gremlin Nob","floor":14.0,"turns":1.0},{"damage":0.0,"enemies":"Hexaghost","floor":16.0,"turns":3.0},{"damage":0.0,"enemies":"Spheric Guardian","floor":18.0,"turns":3.0},{"damage":0.0,"enemies":"Chosen","floor":19.0,"turns":2.0},{"damage":0,"enemies":"Hiden Room Battle","floor":22,"turns":1},{"damage":2,"enemies":"Book of Stabbing","floor":23,"turns":2},{"damage":2,"enemies":"conspire:Head Lice","floor":24,"turns":2},{"damage":0,"enemies":"Replay:Snechameleon","floor":25,"turns":1},{"damage":2,"enemies":"Gremlin Leader","floor":27,"turns":2},{"damage":0,"enemies":"conspire:Head Lice","floor":28,"turns":1},{"damage":0,"enemies":"conspire:SneckoGhost","floor":29,"turns":1},{"damage":0,"enemies":"conspire:Head Lice","floor":30,"turns":1},{"damage":0,"enemies":"REME_1_Revenger","floor":31,"turns":2},{"damage":0,"enemies":"Automaton","floor":33,"turns":2},{"damage":7,"enemies":"3 Shapes","floor":35,"turns":1},{"damage":0,"enemies":"3 Darklings","floor":37,"turns":1},{"damage":0,"enemies":"Writhing Mass","floor":38,"turns":1},{"damage":0,"enemies":"R_Hoarder","floor":40,"turns":2},{"damage":0,"enemies":"Nemesis","floor":41,"turns":1},{"damage":0,"enemies":"R_Hoarder","floor":42,"turns":1},{"damage":0,"enemies":"Spire Growth","floor":46,"turns":1},{"damage":0,"enemies":"Nemesis","floor":47,"turns":1},{"damage":0,"enemies":"R_Hoarder","floor":48,"turns":1},{"damage":0,"enemies":"Time Eater","floor":50,"turns":1},{"damage":0,"enemies":"Awakened One","floor":51,"turns":2}],"seed_played":"-8058345185733601285","potions_obtained":[{"floor":4.0,"key":"Weak Potion"},{"floor":10.0,"key":"LiquidMemories"},{"floor":13.0,"key":"Ancient Potion"},{"floor":14.0,"key":"HeartOfIron"},{"floor":16.0,"key":"Block Potion"},{"floor":18.0,"key":"Dota2Spire:HealingSalve"},{"floor":19.0,"key":"LifebloodPotion"},{"floor":33,"key":"Adrenaline Potion"},{"floor":40,"key":"LifebloodPotion"}],"is_trial":true,"path_per_floor":["M","?","M","?","?","E","E","E","T","E","E","E","M","E","R","B",null,"M","M","$","?","?","E","E","E","T","E","E","E","E","E","R","B",null,"M","?","M","M","$","E","E","E","T","$","?","M","E","E","R","B","B",null],"character_chosen":"IRONCLAD","items_purchased":["REME_Scribble","CrushJoints","SatanicBible","Akabeko","hubris:CleavingFinish","Crescendo","Chameleon Ring","hubris:Potato","Toolbox"],"campfire_rested":0,"item_purchase_floors":[20,20,34,39,39,39,44,44,44],"current_hp_per_floor":[71,71,75,75,75,75,75,75,75,75,75,75,75,75,75,75,75,75,75,75,75,82,84,86,86,86,88,88,88,88,88,88,90,80,82,82,83,83,83,83,83,83,83,83,83,83,83,86,86,86,88],"gold":241,"neow_bonus":"","is_daily":false,"chose_seed":false,"campfire_upgraded":2,"win_rate":0.0,"timestamp":1613569038,"path_taken":["M","?","?","?","?","E","E","E","T","E","E","E","?","E","R","BOSS","M","M","$","?","?","E","E","E","T","E","E","E","E","E","R","BOSS","M","?","M","M","$","E","E","E","T","$","?","M","E","E","R","BOSS","BOSS"],"items_purchased_type":["Card","Card","Relic","Relic","Card","Card","Relic","Relic","Relic"],"build_version":"2020-12-18","purchased_purges":2,"victory":true,"max_hp_per_floor":[75,75,75,75,75,75,75,75,75,75,75,75,75,75,75,75,75,75,75,75,75,82,84,86,86,86,88,88,88,88,88,88,90,80,83,83,83,83,83,83,83,83,83,83,83,83,83,86,86,86,88],"card_choices":[],"player_experience":711116,"relics_obtained":[{"floor":1.0,"key":"Iron Hammer"},{"floor":3.0,"key":"Ornamental Fan"},{"floor":4.0,"key":"Dota2Spire:EchoSabre"},{"floor":4.0,"key":"Bottled Flame"},{"floor":6.0,"key":"Replay:Baseball"},{"floor":7.0,"key":"REME_HandOfSuture"},{"floor":8.0,"key":"Bird Faced Urn"},{"floor":9.0,"key":"ReplayFunnel"},{"floor":10.0,"key":"Thread and Needle"},{"floor":11.0,"key":"Quantum Egg"},{"floor":12.0,"key":"Art of War"},{"floor":13.0,"key":"Dota2Spire:HandOfMidas"},{"floor":14.0,"key":"Dota2Spire:Satanic"},{"floor":18.0,"key":"Dota2Spire:DrumOfEndurance"},{"floor":19.0,"key":"Replay:Wax Seal"},{"floor":22,"key":"Strawberry"},{"floor":22,"key":"Dota2Spire:CrimsonGuard"},{"floor":23,"key":"hubris:ToyBattleship"},{"floor":24,"key":"construct:FoamFinger"},{"floor":25,"key":"Peace Pipe"},{"floor":26,"key":"REME_ArchaeologicalTools"},{"floor":27,"key":"MoneyPower"},{"floor":28,"key":"PreservedInsect"},{"floor":29,"key":"DeathBook"},{"floor":30,"key":"Unceasing Top"},{"floor":31,"key":"Dota2Spire:ArcaneBoots"},{"floor":35,"key":"Whetstone"},{"floor":37,"key":"Pet Ghost"},{"floor":38,"key":"Dota2Spire:AssaultCuirass"},{"floor":40,"key":"Blood Vial"},{"floor":41,"key":"hubris:BottledRain"},{"floor":42,"key":"conspire:BottledYoYo"},{"floor":43,"key":"Toxic Egg 2"},{"floor":46,"key":"TheBible"},{"floor":47,"key":"HowToJump"},{"floor":48,"key":"Anchor"}],"event_choices":[{"damage_healed":0.0,"max_hp_gain":0.0,"max_hp_loss":0.0,"gold_gain":0.0,"event_name":"HidenRoomEvent","player_choice":"Fight","floor":4.0,"gold_loss":0.0,"damage_taken":0.0},{"damage_healed":0.0,"max_hp_gain":0.0,"max_hp_loss":0.0,"gold_gain":0.0,"event_name":"conspire:Investor","player_choice":"Invest 1","floor":5.0,"gold_loss":0.0,"damage_taken":0.0},{"damage_healed":0,"gold_gain":0,"player_choice":"Fight","damage_taken":0,"max_hp_gain":0,"max_hp_loss":0,"event_name":"HidenRoomEvent","floor":22,"gold_loss":0},{"damage_healed":0,"gold_gain":0,"player_choice":"Ignored","damage_taken":0,"max_hp_gain":0,"max_hp_loss":0,"event_name":"SecretPortal","floor":36,"gold_loss":0}],"is_beta":true,"boss_relics":[{"not_picked":["construct:ClawGrip","Ooze Armor"],"picked":"SlaversCollar"},{"not_picked":[]},{"not_picked":["Philosopher\u0027s Stone","Ring of Chaos"],"picked":"conspire:RunicOctahedron"},{"not_picked":[]}],"items_purged_floors":[20,44],"is_endless":false,"potions_floor_spawned":[4,10,13,14,16,18,19,24,28,29,33,35,37,40,46],"ascension_level":20}}