{"host":"jzhosqkmc1ht3q4y","time":1613590891,"event":{"mods":["100% Spire Juice","Act Like it!","Arknights","BaseMod","Better Third Choice","Colored Map","Minty Spire (QoL Compilation)","Rare Cards Sparkle","StSLib","SuperFastMode"],"gold_per_floor":[117,128,140,159,84,114,125,144,144,178,178,178,190,206,219,219,319,319,333,347,364,364,364,364,391,391,391,406,406,13,13,13,13],"floor_reached":32,"language":"KOR","playtime":1863,"items_purged":["ats:Strike C","ats:Emotion Absorption"],"score":276,"play_id":"3c6f065a-c8d2-4ee5-9fd7-b2977c8afe8c","local_time":"20210218044131","is_ascension_mode":false,"campfire_choices":[{"data":"ats:Assault Order","floor":11.0,"key":"SMITH"},{"data":"ats:Defend Order","floor":16.0,"key":"SMITH"},{"data":"ats:Nebulous Foxfire","floor":24,"key":"SMITH"},{"data":"ats:Apocalypse","floor":26,"key":"SMITH"},{"data":"ats:Disruption Kick","floor":29,"key":"SMITH"}],"circlet_count":0,"master_deck":["ats:Strike G","ats:Armor Crushing Shot","ats:Defend","ats:Defend","ats:Defend","ats:Defend","ats:True Silver Slash","ats:Closed Bolt Burst Fire","ats:Assault Order+1","ats:Apocalypse+1","ats:Nebulous Foxfire+1","ats:Defend Order+1","ats:Disruption Kick+1","ats:Cat Scratch","ats:Assault Order+1","ats:Closed Bolt Burst Fire"],"relics":["ats:Sanity","ats:Originium","Ginger","ats:Industrial Water Cannon","Omamori","Empty Cage","betterThird:NestCultRelic","Toxic Egg 2","ats:Military Tradition","Eternal Feather","Meat on the Bone"],"acts_visited":["Exordium","TheCity"],"potions_floor_usage":[17,25,28,32],"damage_taken":[{"damage":1.0,"enemies":"Cultist","floor":1.0,"turns":4.0},{"damage":4.0,"enemies":"Jaw Worm","floor":2.0,"turns":5.0},{"damage":7.0,"enemies":"ats:Genji","floor":3.0,"turns":3.0},{"damage":9.0,"enemies":"Exordium Thugs","floor":4.0,"turns":5.0},{"damage":16.0,"enemies":"Lagavulin","floor":6.0,"turns":7.0},{"damage":10.0,"enemies":"Looter","floor":7.0,"turns":3.0},{"damage":12.0,"enemies":"2 Fungi Beasts","floor":8.0,"turns":2.0},{"damage":11.0,"enemies":"Gremlin Nob","floor":10.0,"turns":3.0},{"damage":16.0,"enemies":"Exordium Thugs","floor":13.0,"turns":10.0},{"damage":0.0,"enemies":"Exordium Wildlife","floor":14.0,"turns":5.0},{"damage":0.0,"enemies":"3 Louse","floor":15.0,"turns":1.0},{"damage":49,"enemies":"Hexaghost","floor":17,"turns":11},{"damage":43,"enemies":"Chosen","floor":19,"turns":14},{"damage":26,"enemies":"Shell Parasite","floor":20,"turns":10},{"damage":24,"enemies":"Centurion and Healer","floor":21,"turns":8},{"damage":42,"enemies":"Gremlin Leader","floor":25,"turns":7},{"damage":26,"enemies":"3 Cultists","floor":28,"turns":6},{"damage":12,"enemies":"Shelled Parasite and Fungi","floor":32,"turns":1}],"seed_played":"-503469594701496743","potions_obtained":[{"floor":4.0,"key":"EntropicBrew"},{"floor":6.0,"key":"DuplicationPotion"},{"floor":8.0,"key":"ats:Burn Small Potion"},{"floor":13.0,"key":"AttackPotion"},{"floor":17,"key":"Swift Potion"},{"floor":21,"key":"SkillPotion"},{"floor":28,"key":"PowerPotion"}],"is_trial":false,"path_per_floor":["M","M","M","M","$","E","M","M","T","E","R","R","M","M","M","R","B",null,"M","M","M","?","?","R","E","R","T","M","R","$","?","M"],"character_chosen":"DOCTOR_CLASS","items_purchased":["Eternal Feather","ats:Closed Bolt Burst Fire"],"campfire_rested":0,"item_purchase_floors":[30,30],"current_hp_per_floor":[78,74,67,58,58,42,32,20,20,13,13,13,20,37,37,37,14,79,63,71,65,65,50,50,19,19,19,12,12,12,12,0,0],"gold":13,"neow_bonus":"TEN_PERCENT_HP_BONUS","is_daily":false,"chose_seed":false,"campfire_upgraded":5,"win_rate":0.0,"timestamp":1613590891,"path_taken":["M","M","M","M","$","E","M","M","T","E","R","R","M","?","M","R","BOSS","M","M","M","?","?","R","E","R","T","?","R","$","?","M"],"items_purchased_type":["Relic","Card"],"build_version":"2020-12-22","purchased_purges":2,"victory":false,"max_hp_per_floor":[79,79,79,79,79,79,79,79,79,79,79,79,79,79,79,79,79,79,79,79,79,79,84,84,84,84,84,84,84,84,84,84,84],"card_choices":[{"not_picked":["ats:Leaping Hammer","ats:Cat Scratch","ats:Apocalypse"],"picked":"SKIP","floor":1.0},{"not_picked":["ats:Shell Defense","ats:Absolute Focus"],"picked":"ats:True Silver Slash","floor":2.0},{"not_picked":["ats:Revitalization","ats:Encircling Forest","ats:Consecutive Shot Auto"],"picked":"SKIP","floor":3.0},{"not_picked":["ats:Shadow Raid","ats:Explosion Area Strengthen"],"picked":"ats:Closed Bolt Burst Fire","floor":4.0},{"not_picked":["ats:Absolute Focus","ats:Assault Order","ats:Hammer On"],"picked":"SKIP","floor":6.0},{"not_picked":["ats:Cat Scratch","ats:Explosion Area Strengthen"],"picked":"ats:Assault Order","floor":7.0},{"not_picked":["ats:Poison Spread","ats:Revitalization"],"picked":"ats:Apocalypse","floor":8.0},{"not_picked":["ats:LN2 Cannon","ats:Song Of Battle"],"picked":"ats:Nebulous Foxfire","floor":10.0},{"not_picked":["ats:Support Order","ats:Ignite"],"picked":"ats:Defend Order","floor":13.0},{"not_picked":["ats:Curse Doll","ats:Rapid Magazine","ats:Soul Absorption"],"picked":"SKIP","floor":14.0},{"not_picked":["ats:Explosion Area Strengthen","ats:Blood Oath","ats:Guard Mode"],"picked":"SKIP","floor":15.0},{"not_picked":["ats:Volcano","ats:Fractured Body"],"picked":"ats:Disruption Kick","floor":17},{"not_picked":["ats:Defend Order","ats:Part Time Job"],"picked":"ats:Cat Scratch","floor":19},{"not_picked":["ats:Steam Pump","ats:Magnetic Hammer","ats:Powerful Strike"],"picked":"SKIP","floor":20},{"not_picked":["ats:Leaping Hammer","ats:Cat Scratch+1","ats:Part Time Job"],"picked":"SKIP","floor":21},{"not_picked":["ats:Flexible Camouflage+1","ats:Very Hot Blade+1","ats:Hammer On"],"picked":"SKIP","floor":25},{"not_picked":["ats:Burning Ground+1","ats:Revitalization+1"],"picked":"ats:Assault Order+1","floor":28}],"player_experience":777949,"relics_obtained":[{"floor":6.0,"key":"ats:Originium"},{"floor":6.0,"key":"Ginger"},{"floor":9.0,"key":"ats:Industrial Water Cannon"},{"floor":10.0,"key":"ats:Originium"},{"floor":10.0,"key":"Omamori"},{"floor":25,"key":"ats:Originium"},{"floor":25,"key":"Toxic Egg 2"},{"floor":27,"key":"ats:Military Tradition"}],"event_choices":[{"damage_healed":0,"gold_gain":0,"player_choice":"Madness","damage_taken":0,"relics_obtained":["betterThird:NestCultRelic"],"max_hp_gain":0,"max_hp_loss":0,"event_name":"betterThird:BetterNest","floor":22,"gold_loss":0},{"damage_healed":0,"gold_gain":0,"player_choice":"Shed Blood","damage_taken":20,"max_hp_gain":5,"max_hp_loss":0,"event_name":"Forgotten Altar","floor":23,"gold_loss":0},{"damage_healed":0,"gold_gain":0,"player_choice":"Stole Relic","damage_taken":0,"relics_obtained":["Meat on the Bone"],"max_hp_gain":0,"max_hp_loss":0,"event_name":"Addict","floor":31,"gold_loss":0,"cards_obtained":["Shame"]}],"is_beta":false,"boss_relics":[{"not_picked":["Snecko Eye","Coffee Dripper"],"picked":"Empty Cage"}],"items_purged_floors":[5,30],"is_endless":false,"potions_floor_spawned":[4,6,8,13,17,21,28],"killed_by":"Shelled Parasite and Fungi","ascension_level":0}}