{"host":"plzv31qd94m7lu76","time":1613543205,"event":{"mods":["BaseMod","Downfall","GifTheSpireLib","Minty Spire (QoL Compilation)","Random Character Button","StSLib","Unceasing Turn Reminder"],"gold_per_floor":[99,113,127,127,127,139,166,166,180,22,22,7,7,18,30,128,128,128,144,159,0,0,0,0,0,32,49,34,134,133,133,146,251,251,151,167,180,191,191,28,28,43,76,76,95,4,4,16,26,26],"floor_reached":51,"language":"ENG","playtime":2874,"items_purged":[],"score":764,"play_id":"0e1ecb04-0613-4197-98ac-192bab9379bd","local_time":"20210217072645","is_ascension_mode":false,"campfire_choices":[{"data":"champ:Taunt","floor":1,"key":"SMITH"},{"data":"champ:StanceDance","floor":11,"key":"SMITH"},{"floor":13,"key":"REST"},{"data":"champ:HoldFirm","floor":18,"key":"SMITH"},{"data":"champ:GladiatorForm","floor":35,"key":"SMITH"}],"circlet_count":0,"master_deck":["champ:Strike","champ:Strike","champ:Strike","champ:Strike","champ:Defend","champ:Defend","champ:Defend","champ:Defend","champ:Execute","champ:Taunt+1","champ:StanceDance+1","champ:Backstep","champ:GladiatorStyle+1","champ:BringItOn","champ:Endure","champ:FalseCounter+1","champ:CrownThrow","champ:TornadoPunch","champ:HoldFirm+1","champ:EnGarde","champ:FlashCut+1","champ:LastStand","champ:Encircle+1","champ:Shatter+1","champ:DefensiveShout","champ:EnragedBash+1","champ:ArenaPreparation","champ:GladiatorForm+1","champ:PreciseThrust+1","champ:HoldFirm+1","champ:MurderStrike+1","champ:ShieldSlam+1","champ:DefensiveShout","champ:RisingSlash+1","expansioncontent:StudyTheSpire","Pain","champ:Shatter+1","champ:IronFortress","champ:IronFortress+1","champ:ShieldWall","champ:Circumvent"],"relics":["champ:ChampionCrown","downfall:BrokenWingStatue","Turnip","PreservedInsect","Sling","Cursed Key","Membership Card","downfall:RedIOU","Molten Egg 2","Oddly Smooth Stone","Pocketwatch","Shuriken","Eternal Feather","Potion Belt","Toolbox","Philosopher\u0027s Stone","downfall:HeartBlessingGreen","Lee\u0027s Waffle","Mummified Hand","Pear","HandDrill"],"acts_visited":["Exordium","TheCity","TheBeyond"],"potions_floor_usage":[6,10,19,21,26,28,33,38,50,50,50,50],"damage_taken":[{"damage":21,"enemies":"Cultist","floor":2,"turns":4},{"damage":7,"enemies":"2 Louse","floor":3,"turns":3},{"damage":13,"enemies":"Jaw Worm","floor":6,"turns":5},{"damage":10,"enemies":"2 Fungi Beasts","floor":9,"turns":4},{"damage":25,"enemies":"downfall:FleeingMerchant","floor":10,"turns":4},{"damage":20,"enemies":"downfall:FleeingMerchant","floor":12,"turns":4},{"damage":0,"enemies":"3 Louse","floor":14,"turns":4},{"damage":15,"enemies":"downfall:LooterAlt","floor":15,"turns":4},{"damage":45,"enemies":"SI_SHIV_ARCHETYPE","floor":16,"turns":11},{"damage":20,"enemies":"Shell Parasite","floor":19,"turns":6},{"damage":20,"enemies":"3 Byrds","floor":20,"turns":5},{"damage":15,"enemies":"downfall:FleeingMerchant","floor":21,"turns":4},{"damage":17,"enemies":"Book of Stabbing","floor":26,"turns":4},{"damage":10,"enemies":"Snake Plant","floor":27,"turns":4},{"damage":30,"enemies":"downfall:FleeingMerchant","floor":28,"turns":4},{"damage":5,"enemies":"IC_STATUS_ARCHETYPE","floor":29,"turns":5},{"damage":15,"enemies":"downfall:FleeingMerchant","floor":30,"turns":2},{"damage":16,"enemies":"Centurion and Healer","floor":32,"turns":6},{"damage":48,"enemies":"WA_ARCHETYPE_CALM","floor":33,"turns":11},{"damage":30,"enemies":"3 Darklings","floor":36,"turns":6},{"damage":30,"enemies":"3 Shapes","floor":37,"turns":3},{"damage":8,"enemies":"Sphere and 2 Shapes","floor":38,"turns":4},{"damage":0,"enemies":"Jaw Worm Horde","floor":42,"turns":4},{"damage":2,"enemies":"Giant Head","floor":43,"turns":6},{"damage":31,"enemies":"Maw","floor":45,"turns":6},{"damage":9,"enemies":"Spire Growth","floor":48,"turns":5},{"damage":10,"enemies":"Writhing Mass","floor":49,"turns":4},{"damage":22,"enemies":"IC_BLOCK_ARCHETYPE","floor":50,"turns":7}],"seed_played":"2248051579265192276","potions_obtained":[{"floor":3,"key":"Weak Potion"},{"floor":9,"key":"DuplicationPotion"},{"floor":16,"key":"DistilledChaos"},{"floor":19,"key":"champ:UltimateStancePotion"},{"floor":20,"key":"Strength Potion"},{"floor":27,"key":"EssenceOfSteel"},{"floor":32,"key":"Energy Potion"},{"floor":33,"key":"Fire Potion"},{"floor":37,"key":"SpeedPotion"},{"floor":43,"key":"DistilledChaos"},{"floor":48,"key":"Dexterity Potion"},{"floor":49,"key":"DistilledChaos"}],"is_trial":false,"path_per_floor":["R","M","M","?","?","M","T","?","M","$","R","$","R","M","M","B",null,"R","M","M","$","?","?","T","?","E","M","$","?","$","?","M","B",null,"R","M","M","M","?","$","T","M","E","$","M","$","?","M","M","B",null],"character_chosen":"THE_CHAMP","items_purchased":["Sling","Membership Card","Eternal Feather","Potion Belt","Toolbox","champ:GladiatorForm","champ:PreciseThrust+1","expansioncontent:StudyTheSpire","Lee\u0027s Waffle","HandDrill","champ:ShieldWall"],"campfire_rested":1,"item_purchase_floors":[10,21,30,30,30,30,30,40,40,46,46],"current_hp_per_floor":[99,98,91,91,88,85,85,85,85,80,80,80,99,99,99,84,99,99,99,94,94,94,94,94,94,92,92,77,77,77,77,76,43,99,99,99,99,96,96,106,106,106,114,114,113,113,108,104,99,92],"gold":26,"neow_bonus":"TEN_PERCENT_HP_BONUS","is_daily":false,"chose_seed":false,"campfire_upgraded":4,"win_rate":0.0,"timestamp":1613543205,"path_taken":["R","M","?","?","?","M","T","?","M","$","R","?","R","M","M","BOSS","R","M","M","$","?","?","T","?","E","?","$","?","$","?","M","BOSS","R","M","M","?","?","?","T","?","E","?","M","$","?","?","M","BOSS"],"items_purchased_type":["Relic","Relic","Relic","Relic","Relic","Card","Card","Card","Relic","Relic","Card"],"build_version":"2020-12-22","purchased_purges":0,"victory":true,"max_hp_per_floor":[99,99,99,99,99,99,99,99,99,99,99,99,99,99,99,99,99,99,99,99,99,99,99,99,99,99,99,99,99,99,99,99,99,99,99,99,99,99,99,106,106,106,116,116,116,116,116,116,116,116],"card_choices":[{"not_picked":["champ:SetATrap","champ:BladeFlurry"],"picked":"champ:StanceDance","floor":2},{"not_picked":["champ:Parry","champ:GutPunch"],"picked":"champ:Backstep","floor":3},{"not_picked":["champ:SkillfulDodge","champ:IronFortress"],"picked":"champ:GladiatorStyle","floor":6},{"not_picked":["champ:StanceDance","champ:TornadoPunch"],"picked":"champ:BringItOn","floor":9},{"not_picked":["champ:StanceDance","champ:Lariat"],"picked":"champ:Endure","floor":10},{"not_picked":["champ:StanceDance","champ:Devastate"],"picked":"champ:FalseCounter","floor":12},{"not_picked":["champ:Backstep","champ:Circumvent"],"picked":"champ:CrownThrow","floor":14},{"not_picked":["champ:FocusedDefense","champ:FancyFootwork"],"picked":"champ:TornadoPunch","floor":15},{"not_picked":["champ:Devastate","champ:MurderStrike"],"picked":"champ:HoldFirm","floor":16},{"not_picked":["champ:PreemptiveStrike","champ:StanceDance"],"picked":"champ:EnGarde","floor":19},{"not_picked":["champ:Backstep","champ:TornadoPunch"],"picked":"champ:FlashCut+1","floor":20},{"not_picked":["champ:BringItOn","champ:FlashCut"],"picked":"champ:LastStand","floor":21},{"not_picked":["champ:Endure","champ:RapidStrikes+1"],"picked":"champ:Encircle+1","floor":26},{"not_picked":["champ:FlashCut+1","champ:Backstep"],"picked":"champ:Shatter+1","floor":27},{"not_picked":["champ:BringItOn","champ:FlashCut+1"],"picked":"champ:DefensiveShout","floor":28},{"not_picked":["champ:CrookedStrike+1","champ:CrownThrow+1"],"picked":"champ:EnragedBash+1","floor":29},{"not_picked":["champ:StanceDance","champ:EnGarde+1"],"picked":"champ:ArenaPreparation","floor":30},{"not_picked":["champ:Circumvent","champ:FlashCut+1","champ:EnGarde"],"picked":"SKIP","floor":32},{"not_picked":["champ:Devastate+1","champ:CheapShot+1"],"picked":"champ:MurderStrike+1","floor":33},{"not_picked":["champ:PerfectedStrike+1","champ:Backstep+1"],"picked":"champ:ShieldSlam+1","floor":36},{"not_picked":["champ:EnragedBash+1","champ:StanceDance+1"],"picked":"champ:DefensiveShout","floor":37},{"not_picked":["champ:EnragedBash+1","champ:FancyFootwork+1"],"picked":"champ:RisingSlash+1","floor":38},{"not_picked":["champ:ShieldSlam","champ:FocusedDefense+1"],"picked":"champ:Shatter+1","floor":42},{"not_picked":["champ:BringItOn","champ:Shatter+1"],"picked":"champ:IronFortress","floor":43},{"not_picked":["champ:StrikeOfGenius","champ:StanceDance"],"picked":"champ:IronFortress+1","floor":45},{"not_picked":["champ:GladiatorStyle","champ:FaceSlap+1","champ:StanceDance"],"picked":"SKIP","floor":48},{"not_picked":["champ:PreemptiveStrike+1","champ:CrookedStrike+1"],"picked":"champ:Circumvent","floor":49}],"player_experience":607999,"relics_obtained":[{"floor":7,"key":"PreservedInsect"},{"floor":24,"key":"Molten Egg 2"},{"floor":26,"key":"Oddly Smooth Stone"},{"floor":29,"key":"Pocketwatch"},{"floor":29,"key":"Shuriken"},{"floor":41,"key":"Mummified Hand"},{"floor":43,"key":"Pear"}],"event_choices":[{"damage_healed":0,"gold_gain":0,"player_choice":"Success","damage_taken":3,"relics_obtained":["Turnip"],"max_hp_gain":0,"max_hp_loss":0,"event_name":"Scrap Ooze","floor":5,"gold_loss":0},{"damage_healed":0,"gold_gain":0,"player_choice":"Grow","damage_taken":0,"max_hp_gain":0,"max_hp_loss":0,"event_name":"Living Wall","floor":8,"gold_loss":0,"cards_upgraded":["champ:GladiatorStyle"]}],"is_beta":false,"boss_relics":[{"not_picked":["SacredBark","Runic Dome"],"picked":"Cursed Key"},{"not_picked":["Runic Pyramid","Astrolabe"],"picked":"Philosopher\u0027s Stone"}],"items_purged_floors":[],"is_endless":false,"potions_floor_spawned":[3,9,16,19,20,27,32,33,37,43,48,49],"ascension_level":0}}