{"host":"vyiqbz5w606ur92t","time":1613580763,"event":{"mods":["BaseMod","Downfall","Minty Spire (QoL Compilation)","Relic Stats","StSLib"],"gold_per_floor":[99,115,40,25,41,61,115,115,133,83,118,118,68,87,102,174,174,24,44,60,74,85,70,70,20,45,62,73,173,202,202,212,212,212,212],"floor_reached":33,"language":"ENG","playtime":2819,"items_purged":[],"score":567,"play_id":"93e7e8f9-829b-4486-8463-bf16524a1613","local_time":"20210217165243","is_ascension_mode":true,"campfire_choices":[{"floor":1,"key":"RECALL"},{"data":"Slimebound:Teamwork","floor":10,"key":"SMITH"},{"data":"Slimebound:GrowthPunch","floor":13,"key":"SMITH"},{"data":"Slimebound:Gluttony","floor":18,"key":"SMITH"},{"data":"Slimebound:GoopSpray","floor":25,"key":"SMITH"}],"circlet_count":0,"master_deck":["AscendersBane","Slimebound:Defend_Slimebound","Slimebound:Defend_Slimebound","Slimebound:Defend_Slimebound","Slimebound:Split","Slimebound:CorrosiveSpit","Slimebound:SplitAcid","Slimebound:Teamwork+1","Slimebound:DisruptingSlam","Slimebound:GrowthPunch+1","Slimebound:Gluttony+1","Slimebound:SplitAcid","Slimebound:SplitLeeching","Slimebound:RallyTheTroops","Slimebound:GoopSpray+1","Slimebound:ServeAndProtect","Slimebound:SamplingLick+1","Slimebound:LevelUp","J.A.X.","Slimebound:SamplingLick+1","Slimebound:DouseInSlime","Slimebound:Repurpose","Slimebound:HauntingLick","Pride","Slimebound:Equalize"],"relics":["Slimebound:AbsorbEndCombat","Pocketwatch","Slimebound:GreedOozeRelic","hexamod:BolsterEngine","Bronze Scales","Empty Cage","downfall:HeartBlessingRed","Art of War","Anchor","MutagenicStrength","Dead Branch","Mercury Hourglass"],"acts_visited":["Exordium","TheCity"],"potions_floor_usage":[14,28,30,33],"damage_taken":[{"damage":4,"enemies":"Small Slimes","floor":2,"turns":4},{"damage":0,"enemies":"downfall:FleeingMerchant","floor":4,"turns":4},{"damage":1,"enemies":"Cultist","floor":5,"turns":3},{"damage":9,"enemies":"2 Louse","floor":6,"turns":2},{"damage":8,"enemies":"Blue Slaver","floor":9,"turns":5},{"damage":2,"enemies":"Lagavulin","floor":11,"turns":7},{"damage":7,"enemies":"2 Fungi Beasts","floor":14,"turns":3},{"damage":13,"enemies":"Large Slime","floor":15,"turns":3},{"damage":7,"enemies":"SI_SHIV_ARCHETYPE","floor":16,"turns":7},{"damage":0,"enemies":"Spheric Guardian","floor":19,"turns":4},{"damage":8,"enemies":"downfall:LooterAlt2","floor":20,"turns":3},{"damage":13,"enemies":"Sentry and Sphere","floor":21,"turns":5},{"damage":0,"enemies":"Chosen and Byrds","floor":22,"turns":4},{"damage":0,"enemies":"downfall:FleeingMerchant","floor":23,"turns":4},{"damage":24,"enemies":"Gremlin Leader","floor":26,"turns":6},{"damage":12,"enemies":"Shelled Parasite and Fungi","floor":27,"turns":4},{"damage":13,"enemies":"Snake Plant","floor":28,"turns":3},{"damage":8,"enemies":"downfall:Augmenter","floor":29,"turns":6},{"damage":8,"enemies":"Book of Stabbing","floor":30,"turns":5},{"damage":9,"enemies":"Cultist and Chosen","floor":32,"turns":4},{"damage":49,"enemies":"WA_ARCHETYPE_CALM","floor":33,"turns":8}],"seed_played":"-4623029849169208305","potions_obtained":[{"floor":2,"key":"Slimebound:ThreeZeroPotion"},{"floor":9,"key":"champ:CounterPotion"},{"floor":16,"key":"FearPotion"},{"floor":20,"key":"Slimebound:SlimedPotion"},{"floor":29,"key":"EssenceOfSteel"}],"is_trial":false,"path_per_floor":["R","M","?","$","M","M","T","?","M","R","E","?","R","M","M","B",null,"R","M","M","M","M","$","T","R","E","M","M","?","E","?","M","B"],"character_chosen":"SLIMEBOUND","items_purchased":[],"campfire_rested":0,"item_purchase_floors":[],"current_hp_per_floor":[38,38,38,46,51,42,42,47,43,43,49,49,49,42,35,36,57,57,61,57,52,58,64,64,64,48,44,33,33,29,29,26,0,0,0],"gold":212,"neow_bonus":"ONE_RARE_RELIC","is_daily":false,"chose_seed":false,"campfire_upgraded":4,"win_rate":0.0,"timestamp":1613580763,"path_taken":["R","M","?","$","M","M","T","?","M","R","E","?","R","?","M","BOSS","R","M","M","M","M","?","T","R","E","M","M","?","E","?","M","BOSS"],"items_purchased_type":[],"build_version":"2020-12-22","purchased_purges":0,"victory":false,"max_hp_per_floor":[59,59,59,59,59,59,59,64,64,64,64,64,64,64,64,64,64,64,64,64,64,64,64,64,64,64,64,64,64,64,64,64,64,64,64],"relic_stats":{"counters":[21,92],"Bronze Scales":[221],"Dead Branch":[34],"Art of War":[9],"obtain_stats":[{"Slimebound:GreedOozeRelic":3,"Anchor":26,"downfall:HeartBlessingRed":18,"Bronze Scales":11,"MutagenicStrength":29,"Dead Branch":30,"Slimebound:AbsorbEndCombat":0,"Art of War":24,"hexamod:BolsterEngine":7,"Empty Cage":17,"Pocketwatch":0,"Mercury Hourglass":31},{"Slimebound:GreedOozeRelic":1,"Anchor":15,"downfall:HeartBlessingRed":9,"Bronze Scales":6,"MutagenicStrength":18,"Dead Branch":19,"Slimebound:AbsorbEndCombat":0,"Art of War":14,"hexamod:BolsterEngine":4,"Empty Cage":9,"Pocketwatch":0,"Mercury Hourglass":19},{"Slimebound:GreedOozeRelic":4,"Anchor":62,"downfall:HeartBlessingRed":36,"Bronze Scales":24,"MutagenicStrength":75,"Dead Branch":80,"Slimebound:AbsorbEndCombat":0,"Art of War":56,"hexamod:BolsterEngine":13,"Empty Cage":36,"Pocketwatch":0,"Mercury Hourglass":80}],"Pocketwatch":[146],"Mercury Hourglass":[26]},"card_choices":[{"not_picked":["Slimebound:Dissolve","Slimebound:RainOfGoop"],"picked":"Slimebound:SplitAcid","floor":2},{"not_picked":["Slimebound:PressTheAttack","Slimebound:HauntingLick"],"picked":"Slimebound:Teamwork","floor":4},{"not_picked":["Slimebound:RainOfGoop","Slimebound:SlimeSpikes"],"picked":"Slimebound:DisruptingSlam","floor":5},{"not_picked":["Slimebound:Recollect","Slimebound:SlimeSpikes","Slimebound:FinishingTackle"],"picked":"SKIP","floor":6},{"not_picked":["Slimebound:AcidTongue","Slimebound:Chomp"],"picked":"Slimebound:GrowthPunch","floor":9},{"not_picked":["Slimebound:RollThrough","Slimebound:LeechingTouch"],"picked":"Slimebound:Gluttony","floor":11},{"not_picked":["Slimebound:RollThrough","Slimebound:SamplingLick"],"picked":"Slimebound:SplitAcid","floor":14},{"not_picked":["Slimebound:Dissolve","Slimebound:ForwardTackle"],"picked":"Slimebound:SplitLeeching","floor":15},{"not_picked":["Slimebound:DuplicatedForm","Slimebound:WasteNot"],"picked":"Slimebound:RallyTheTroops","floor":16},{"not_picked":["Slimebound:Grow+1","Slimebound:ComboTackle"],"picked":"Slimebound:GoopSpray","floor":19},{"not_picked":["Slimebound:FinishingTackle","Slimebound:SlimeBarrage"],"picked":"Slimebound:ServeAndProtect","floor":20},{"not_picked":["Slimebound:RollThrough","Slimebound:SplitBruiser+1","Slimebound:SlimeBrawl"],"picked":"SKIP","floor":21},{"not_picked":["Slimebound:PressTheAttack","Slimebound:LivingWall"],"picked":"Slimebound:SamplingLick+1","floor":22},{"not_picked":["Slimebound:ItLooksTasty","Slimebound:LivingWall","Slimebound:ComboTackle"],"picked":"SKIP","floor":23},{"not_picked":["Slimebound:SplitLeeching","Slimebound:LeechEnergy"],"picked":"Slimebound:LevelUp","floor":26},{"not_picked":["Slimebound:PressTheAttack","Slimebound:FormOfPuddle","Slimebound:ProtectTheBoss"],"picked":"SKIP","floor":27},{"not_picked":["Slimebound:PressTheAttack","Slimebound:SplitLeeching","Slimebound:RollThrough"],"picked":"SKIP","floor":28},{"not_picked":[],"picked":"J.A.X.","floor":29},{"not_picked":["Slimebound:RollThrough","Slimebound:HauntingLick"],"picked":"Slimebound:SamplingLick+1","floor":29},{"not_picked":["Slimebound:Schlurp","Slimebound:BestDefense"],"picked":"Slimebound:HauntingLick","floor":30},{"not_picked":["Slimebound:ForwardTackle","Slimebound:SplitMire"],"picked":"Slimebound:Equalize","floor":32}],"player_experience":1825455,"relics_obtained":[{"floor":7,"key":"hexamod:BolsterEngine"},{"floor":11,"key":"Bronze Scales"},{"floor":24,"key":"Art of War"},{"floor":26,"key":"Anchor"},{"floor":29,"key":"MutagenicStrength"},{"floor":30,"key":"Dead Branch"}],"event_choices":[{"damage_healed":0,"gold_gain":0,"player_choice":"Donut","damage_taken":0,"max_hp_gain":5,"max_hp_loss":0,"event_name":"Big Fish","floor":8,"gold_loss":0},{"cards_removed":["Slimebound:Strike_Slimebound"],"damage_healed":0,"gold_gain":0,"player_choice":"Offered Basic","damage_taken":0,"max_hp_gain":0,"max_hp_loss":0,"event_name":"Bonfire Elementals","floor":12,"gold_loss":0},{"damage_healed":0,"gold_gain":0,"player_choice":"Stole Relic","damage_taken":0,"relics_obtained":["Mercury Hourglass"],"max_hp_gain":0,"max_hp_loss":0,"event_name":"Addict","floor":31,"gold_loss":0,"cards_obtained":["Pride"]}],"is_beta":false,"boss_relics":[{"not_picked":["SacredBark","Runic Pyramid"],"picked":"Empty Cage"}],"items_purged_floors":[],"is_endless":false,"potions_floor_spawned":[2,9,16,20,21,26,29],"killed_by":"WA_ARCHETYPE_CALM","ascension_level":19}}