{"host":"su4bqgzf8ryjohfr","time":1613595341,"event":{"mods":["BaseMod","Highlight Path","Minty Spire (QoL Compilation)"],"gold_per_floor":[110,128,1610,1610,1630,1657,1657,1657,1681,1694,1713,1729,1747,1780,1780,1882,1882,1897,1342,1353,1367,1380,1380,1413,1413,1413,1413,1513,1530,1550,1563,1563,1666,1716,1730,1747,1802,1802,1802,1828,1838,1838,1918,1949,1949,1968,1996,2008,2008,2008,2008,2008,1303,1329,1329],"floor_reached":56,"language":"ENG","playtime":444,"items_purged":["Strike_P","Defend_P","Strike_P"],"score":1915,"play_id":"86fae3e4-07c1-4acf-88f3-7d6b7106248f","local_time":"20210217155541","is_ascension_mode":true,"campfire_choices":[{"data":"WindmillStrike","floor":7,"key":"SMITH"},{"data":"FlyingSleeves","floor":15,"key":"SMITH"},{"data":"Worship","floor":23,"key":"SMITH"},{"data":"WheelKick","floor":25,"key":"SMITH"},{"floor":32,"key":"RECALL"},{"data":"Indignation","floor":45,"key":"SMITH"},{"data":"EmptyFist","floor":49,"key":"SMITH"},{"data":"Scrawl","floor":52,"key":"SMITH"}],"circlet_count":0,"master_deck":["Strike_P","Defend_P","Defend_P","Defend_P+1","Eruption","Vigilance+1","Prostrate+1","WindmillStrike+1","Sanctity","EmptyBody","FlyingSleeves+1","ThirdEye","Worship+1","WheelKick+1","Evaluate+1","DeusExMachina","Indignation+1","EmptyFist+1","Scrawl+1","FlyingSleeves","FollowUp+1","Tantrum","EmptyMind+1","WaveOfTheHand","PathToVictory","Protect+1","BowlingBash+1","SandsOfTime+1","Tantrum+1","ClearTheMind","Blasphemy","FollowUp+1","EmptyFist+1","Fasting2+1","DeceiveReality","Protect","BattleHymn+1","Forethought","Omniscience","FollowUp+1","LikeWater+1","Worship+1","WaveOfTheHand+1","CutThroughFate+1","Scrawl","EmptyFist+1","BowlingBash+1","BattleHymn","Prostrate","Evaluate","FearNoEvil+1","JustLucky+1","Thinking Ahead","Panacea","WaveOfTheHand+1"],"relics":["Sozu","Lee\u0027s Waffle","Happy Flower","Orichalcum","Damaru","Potion Belt","Black Star","Membership Card","Dead Branch","Prayer Wheel","Oddly Smooth Stone","Vajra","Molten Egg 2","Tiny House","Unceasing Top","HornCleat","Bag of Preparation","Pantograph","Omamori","Strawberry","Toy Ornithopter","Bag of Marbles","FossilizedHelix","Gambling Chip","OrangePellets","Bottled Tornado","StoneCalendar"],"acts_visited":["Exordium","TheCity","TheBeyond","TheEnding"],"potions_floor_usage":[],"damage_taken":[{"damage":0,"enemies":"Cultist","floor":1,"turns":1},{"damage":0,"enemies":"Small Slimes","floor":2,"turns":1},{"damage":0,"enemies":"Jaw Worm","floor":5,"turns":1},{"damage":0,"enemies":"Lagavulin","floor":6,"turns":1},{"damage":0,"enemies":"Looter","floor":10,"turns":1},{"damage":0,"enemies":"Lots of Slimes","floor":11,"turns":1},{"damage":0,"enemies":"Blue Slaver","floor":12,"turns":1},{"damage":0,"enemies":"Exordium Wildlife","floor":13,"turns":1},{"damage":0,"enemies":"3 Sentries","floor":14,"turns":1},{"damage":0,"enemies":"Hexaghost","floor":16,"turns":1},{"damage":0,"enemies":"3 Byrds","floor":18,"turns":1},{"damage":0,"enemies":"Spheric Guardian","floor":20,"turns":1},{"damage":0,"enemies":"Cultist and Chosen","floor":21,"turns":1},{"damage":0,"enemies":"3 Cultists","floor":22,"turns":1},{"damage":0,"enemies":"Book of Stabbing","floor":24,"turns":1},{"damage":0,"enemies":"Snecko","floor":29,"turns":1},{"damage":0,"enemies":"Snake Plant","floor":30,"turns":1},{"damage":0,"enemies":"Centurion and Healer","floor":31,"turns":1},{"damage":0,"enemies":"Collector","floor":33,"turns":1},{"damage":0,"enemies":"3 Darklings","floor":35,"turns":1},{"damage":0,"enemies":"Orb Walker","floor":36,"turns":1},{"damage":0,"enemies":"2 Orb Walkers","floor":37,"turns":1},{"damage":0,"enemies":"Giant Head","floor":40,"turns":1},{"damage":0,"enemies":"Maw","floor":41,"turns":1},{"damage":0,"enemies":"Nemesis","floor":44,"turns":1},{"damage":0,"enemies":"Jaw Worm Horde","floor":46,"turns":1},{"damage":0,"enemies":"Giant Head","floor":47,"turns":1},{"damage":0,"enemies":"Writhing Mass","floor":48,"turns":1},{"damage":0,"enemies":"Awakened One","floor":50,"turns":2},{"damage":0,"enemies":"Shield and Spear","floor":54,"turns":1},{"damage":6,"enemies":"The Heart","floor":55,"turns":3}],"seed_played":"4828549345503474523","potions_obtained":[],"is_trial":false,"path_per_floor":["M","M","$","?","M","E","R","?","T","M","M","M","M","E","R","B",null,"M","$","M","M","M","R","E","R","T","?","?","M","M","M","R","B",null,"M","M","?","?","?","E","M","?","T","E","R","M","E","M","R","B",null,"R","$","E","B",null],"character_chosen":"WATCHER","items_purchased":["Lee\u0027s Waffle","Happy Flower","Orichalcum","Membership Card","Dead Branch","Prayer Wheel","BattleHymn","Prostrate","Evaluate","FearNoEvil+1","JustLucky+1","FossilizedHelix","Gambling Chip","OrangePellets","Thinking Ahead","Panacea"],"campfire_rested":0,"item_purchase_floors":[3,3,3,19,19,19,53,53,53,53,53,53,53,53,53,53],"current_hp_per_floor":[72,72,79,63,63,63,63,56,56,56,56,56,56,56,56,56,79,79,79,79,79,79,79,79,79,79,79,79,79,79,79,79,79,84,84,84,84,84,80,80,80,80,80,87,87,87,87,87,87,87,87,87,87,87,81],"gold":1329,"neow_bonus":"BOSS_RELIC","is_daily":false,"chose_seed":false,"campfire_upgraded":7,"win_rate":0.0,"timestamp":1613595341,"path_taken":["M","M","$","?","M","E","R","?","T","M","M","M","M","E","R","BOSS","M","$","M","M","M","R","E","R","T","?","?","?","M","M","R","BOSS","M","M","?","?","?","E","M","?","T","E","R","M","E","M","R","BOSS","R","$","E","BOSS"],"items_purchased_type":["Relic","Relic","Relic","Relic","Relic","Relic","Card","Card","Card","Card","Card","Relic","Relic","Relic","Card","Card"],"build_version":"2020-12-22","purchased_purges":3,"victory":true,"max_hp_per_floor":[72,72,79,79,79,79,79,79,79,79,79,79,79,79,79,79,79,79,79,79,79,79,79,79,79,79,79,79,79,79,79,79,79,84,84,84,84,84,80,80,80,80,80,87,87,87,87,87,87,87,87,87,87,87,87],"card_choices":[{"not_picked":["CrushJoints","Adaptation"],"picked":"Prostrate","floor":1},{"not_picked":["CrushJoints","Collect"],"picked":"WindmillStrike","floor":2},{"not_picked":["WaveOfTheHand","FollowUp"],"picked":"Sanctity","floor":5},{"not_picked":["CutThroughFate","ThirdEye"],"picked":"EmptyBody","floor":6},{"not_picked":["EmptyMind","ReachHeaven"],"picked":"FlyingSleeves","floor":10},{"not_picked":["Evaluate","CrushJoints"],"picked":"ThirdEye","floor":11},{"not_picked":["Fasting2","FlurryOfBlows"],"picked":"Worship","floor":12},{"not_picked":["Sanctity","FlurryOfBlows"],"picked":"WheelKick","floor":13},{"not_picked":["DevaForm","FollowUp"],"picked":"Evaluate","floor":14},{"not_picked":["Blasphemy","Vault"],"picked":"DeusExMachina","floor":16},{"not_picked":["Consecrate","Prostrate"],"picked":"Indignation","floor":18},{"not_picked":["Halt","DeceiveReality"],"picked":"EmptyFist","floor":20},{"not_picked":["Collect","SashWhip"],"picked":"Scrawl","floor":20},{"not_picked":["Meditate","DeceiveReality"],"picked":"FlyingSleeves","floor":21},{"not_picked":["Adaptation","WindmillStrike"],"picked":"FollowUp+1","floor":21},{"not_picked":["ThirdEye","Wallop+1"],"picked":"Tantrum","floor":22},{"not_picked":["ThirdEye","Adaptation"],"picked":"EmptyMind+1","floor":22},{"not_picked":["Brilliance","InnerPeace+1"],"picked":"WaveOfTheHand","floor":24},{"not_picked":["SashWhip+1","ClearTheMind+1"],"picked":"PathToVictory","floor":29},{"not_picked":["FlyingSleeves+1","ClearTheMind"],"picked":"Protect+1","floor":29},{"not_picked":["WheelKick+1","FollowUp+1"],"picked":"BowlingBash+1","floor":30},{"not_picked":["ThirdEye","Weave+1"],"picked":"SandsOfTime+1","floor":30},{"not_picked":["Brilliance+1","CrushJoints+1"],"picked":"Tantrum+1","floor":31},{"not_picked":["FlurryOfBlows+1","SashWhip+1"],"picked":"ClearTheMind","floor":31},{"not_picked":["LessonLearned+1","Devotion"],"picked":"Blasphemy","floor":33},{"not_picked":["Pray","Prostrate"],"picked":"FollowUp+1","floor":34},{"not_picked":["ReachHeaven+1","WaveOfTheHand+1"],"picked":"EmptyFist+1","floor":35},{"not_picked":["Sanctity+1","EmptyMind"],"picked":"Fasting2+1","floor":35},{"not_picked":["WheelKick+1","EmptyMind+1"],"picked":"DeceiveReality","floor":36},{"not_picked":["CutThroughFate+1","Perseverance+1"],"picked":"Protect","floor":36},{"not_picked":["Evaluate","CrushJoints+1"],"picked":"BattleHymn+1","floor":37},{"not_picked":["Jack Of All Trades","Good Instincts"],"picked":"Forethought","floor":38},{"not_picked":["InnerPeace","Crescendo"],"picked":"Omniscience","floor":40},{"not_picked":["Evaluate+1","Conclude+1"],"picked":"FollowUp+1","floor":41},{"not_picked":["EmptyMind+1","Evaluate"],"picked":"LikeWater+1","floor":41},{"not_picked":["Study","SignatureMove+1"],"picked":"Worship+1","floor":44},{"not_picked":["Tantrum+1","LikeWater+1"],"picked":"WaveOfTheHand+1","floor":46},{"not_picked":["Fasting2+1","Consecrate+1"],"picked":"CutThroughFate+1","floor":46},{"not_picked":["SignatureMove+1","Evaluate+1"],"picked":"Scrawl","floor":47},{"not_picked":["LikeWater+1","Collect+1"],"picked":"EmptyFist+1","floor":48},{"not_picked":["Sanctity","Pray"],"picked":"BowlingBash+1","floor":48},{"not_picked":["JustLucky+1","Crescendo"],"picked":"WaveOfTheHand+1","floor":54}],"player_experience":101412,"relics_obtained":[{"floor":6,"key":"Damaru"},{"floor":14,"key":"Potion Belt"},{"floor":24,"key":"Oddly Smooth Stone"},{"floor":24,"key":"Vajra"},{"floor":26,"key":"Molten Egg 2"},{"floor":37,"key":"Unceasing Top"},{"floor":40,"key":"HornCleat"},{"floor":40,"key":"Bag of Preparation"},{"floor":43,"key":"Pantograph"},{"floor":44,"key":"Omamori"},{"floor":44,"key":"Strawberry"},{"floor":47,"key":"Toy Ornithopter"},{"floor":47,"key":"Bag of Marbles"},{"floor":54,"key":"Bottled Tornado"},{"floor":54,"key":"StoneCalendar"}],"event_choices":[{"damage_healed":0,"gold_gain":0,"player_choice":"Entered Light","damage_taken":16,"max_hp_gain":0,"max_hp_loss":0,"event_name":"Shining Light","floor":4,"gold_loss":0,"cards_upgraded":["Vigilance","Prostrate"]},{"cards_removed":["Strike_P"],"damage_healed":0,"gold_gain":0,"player_choice":"Card Removal","damage_taken":7,"max_hp_gain":0,"max_hp_loss":0,"event_name":"Golden Wing","floor":8,"gold_loss":0},{"damage_healed":0,"gold_gain":0,"player_choice":"Ignored","damage_taken":0,"max_hp_gain":0,"max_hp_loss":0,"event_name":"Ghosts","floor":27,"gold_loss":0},{"damage_healed":0,"gold_gain":100,"player_choice":"Pray","damage_taken":0,"max_hp_gain":0,"max_hp_loss":0,"event_name":"Golden Shrine","floor":28,"gold_loss":0},{"damage_healed":0,"gold_gain":0,"player_choice":"Fight","damage_taken":0,"max_hp_gain":0,"max_hp_loss":0,"event_name":"Mysterious Sphere","floor":37,"gold_loss":0},{"damage_healed":0,"gold_gain":0,"player_choice":"Memory 1","damage_taken":0,"max_hp_gain":0,"max_hp_loss":0,"event_name":"SensoryStone","floor":38,"gold_loss":0},{"damage_healed":0,"gold_gain":0,"player_choice":"Max HP","damage_taken":0,"max_hp_gain":0,"max_hp_loss":4,"event_name":"Winding Halls","floor":39,"gold_loss":0},{"damage_healed":0,"gold_gain":0,"player_choice":"Upgraded","damage_taken":0,"max_hp_gain":0,"max_hp_loss":0,"event_name":"Upgrade Shrine","floor":42,"gold_loss":0,"cards_upgraded":["Evaluate"]}],"is_beta":false,"boss_relics":[{"not_picked":["SacredBark","SlaversCollar"],"picked":"Black Star"},{"not_picked":["Philosopher\u0027s Stone","Runic Pyramid"],"picked":"Tiny House"}],"items_purged_floors":[3,19,53],"is_endless":false,"potions_floor_spawned":[2,5,11,13,16,20,29,31,33,35,36,44,46,47],"ascension_level":1}}