{"host":"a5csdf9n4csbv6sp","time":1613577389,"event":{"mods":["BaseMod","Minty Spire (QoL Compilation)","Permanent Neow","Relic Stats"],"gold_per_floor":[366,379,399,79,90,90,118,83,83,83,83,101,115,115,115,115,115],"floor_reached":16,"language":"ENG","playtime":493,"items_purged":[],"score":204,"play_id":"f07d468f-9d0f-4205-a733-c006846aced5","local_time":"20210217225629","is_ascension_mode":true,"campfire_choices":[{"data":"Crippling Poison","floor":6.0,"key":"SMITH"},{"data":"Catalyst","floor":11.0,"key":"SMITH"},{"floor":15,"key":"REST"}],"circlet_count":0,"master_deck":["AscendersBane","Strike_G","Strike_G","Strike_G","Strike_G","Strike_G","Defend_G","Defend_G","Defend_G","Defend_G","Defend_G","Survivor","Neutralize","Leg Sweep","Poisoned Stab","Catalyst+1","Crippling Poison+1","The Bomb","Flechettes","Bouncing Flask","Malaise","Escape Plan"],"relics":["Ring of the Snake","Omamori","Potion Belt","Golden Idol","Meat on the Bone"],"acts_visited":["Exordium"],"potions_floor_usage":[13],"damage_taken":[{"damage":3.0,"enemies":"Cultist","floor":1.0,"turns":4.0},{"damage":0.0,"enemies":"2 Louse","floor":2.0,"turns":5.0},{"damage":1.0,"enemies":"Small Slimes","floor":3.0,"turns":5.0},{"damage":1.0,"enemies":"Looter","floor":5.0,"turns":3.0},{"damage":18.0,"enemies":"Gremlin Nob","floor":7.0,"turns":4.0},{"damage":0.0,"enemies":"Large Slime","floor":12.0,"turns":3.0},{"damage":16,"enemies":"Exordium Thugs","floor":13,"turns":3},{"damage":22,"enemies":"The Guardian","floor":16,"turns":2}],"seed_played":"-4508635892916942626","potions_obtained":[{"floor":1.0,"key":"EssenceOfSteel"},{"floor":2.0,"key":"SkillPotion"},{"floor":7.0,"key":"SpeedPotion"}],"is_trial":false,"path_per_floor":["M","M","M","$","M","R","E","?","T","?","R","M","M","?","R","B"],"character_chosen":"THE_SILENT","items_purchased":["Crippling Poison","The Bomb","Flechettes"],"campfire_rested":1,"item_purchase_floors":[4,4,4],"current_hp_per_floor":[41,41,40,40,39,39,21,37,37,37,37,37,21,3,21,0,0],"gold":115,"neow_bonus":"TWO_FIFTY_GOLD","is_daily":false,"chose_seed":false,"campfire_upgraded":2,"win_rate":0.0,"timestamp":1613577389,"path_taken":["M","?","M","$","M","R","E","?","T","?","R","M","M","?","R","BOSS"],"items_purchased_type":["Card","Card","Card"],"build_version":"2020-12-22","purchased_purges":0,"victory":false,"max_hp_per_floor":[66,66,66,66,66,66,66,66,66,60,60,60,60,60,60,60,60],"relic_stats":{"counters":[8,29],"Golden Idol":7,"obtain_stats":[{"Potion Belt":9,"Golden Idol":10,"Omamori":7,"Ring of the Snake":0,"Meat on the Bone":14},{"Potion Belt":5,"Golden Idol":5,"Omamori":5,"Ring of the Snake":0,"Meat on the Bone":7},{"Potion Belt":21,"Golden Idol":21,"Omamori":21,"Ring of the Snake":0,"Meat on the Bone":27}],"Ring of the Snake":[16],"Meat on the Bone":0},"card_choices":[{"not_picked":["Finisher","Deflect"],"picked":"Leg Sweep","floor":1.0},{"not_picked":["Quick Slash","Flechettes"],"picked":"Poisoned Stab","floor":2.0},{"not_picked":["Accuracy","Escape Plan"],"picked":"Catalyst","floor":3.0},{"not_picked":["Terror","PiercingWail"],"picked":"Bouncing Flask","floor":5.0},{"not_picked":["Quick Slash","Footwork"],"picked":"Malaise","floor":7.0},{"not_picked":["Expertise","Poisoned Stab"],"picked":"Escape Plan","floor":12.0},{"not_picked":["Dagger Throw","Tactician","Cloak And Dagger"],"picked":"SKIP","floor":13}],"player_experience":1892442,"relics_obtained":[{"floor":7.0,"key":"Omamori"},{"floor":9.0,"key":"Potion Belt"}],"event_choices":[{"damage_healed":16.0,"max_hp_gain":0.0,"max_hp_loss":0.0,"gold_gain":0.0,"event_name":"The Cleric","player_choice":"Healed","floor":8.0,"gold_loss":35.0,"damage_taken":0.0},{"damage_healed":0.0,"max_hp_gain":0.0,"max_hp_loss":6.0,"gold_gain":0.0,"event_name":"Golden Idol","player_choice":"Lose Max HP","floor":10.0,"gold_loss":0.0,"damage_taken":0.0,"relics_obtained":["Golden Idol"]},{"damage_healed":0,"gold_gain":0,"player_choice":"Success","damage_taken":18,"relics_obtained":["Meat on the Bone"],"max_hp_gain":0,"max_hp_loss":0,"event_name":"Scrap Ooze","floor":14,"gold_loss":0}],"is_beta":false,"boss_relics":[],"items_purged_floors":[],"is_endless":false,"potions_floor_spawned":[1,2,7],"killed_by":"The Guardian","ascension_level":20}}