{"host":"f5gffvlv6a66yqkd","time":1613595114,"event":{"mods":["2.2 Compatiblity","BaseMod","Colored Map","Custom Start","DeckTracker","Keyboard Shortcuts","Minty Spire (QoL Compilation)","Permanent Neow","Quick Restart","Relic Stats","StSLib","SuperFastMode"],"gold_per_floor":[115,129,144,144,163,163,174,206,229,229,259,259,259,271,271,370,370,390,390,390,408,424,424,440,458,458,458,73,88,88,88],"floor_reached":30,"language":"KOR","playtime":604,"items_purged":["Strike_P"],"score":363,"play_id":"d4d720ac-b061-40dc-8b9c-4aaf2412a563","local_time":"20210218055154","is_ascension_mode":true,"campfire_choices":[{"data":"Eruption","floor":6.0,"key":"SMITH"},{"data":"MentalFortress","floor":10.0,"key":"SMITH"},{"data":"EmptyBody","floor":13.0,"key":"SMITH"},{"data":"SashWhip","floor":15,"key":"SMITH"},{"floor":23,"key":"REST"},{"floor":27,"key":"REST"}],"circlet_count":0,"master_deck":["AscendersBane","Strike_P","Strike_P","Strike_P","Defend_P","Defend_P","Defend_P","Eruption+1","Vigilance","FollowUp","MentalFortress+1","CutThroughFate+1","SashWhip+1","EmptyBody+1","InnerPeace","FlurryOfBlows","Halt+1","Adaptation","DeusExMachina","TalkToTheHand"],"relics":["PureWater","Lantern","Mercury Hourglass","Bronze Scales","SlaversCollar","Vajra","Orrery","Bag of Marbles"],"acts_visited":["Exordium","TheCity"],"potions_floor_usage":[14],"damage_taken":[{"damage":0.0,"enemies":"Small Slimes","floor":1.0,"turns":2.0},{"damage":0.0,"enemies":"2 Louse","floor":2.0,"turns":2.0},{"damage":0.0,"enemies":"Jaw Worm","floor":3.0,"turns":3.0},{"damage":4.0,"enemies":"2 Fungi Beasts","floor":5.0,"turns":4.0},{"damage":0.0,"enemies":"Exordium Wildlife","floor":7.0,"turns":3.0},{"damage":28.0,"enemies":"Gremlin Nob","floor":8.0,"turns":3.0},{"damage":0,"enemies":"Exordium Thugs","floor":14,"turns":2},{"damage":26,"enemies":"The Guardian","floor":16,"turns":11},{"damage":0,"enemies":"3 Byrds","floor":18,"turns":3},{"damage":11,"enemies":"Chosen","floor":21,"turns":4},{"damage":23,"enemies":"Shelled Parasite and Fungi","floor":22,"turns":5},{"damage":27,"enemies":"Sentry and Sphere","floor":24,"turns":4},{"damage":15,"enemies":"3 Cultists","floor":25,"turns":5},{"damage":26,"enemies":"Snake Plant","floor":29,"turns":4},{"damage":0,"enemies":"Centurion and Healer","floor":30,"turns":1}],"seed_played":"-5295442692264304222","potions_obtained":[{"floor":1.0,"key":"EssenceOfSteel"},{"floor":3.0,"key":"Fire Potion"},{"floor":5.0,"key":"Explosive Potion"},{"floor":18,"key":"FairyPotion"},{"floor":21,"key":"StancePotion"}],"is_trial":false,"path_per_floor":["M","M","M","?","M","R","M","E","T","R","?","?","R","M","R","B",null,"M","?","?","M","M","R","M","M","T","R","$","M","M"],"character_chosen":"WATCHER","items_purchased":["Orrery","Bag of Marbles"],"campfire_rested":2,"item_purchase_floors":[28,28],"current_hp_per_floor":[65,65,65,70,66,66,66,38,38,38,38,31,31,31,31,5,59,59,59,59,48,25,48,21,6,6,29,29,3,3,3],"gold":88,"neow_bonus":"RANDOM_COMMON_RELIC","is_daily":false,"chose_seed":false,"campfire_upgraded":4,"win_rate":0.0,"timestamp":1613595114,"path_taken":["M","M","M","?","M","R","M","E","T","R","?","?","R","M","R","BOSS","M","?","?","?","M","R","M","M","T","R","$","M","?"],"items_purchased_type":["Relic","Relic"],"build_version":"2020-12-22","purchased_purges":1,"victory":false,"max_hp_per_floor":[72,72,72,77,77,77,77,77,77,77,77,77,77,77,77,77,77,77,77,77,77,77,77,77,77,77,77,77,77,77,77],"relic_stats":{"counters":[15,56],"Bronze Scales":[135],"obtain_stats":[{"SlaversCollar":17,"Lantern":0,"Bronze Scales":9,"Vajra":26,"Orrery":28,"Bag of Marbles":28,"PureWater":0,"Mercury Hourglass":8},{"SlaversCollar":8,"Lantern":0,"Bronze Scales":6,"Vajra":13,"Orrery":13,"Bag of Marbles":13,"PureWater":0,"Mercury Hourglass":6},{"SlaversCollar":30,"Lantern":0,"Bronze Scales":17,"Vajra":51,"Orrery":51,"Bag of Marbles":51,"PureWater":0,"Mercury Hourglass":17}],"Mercury Hourglass":[139]},"card_choices":[{"not_picked":["EmptyMind","JustLucky"],"picked":"FollowUp","floor":1.0},{"not_picked":["PathToVictory","FollowUp"],"picked":"MentalFortress","floor":2.0},{"not_picked":["Consecrate","Meditate"],"picked":"CutThroughFate","floor":3.0},{"not_picked":["Evaluate","Pray","FlyingSleeves"],"picked":"SKIP","floor":5.0},{"not_picked":["Evaluate","ThirdEye"],"picked":"SashWhip","floor":7.0},{"not_picked":["WreathOfFlame","Prostrate"],"picked":"EmptyBody","floor":8.0},{"not_picked":["JustLucky","CrushJoints"],"picked":"InnerPeace","floor":14},{"not_picked":["ClearTheMind","Halt","SashWhip"],"picked":"SKIP","floor":18},{"not_picked":["Meditate","Collect"],"picked":"FlurryOfBlows","floor":21},{"not_picked":["JustLucky","Prostrate+1","Perseverance"],"picked":"SKIP","floor":22},{"not_picked":["Evaluate","LikeWater"],"picked":"Halt+1","floor":24},{"not_picked":["ForeignInfluence","ThirdEye","Halt+1"],"picked":"SKIP","floor":25},{"not_picked":["SashWhip","EmptyFist"],"picked":"Adaptation","floor":28},{"not_picked":["ThirdEye","Indignation+1"],"picked":"DeusExMachina","floor":28},{"not_picked":["Meditate","FlyingSleeves+1"],"picked":"TalkToTheHand","floor":28},{"not_picked":["Crescendo+1","EmptyFist","FollowUp"],"picked":"SKIP","floor":29}],"player_experience":1480847,"relics_obtained":[{"floor":8.0,"key":"Mercury Hourglass"},{"floor":9.0,"key":"Bronze Scales"},{"floor":26,"key":"Vajra"}],"event_choices":[{"damage_healed":0.0,"max_hp_gain":5.0,"max_hp_loss":0.0,"gold_gain":0.0,"event_name":"Big Fish","player_choice":"Donut","floor":4.0,"gold_loss":0.0,"damage_taken":0.0},{"damage_healed":0.0,"max_hp_gain":0.0,"max_hp_loss":0.0,"gold_gain":30.0,"event_name":"Dead Adventurer","player_choice":"Searched \u00271\u0027 times","floor":11.0,"gold_loss":0.0,"damage_taken":0.0},{"cards_removed":["Defend_P"],"damage_healed":0.0,"max_hp_gain":0.0,"max_hp_loss":0.0,"gold_gain":0.0,"event_name":"Golden Wing","player_choice":"Card Removal","floor":12.0,"gold_loss":0.0,"damage_taken":7.0},{"damage_healed":0,"gold_gain":0,"player_choice":"Ignored","damage_taken":0,"max_hp_gain":0,"max_hp_loss":0,"event_name":"Ghosts","floor":19,"gold_loss":0},{"damage_healed":0,"gold_gain":0,"player_choice":"Forge","damage_taken":0,"max_hp_gain":0,"max_hp_loss":0,"event_name":"Accursed Blacksmith","floor":20,"gold_loss":0,"cards_upgraded":["CutThroughFate"]}],"is_beta":false,"boss_relics":[{"not_picked":["Busted Crown","Runic Pyramid"],"picked":"SlaversCollar"}],"items_purged_floors":[28],"is_endless":false,"potions_floor_spawned":[1,3,5,18,21,24],"killed_by":"Centurion and Healer","ascension_level":11}}