{"host":"c97twqu0op5dg8i4","time":1613545668,"event":{"mods":["AchievementEnabler","BaseMod","Colored Map","Minty Spire (QoL Compilation)","Permanent Neow"],"gold_per_floor":[114,114,38,38,50,50,85,160,160,185,185,185,185,34,34,34],"floor_reached":15,"language":"ENG","playtime":204,"items_purged":[],"score":142,"play_id":"863d3bd9-f451-44ba-ad58-fc96fd8f043f","local_time":"20210217020748","is_ascension_mode":true,"campfire_choices":[{"floor":6,"key":"REST"},{"floor":9,"key":"REST"},{"floor":13,"key":"REST"}],"circlet_count":0,"master_deck":["AscendersBane","Strike_B","Strike_B","Strike_B","Strike_B","Defend_B","Defend_B","Defend_B","Defend_B","Zap","Dualcast","Genetic Algorithm","Self Repair","Scrape+1"],"relics":["Fusion Hammer","Molten Egg 2","Bronze Scales","Ornamental Fan","Omamori"],"acts_visited":["Exordium"],"potions_floor_usage":[],"damage_taken":[{"damage":8,"enemies":"2 Louse","floor":1,"turns":3},{"damage":7,"enemies":"Small Slimes","floor":5,"turns":3},{"damage":67,"enemies":"Gremlin Nob","floor":7,"turns":6},{"damage":0,"enemies":"3 Sentries","floor":15,"turns":1}],"seed_played":"6684180673072278010","potions_obtained":[],"is_trial":false,"path_per_floor":["M","?","$","?","M","R","E","?","R","T","T","?","R","$","E"],"character_chosen":"DEFECT","items_purchased":["Self Repair","Omamori"],"campfire_rested":3,"item_purchase_floors":[3,14],"current_hp_per_floor":[60,60,60,60,60,75,15,4,26,26,26,24,46,46,46,46],"gold":34,"neow_bonus":"BOSS_RELIC","is_daily":false,"chose_seed":false,"campfire_upgraded":0,"win_rate":0.0,"timestamp":1613545668,"path_taken":["M","?","$","?","M","R","E","?","R","T","T","?","R","$","E"],"items_purchased_type":["Card","Relic"],"build_version":"2020-12-22","purchased_purges":0,"victory":false,"max_hp_per_floor":[75,75,75,75,75,75,75,75,75,75,75,75,75,75,75,75],"card_choices":[{"not_picked":["Go for the Eyes","White Noise"],"picked":"Genetic Algorithm","floor":1},{"not_picked":["Storm","Darkness","Barrage"],"picked":"SKIP","floor":5},{"not_picked":["Steam","Compile Driver+1"],"picked":"Scrape+1","floor":7}],"player_experience":414550,"relics_obtained":[{"floor":7,"key":"Molten Egg 2"},{"floor":10,"key":"Bronze Scales"},{"floor":11,"key":"Ornamental Fan"}],"event_choices":[{"damage_healed":0,"gold_gain":0,"player_choice":"Ignored","damage_taken":0,"max_hp_gain":0,"max_hp_loss":0,"event_name":"Golden Wing","floor":2,"gold_loss":0},{"damage_healed":0,"gold_gain":0,"player_choice":"Ignored","damage_taken":0,"max_hp_gain":0,"max_hp_loss":0,"event_name":"Liars Game","floor":4,"gold_loss":0},{"damage_healed":0,"gold_gain":75,"player_choice":"Gather Gold","damage_taken":11,"max_hp_gain":0,"max_hp_loss":0,"event_name":"World of Goop","floor":8,"gold_loss":0},{"damage_healed":0,"gold_gain":0,"player_choice":"Fought Mushrooms","damage_taken":0,"max_hp_gain":0,"max_hp_loss":0,"event_name":"Mushrooms","floor":12,"gold_loss":0}],"is_beta":false,"boss_relics":[],"items_purged_floors":[],"is_endless":false,"potions_floor_spawned":[],"killed_by":"3 Sentries","ascension_level":12}}