{"host":"mv7lc7tvirr2z3gh","time":1613521292,"event":{"mods":["100% Spire Juice","AchievementEnabler","Act Like it!","Arknights","Aspiration","BaseMod","Bestiary","Better Altar","Better Match","Better Note","Better Sensory Stone","Better Skull","Better Third Choice","BetterRewards","CapriCore","Colored Powertips","Conspire","DeckTracker","Defuse TimeMaze Blight","Dota2Spire","Downfall","Energized Spire","Gensokyo","Gold Saver","Hermit","Highlight Path","Hubris","Infinite Spire","Lobotomy","LobotomyExtend","Magitek Elite","Minty Spire (QoL Compilation)","MostiFishMod","Permanent Neow","Prisma Mod","Quick Restart","Relic Stats","Replay The Spire","Ruina","Spicy Shops","StSLib","The Alterego","The Blue Laboratory","Waifu the Spire"],"gold_per_floor":[347,347,148,148,148,28,358,358,358,370,221,151,151,166,166,269,219,231,270,270,16,36,64,78,78,105,117,117,42,42,58,58,159,159,170,170,19,19,19,19,98,98,98,130,130,130],"floor_reached":51,"language":"ENG","playtime":9565,"items_purged":[],"score":985,"play_id":"3836d32d-3650-4899-9975-a38a0e71d34f","local_time":"20210217132132","is_ascension_mode":false,"campfire_choices":[{"data":"Moonworks:Ambush","floor":6,"key":"SMITH"},{"data":"Guardian:WalkerClaw","floor":13,"key":"SMITH"},{"data":"Moonworks:FullSpeedAlicianrone","floor":25,"key":"SMITH"},{"data":"Moonworks:IndiscriminateFireSupport","floor":30,"key":"SMITH"},{"floor":32,"key":"DIG"},{"data":"Guardian:HyperBeam_Guardian","floor":40,"key":"SMITH"},{"data":"Moonworks:AnotherUltimateWeapon","floor":42,"key":"SMITH"},{"data":"Atom Bomb","floor":45,"key":"SMITH"},{"floor":49,"key":"REST"}],"circlet_count":0,"master_deck":["Moonworks:Strike","Moonworks:Strike+1","Moonworks:Defend","Moonworks:Defend","Moonworks:Defend+1","Moonworks:Ambush+1","Moonworks:LongDistanceShot","Moonworks:ImOnFire","Guardian:DonusPower","Guardian:WalkerClaw+1","Moonworks:NicePresent","Moonworks:Flamethrower","Moonworks:Heat300Percent","Moonworks:Strike","Guardian:HyperBeam_Guardian+1","Moonworks:Poppoformation+1","ReplayTheSpireMod:Splinters","Moonworks:IndiscriminateFireSupport+1","m_BronzeAgony","Atom Bomb+1","Cloak And Dagger","Moonworks:CrystalBarrier","Moonworks:FullSpeedAlicianrone+1","Moonworks:EvilSpyWorkPreparation","Moonworks:TreasureThief+1","Moonworks:AnotherUltimateWeapon+1","Moonworks:ForcedRevival+1","Moonworks:FinalSurgery+1"],"relics":["Moonworks:BrokenBomb","Moonworks:Homemark","DaveBox","aspiration:Nostalgia","m_GuardianBlood","Civilization","SynthV:TestCard","Gensokyo:OccultBall","Pantograph","infinitespire:EmpoweringShard","Bag of Marbles","Orichalcum","Kunai","Bird Faced Urn","energizedSpire:HugeHouse","hubris:AstralHammer","hubris:MysteriousPyramids","Centennial Puzzle","Dota2Spire:ArmletOfMordiggian","infinitespire:Satchel","hubris:Teleporter","Busted Crown","aspiration:HatOfInfinitePower","MetatronsCube","Bottled Tornado","Gensokyo:EmptyGrave","MostiFishMod:Haymaker"],"acts_visited":["Gensokyo:Gensokyo","ruina:Briah","Gensokyo:Gensokyoest"],"potions_floor_usage":[16,33,50,51],"damage_taken":[{"damage":5,"enemies":"Gensokyo:Python","floor":1,"turns":4},{"damage":39,"enemies":"Gensokyo:Mamizou","floor":7,"turns":5},{"damage":1,"enemies":"Gensokyo:2_Kodama","floor":10,"turns":3},{"damage":1,"enemies":"Gensokyo:3_Fairies","floor":11,"turns":3},{"damage":4,"enemies":"Gensokyo:CorruptedTreant","floor":14,"turns":1},{"damage":16,"enemies":"Gensokyo:Yukari","floor":16,"turns":11},{"damage":0,"enemies":"ruina:BadWolf","floor":18,"turns":1},{"damage":0,"enemies":"ruina:3_Bats","floor":22,"turns":2},{"damage":0,"enemies":"ruina:RoadHome","floor":23,"turns":1},{"damage":0,"enemies":"ruina:KnightOfDespair","floor":24,"turns":2},{"damage":12,"enemies":"ruina:KingOfGreed","floor":27,"turns":3},{"damage":0,"enemies":"ruina:QueenOfHate","floor":31,"turns":1},{"damage":66,"enemies":"ruina:Red_and_Wolf","floor":33,"turns":5},{"damage":0,"enemies":"Gensokyo:3_Bats","floor":35,"turns":1},{"damage":15,"enemies":"Gensokyo:Marisa","floor":47,"turns":1},{"damage":0,"enemies":"Gensokyo:Yuyuko","floor":50,"turns":3},{"damage":31,"enemies":"Malkuth","floor":51,"turns":4},{"damage":90,"enemies":"Netzach","floor":51,"turns":5}],"seed_played":"-8818850191672892665","potions_obtained":[{"floor":11,"key":"SteroidPotion"},{"floor":15,"key":"Dota2Spire:HealingSalve"},{"floor":15,"key":"infinitespire:BlackPotion"},{"floor":18,"key":"blueLaboratory:BubblePotion"},{"floor":24,"key":"blueLaboratory:PhilterOfMotion"},{"floor":27,"key":"blueLaboratory:BottleOfVodka"},{"floor":35,"key":"blueLaboratory:HummingbirdPotion"}],"is_trial":false,"path_per_floor":["M","?","COS","?","T","R","E","?","T","M","M","?","R","M","R","B",null,"M","?","?","$","M","E","M","R","T","M","?","$","R","M","R","B",null,"M","?","COS","?","R","R","T","R","?","E","R","B",null],"character_chosen":"THE_STARBREAKER","items_purchased":["hubris:MysteriousPyramids","infinitespire:Satchel"],"campfire_rested":1,"item_purchase_floors":[21,29],"current_hp_per_floor":[61,61,61,61,61,61,30,36,36,45,54,54,54,61,61,71,76,81,81,81,81,86,91,96,96,96,95,101,101,101,106,106,51,111,116,70,70,70,70,70,70,70,70,66,99,117],"gold":130,"neow_bonus":"NOSTALGIA","is_daily":false,"chose_seed":false,"campfire_upgraded":7,"win_rate":0.0,"timestamp":1613521292,"path_taken":["M","?","COS","?","?","R","E","?","T","?","?","?","R","M","R","BOSS","M","?","?","$","?","E","M","R","T","M","?","?","R","M","R","BOSS","M","?","COS","?","R","R","T","R","?","E","R","BOSS"],"items_purchased_type":["Relic","Relic"],"build_version":"2020-12-22","purchased_purges":0,"victory":true,"max_hp_per_floor":[61,61,61,61,61,61,63,63,63,67,71,71,71,76,76,81,76,81,81,81,81,86,91,96,96,96,101,101,101,101,106,106,111,111,116,116,116,116,116,116,116,116,107,112,112,117],"relic_stats":{"Centennial Puzzle":[16],"Busted Crown":6,"counters":[19,62],"Pantograph":36,"Bird Faced Urn":[2],"Kunai":[16],"Orichalcum":[102],"obtain_stats":[{"DaveBox":0,"MostiFishMod:Haymaker":47,"Dota2Spire:ArmletOfMordiggian":26,"hubris:MysteriousPyramids":21,"Bottled Tornado":43,"m_GuardianBlood":0,"Civilization":0,"Centennial Puzzle":23,"hubris:AstralHammer":19,"Pantograph":5,"Gensokyo:OccultBall":2,"energizedSpire:HugeHouse":17,"Kunai":11,"hubris:Teleporter":32,"aspiration:Nostalgia":0,"Orichalcum":10,"Gensokyo:EmptyGrave":46,"SynthV:TestCard":1,"Busted Crown":34,"Moonworks:Homemark":0,"Bird Faced Urn":16,"infinitespire:Satchel":29,"infinitespire:EmpoweringShard":7,"Bag of Marbles":9,"aspiration:HatOfInfinitePower":36,"Moonworks:BrokenBomb":0,"MetatronsCube":38},{"DaveBox":0,"MostiFishMod:Haymaker":15,"Dota2Spire:ArmletOfMordiggian":10,"hubris:MysteriousPyramids":7,"Bottled Tornado":14,"m_GuardianBlood":0,"Civilization":0,"Centennial Puzzle":9,"hubris:AstralHammer":7,"Pantograph":1,"Gensokyo:OccultBall":1,"energizedSpire:HugeHouse":6,"Kunai":4,"hubris:Teleporter":12,"aspiration:Nostalgia":0,"Orichalcum":3,"Gensokyo:EmptyGrave":14,"SynthV:TestCard":1,"Busted Crown":13,"Moonworks:Homemark":0,"Bird Faced Urn":6,"infinitespire:Satchel":11,"infinitespire:EmpoweringShard":2,"Bag of Marbles":2,"aspiration:HatOfInfinitePower":14,"Moonworks:BrokenBomb":0,"MetatronsCube":14},{"DaveBox":0,"MostiFishMod:Haymaker":44,"Dota2Spire:ArmletOfMordiggian":33,"hubris:MysteriousPyramids":28,"Bottled Tornado":43,"m_GuardianBlood":0,"Civilization":0,"Centennial Puzzle":31,"hubris:AstralHammer":28,"Pantograph":4,"Gensokyo:OccultBall":4,"energizedSpire:HugeHouse":27,"Kunai":15,"hubris:Teleporter":37,"aspiration:Nostalgia":0,"Orichalcum":11,"Gensokyo:EmptyGrave":43,"SynthV:TestCard":4,"Busted Crown":42,"Moonworks:Homemark":0,"Bird Faced Urn":19,"infinitespire:Satchel":36,"infinitespire:EmpoweringShard":9,"Bag of Marbles":9,"aspiration:HatOfInfinitePower":43,"Moonworks:BrokenBomb":0,"MetatronsCube":43}]},"card_choices":[{"not_picked":["Whirlwind","Moonworks:RagingMadness"],"picked":"Moonworks:LuckyCharm","floor":1},{"not_picked":["Moonworks:LulusLuckyEgg","Guardian:Gem_Red","Moonworks:NicePresent","Moonworks:StiffCrystal"],"picked":"Moonworks:ImOnFire","floor":4},{"not_picked":["Moonworks:ImOnFire","Moonworks:x16BigRocket","Body Slam","Moonworks:Heat300Percent"],"picked":"Guardian:DonusPower","floor":4},{"not_picked":["Moonworks:OutOfAmmo","Entrench","Spot Weakness","Massacre"],"picked":"Guardian:WalkerClaw","floor":7},{"not_picked":["Moonworks:CloudOfSeagulls","Guardian:WalkerClaw","Twin Strike","Thunderclap"],"picked":"Moonworks:NicePresent","floor":10},{"not_picked":["Moonworks:SealedMemories","Moonworks:x16BigRocket","Flex","Body Slam"],"picked":"Moonworks:Flamethrower","floor":11},{"not_picked":["Guardian:RefractedBeam","Moonworks:DevilHand","Moonworks:Wanted","Guardian:DonusPower"],"picked":"Moonworks:Heat300Percent","floor":14},{"not_picked":["Moonworks:WeAreWaruda","Limit Break","Moonworks:Gamble","Guardian:WeakpointTargeting"],"picked":"Moonworks:MetallicMonocoque","floor":16},{"not_picked":["Moonworks:EvilSpyWorkPreparation+1","Moonworks:UnpaidWork","Moonworks:StiffCrystal","Moonworks:WindyEnchantment"],"picked":"Moonworks:Poppoformation+1","floor":18},{"not_picked":["Moonworks:CloudOfSeagulls","Moonworks:JonathanRush+1","Moonworks:MiracleWalker","Moonworks:SakisCookie"],"picked":"Moonworks:IndiscriminateFireSupport","floor":19},{"not_picked":["Moonworks:BigMagnum","Moonworks:AwakeningOfTalent","Moonworks:LulusLuckyEgg","Moonworks:RedAndBlue","Moonworks:Assault"],"picked":"SKIP","floor":22},{"not_picked":["Moonworks:BigMagnum","Moonworks:ExtendedPhotonRifle","Moonworks:IndiscriminateFireSupport+1","Moonworks:Assault"],"picked":"Moonworks:CrystalBarrier","floor":23},{"not_picked":["Moonworks:SakisCookie+1","Moonworks:BigMagnum","Moonworks:LulusLuckyEgg+1","Moonworks:ExtendedPhotonRifle"],"picked":"Moonworks:FullSpeedAlicianrone","floor":24},{"not_picked":["Moonworks:Assault","Moonworks:LulusLuckyEgg","Moonworks:IndiscriminateFireSupport","Moonworks:DeployBits"],"picked":"Moonworks:EvilSpyWorkPreparation","floor":27},{"not_picked":["Moonworks:BigMagnum","Moonworks:IndiscriminateFireSupport","Moonworks:EvilSpyWorkPreparation","Moonworks:TacticalRetreat+1"],"picked":"Moonworks:TreasureThief+1","floor":31},{"not_picked":["Moonworks:ShieldCounter","Moonworks:AccelHyper","Moonworks:RocketCannon","Moonworks:StarBlastingFuse"],"picked":"Moonworks:AnotherUltimateWeapon","floor":33},{"not_picked":["Moonworks:x16BigRocket+1","Moonworks:BigMagnum"],"picked":"Moonworks:ForcedRevival+1","floor":35},{"not_picked":["Moonworks:BigMagnum","Moonworks:Assault+1"],"picked":"Moonworks:FinalSurgery+1","floor":47}],"player_experience":27173,"relics_obtained":[{"floor":1,"key":"SynthV:TestCard"},{"floor":5,"key":"Pantograph"},{"floor":7,"key":"infinitespire:EmpoweringShard"},{"floor":9,"key":"Bag of Marbles"},{"floor":10,"key":"Gensokyo:OccultBall"},{"floor":16,"key":"Gensokyo:OccultBall"},{"floor":19,"key":"hubris:AstralHammer"},{"floor":23,"key":"Centennial Puzzle"},{"floor":26,"key":"Dota2Spire:ArmletOfMordiggian"},{"floor":32,"key":"hubris:Teleporter"},{"floor":33,"key":"Gensokyo:OccultBall"},{"floor":43,"key":"Bottled Tornado"},{"floor":47,"key":"MostiFishMod:Haymaker"},{"floor":47,"key":"Gensokyo:OccultBall"}],"event_choices":[{"damage_healed":0,"gold_gain":0,"player_choice":"Leave","damage_taken":0,"max_hp_gain":0,"max_hp_loss":0,"event_name":"conspire:Investor","floor":39,"gold_loss":0}],"is_beta":false,"boss_relics":[{"not_picked":["aspiration:FutureDiary","OneHitWonderSystem"],"picked":"energizedSpire:HugeHouse"},{"not_picked":["aspiration:SecretTechniqueScroll","infinitespire:Cupcake"],"picked":"Busted Crown"}],"items_purged_floors":[],"is_endless":false,"potions_floor_spawned":[11,18,24,27,35],"ascension_level":0}}