{"host":"373g0ui1bgeshz9m","time":1613585352,"event":{"mods":["Act Like it!","Aspiration","BaseMod","Beaked The Cultist","Better Third Choice","Colored Map","Conspire","Downfall","Halation","Hermit","Hubris","Infinite Spire","Minty Spire (QoL Compilation)","Pale of the Ancients","Permanent Neow","Quick Restart","Replay The Spire","Shade Mod","Shop Mod","Spikes Relics","StSLib","The Animator","The Bladedancer","The Florist","The Jungle","The Necromancer","The Sage","Trackpad"],"gold_per_floor":[114,129,129,129,142,142,18,38,63,78,78,78,93,93,93,188,188,205,304,304,71,91,91,111,111,137,147,147,179,179,94,94,94,94],"floor_reached":33,"language":"ENG","playtime":1104,"items_purged":[],"score":255,"play_id":"946266ea-38ca-4560-99ee-9a557edba01e","local_time":"20210217130912","is_ascension_mode":false,"campfire_choices":[{"data":"Crescendo","floor":12.0,"key":"SMITH"},{"floor":15.0,"key":"DIG"},{"data":"Vigilance","floor":23.0,"key":"SMITH"},{"data":"Eruption","floor":25.0,"key":"SMITH"},{"data":"Judgement","floor":30.0,"key":"SMITH"},{"data":"Conclude","floor":32.0,"key":"SMITH"}],"circlet_count":0,"master_deck":["Strike_P","Strike_P","Strike_P","Strike_P","Defend_P","Defend_P","Defend_P","Defend_P","Eruption+1","Vigilance+1","Conclude+1","Crescendo+1","Brilliance","CutThroughFate","Consecrate","Judgement+1","DeceiveReality","downfall:Bewildered","FlurryOfBlows"],"relics":["PureWater","NeowsBlessing","hubris:Towel","halation:EternalFortune","halation:LostSnail","Replay:Mystery Machine","infinitespire:FocusingShard","hubris:Icosahedron","BrokenLever","Pen Nib","aspiration:Lifesprig","sneckomod:BabySnecko","Oddly Smooth Stone","hubris:BottledRain"],"acts_visited":["Exordium","TheCity"],"potions_floor_usage":[33,33,33],"damage_taken":[{"damage":0.0,"enemies":"Jaw Worm","floor":1.0,"turns":1.0},{"damage":0.0,"enemies":"Small Slimes","floor":2.0,"turns":2.0},{"damage":0.0,"enemies":"2 Louse","floor":5.0,"turns":1.0},{"damage":4.0,"enemies":"Blue Slaver","floor":8.0,"turns":3.0},{"damage":0.0,"enemies":"Looter","floor":10.0,"turns":2.0},{"damage":2.0,"enemies":"Exordium Wildlife","floor":13.0,"turns":2.0},{"damage":50.0,"enemies":"The Guardian","floor":16.0,"turns":6.0},{"damage":0.0,"enemies":"Shell Parasite","floor":18.0,"turns":1.0},{"damage":0.0,"enemies":"2 Thieves","floor":22.0,"turns":2.0},{"damage":29.0,"enemies":"Snecko","floor":24.0,"turns":6.0},{"damage":3.0,"enemies":"Shelled Parasite and Fungi","floor":27.0,"turns":5.0},{"damage":76.0,"enemies":"Nightmare","floor":29.0,"turns":5.0},{"damage":25,"enemies":"conspire:MysteriousRune","floor":33,"turns":4}],"seed_played":"8128458987731124117","potions_obtained":[{"floor":1.0,"key":"LiquidMemories"},{"floor":8.0,"key":"BlessingOfTheForge"},{"floor":13.0,"key":"Reflective Coating"},{"floor":16.0,"key":"StancePotion"},{"floor":24.0,"key":"FairyPotion"}],"is_trial":false,"path_per_floor":["M","M","?","?","M","?","$","M","T","M","?","R","M","?","R_BF","B",null,"M","?","?","$","M","R","M","R","T","M","?","NM","R","?","R","B"],"character_chosen":"WATCHER","items_purchased":["halation:LostSnail","CutThroughFate","DeceiveReality","Pen Nib"],"campfire_rested":0,"item_purchase_floors":[7,7,21,21],"current_hp_per_floor":[72,72,72,75,75,75,75,71,71,71,71,71,69,69,69,19,75,75,75,75,75,75,75,46,46,46,72,72,22,22,22,22,0,0],"gold":94,"neow_bonus":"THREE_ENEMY_KILL","is_daily":false,"chose_seed":false,"campfire_upgraded":5,"win_rate":0.0,"timestamp":1613585352,"path_taken":["M","M","?","?","M","?","?","M","T","?","?","R","?","?","R_BF","BOSS","M","?","?","$","M","R","M","R","T","?","?","NM","R","?","R","BOSS"],"items_purchased_type":["Relic","Card","Card","Relic"],"build_version":"2020-12-22","purchased_purges":0,"victory":false,"max_hp_per_floor":[72,72,72,75,75,75,75,75,75,75,75,75,75,75,75,75,75,75,75,75,75,75,75,75,75,75,75,75,75,75,75,75,75,75],"card_choices":[{"not_picked":["Sanctity","EmptyFist"],"picked":"Conclude","floor":1.0},{"not_picked":["WheelKick","Protect"],"picked":"Crescendo","floor":2.0},{"not_picked":["FlyingSleeves","JustLucky"],"picked":"Brilliance","floor":5.0},{"not_picked":["PathToVictory","Evaluate"],"picked":"Consecrate","floor":8.0},{"not_picked":["Evaluate","Replay:ManipulateFuture","Nirvana"],"picked":"SKIP","floor":10.0},{"not_picked":["BattleHymn","BowlingBash","Perseverance"],"picked":"SKIP","floor":13.0},{"not_picked":["Brilliance","Scrawl"],"picked":"Judgement","floor":16.0},{"not_picked":["Halt","SignatureMove","JustLucky"],"picked":"SKIP","floor":18.0},{"not_picked":["Replay:Battleflow","BowlingBash","Evaluate"],"picked":"SKIP","floor":22.0},{"not_picked":["CrushJoints","PathToVictory+1","Replay:AllIn"],"picked":"SKIP","floor":24.0},{"not_picked":["CutThroughFate","Establishment","CarveReality"],"picked":"SKIP","floor":27.0},{"not_picked":["Sanctity","Study"],"picked":"FlurryOfBlows","floor":29.0}],"player_experience":375445,"relics_obtained":[{"floor":9.0,"key":"Replay:Mystery Machine"},{"floor":15.0,"key":"BrokenLever"},{"floor":26.0,"key":"aspiration:Lifesprig"},{"floor":29.0,"key":"Oddly Smooth Stone"}],"event_choices":[{"damage_healed":0.0,"max_hp_gain":0.0,"max_hp_loss":0.0,"gold_gain":0.0,"event_name":"conspire:Investor","player_choice":"Leave","floor":6.0,"gold_loss":0.0,"damage_taken":0.0},{"damage_healed":0.0,"max_hp_gain":0.0,"max_hp_loss":0.0,"gold_gain":0.0,"event_name":"WeMeetAgain","player_choice":"Gave Potion","floor":11.0,"gold_loss":0.0,"damage_taken":0.0,"relics_obtained":["infinitespire:FocusingShard"]},{"damage_healed":0.0,"max_hp_gain":0.0,"max_hp_loss":0.0,"gold_gain":99.0,"event_name":"betterThird:BetterNest","player_choice":"Steal","floor":19.0,"gold_loss":0.0,"damage_taken":0.0},{"damage_healed":0.0,"max_hp_gain":0.0,"max_hp_loss":0.0,"gold_gain":0.0,"event_name":"N\u0027loth","player_choice":"Ignored","floor":20.0,"gold_loss":0.0,"damage_taken":0.0},{"damage_healed":0.0,"max_hp_gain":0.0,"max_hp_loss":0.0,"gold_gain":0.0,"event_name":"Addict","player_choice":"Obtained Relic","floor":31.0,"gold_loss":85.0,"damage_taken":0.0,"relics_obtained":["hubris:BottledRain"]}],"is_beta":false,"boss_relics":[{"not_picked":["Honey Jar","Replay:Bronze Core","aspiration:FutureDiary"]}],"items_purged_floors":[],"is_endless":true,"potions_floor_spawned":[1,8,13,16,22,24],"killed_by":"conspire:MysteriousRune","ascension_level":0}}