{"host":"fnndj664xgd3vavt","time":1613578143,"event":{"mods":["AchievementEnabler","BaseMod","Colored Powertips","DeckTracker","Downfall","Hermit","Highlight Path","Infinite Spire","Marisa????????","Minty Spire (QoL Compilation)","Quick Restart","Random Character Button","Replay The Spire","StSLib","The Cursed","The Servant 0.9.4"],"gold_per_floor":[99,111,125,125,137,37,37,52,63,10,10,22,22,36,50,150,150,150,165,175,185,231,257,312,312,312,312,337,132,32,62,80,180,180,180,193,212,223,223,223,278,293,293,293,293],"floor_reached":43,"language":"ENG","playtime":2047,"items_purged":[],"score":484,"play_id":"103afac0-46df-4401-bc02-da0c9a8bafae","local_time":"20210217110903","is_ascension_mode":true,"campfire_choices":[{"floor":1.0,"key":"RECALL"},{"data":"Guardian:TwinSlam","floor":6.0,"key":"SMITH"},{"data":"Guardian:PrismaticBeam","floor":11,"key":"SMITH"},{"floor":13,"key":"REST"},{"floor":18,"key":"DIG"},{"data":"Guardian:SentryBeam","floor":30,"key":"SMITH"},{"data":"Guardian:StasisField","floor":35,"key":"SMITH"}],"circlet_count":0,"master_deck":["Guardian:Defend_Guardian","Guardian:Defend_Guardian","Guardian:Defend_Guardian","Guardian:Defend_Guardian","Guardian:CurlUp","Guardian:TwinSlam+1","Guardian:TemporalStrike+1","Guardian:SentryBeam+1","Guardian:PrismaticBeam+1","Guardian:PrimingBeam","Guardian:ExploitGems","Guardian:BronzeArmor","Guardian:PiercingHide+1","Guardian:SentryBeam+1","Guardian:PolyBeam","Bite","Bite","Bite","Bite","Bite","Guardian:FuturePlans+1","Guardian:ShieldCharger","Guardian:StasisField+1","Guardian:Gem_Lightblue","downfall:Aged","Replay:Hysterical Blindness","Guardian:TemporalStrike+1"],"relics":["Guardian:ModeShifter","downfall:HeartBlessingRed","Replay:Bottled Eggs","Black Star","Sundial","Tiny Chest","Pocketwatch","Letter Opener","Juzu Bracelet","Happy Flower","downfall:HeartBlessingBlue","Bottled Flame","Bottled Tornado","Busted Crown","downfall:ExtraCursedKey","Orichalcum"],"acts_visited":["Exordium","TheCity","TheBeyond"],"potions_floor_usage":[23],"damage_taken":[{"damage":9.0,"enemies":"2 Louse","floor":2.0,"turns":3.0},{"damage":6.0,"enemies":"Cultist","floor":3.0,"turns":4.0},{"damage":11.0,"enemies":"Jaw Worm","floor":5.0,"turns":5.0},{"damage":6.0,"enemies":"3 Louse","floor":8.0,"turns":4.0},{"damage":5.0,"enemies":"2 Fungi Beasts","floor":9.0,"turns":3.0},{"damage":0.0,"enemies":"downfall:FleeingMerchant","floor":10.0,"turns":4.0},{"damage":8,"enemies":"Red Slaver","floor":12,"turns":3},{"damage":11,"enemies":"Large Slime","floor":14,"turns":4},{"damage":4,"enemies":"Blue Slaver","floor":15,"turns":2},{"damage":30,"enemies":"WA_ARCHETYPE_RETAIN","floor":16,"turns":9},{"damage":17,"enemies":"downfall:LooterAlt2","floor":19,"turns":4},{"damage":0,"enemies":"Chosen","floor":20,"turns":4},{"damage":16,"enemies":"Centurion and Healer","floor":21,"turns":7},{"damage":12,"enemies":"Slavers","floor":23,"turns":5},{"damage":5,"enemies":"downfall:FleeingMerchant","floor":29,"turns":4},{"damage":6,"enemies":"Replay:Snechameleon","floor":31,"turns":4},{"damage":10,"enemies":"Cultist and Chosen","floor":32,"turns":6},{"damage":38,"enemies":"DF_ARCHETYPE_CLAW","floor":33,"turns":8},{"damage":30,"enemies":"3 Shapes","floor":36,"turns":5},{"damage":14,"enemies":"Orb Walker","floor":37,"turns":4},{"damage":17,"enemies":"Jaw Worm Horde","floor":38,"turns":4},{"damage":9,"enemies":"Sphere and 2 Shapes","floor":42,"turns":5},{"damage":48,"enemies":"Giant Head","floor":43,"turns":10}],"seed_played":"1448479206022253097","potions_obtained":[{"floor":5.0,"key":"PowerPotion"},{"floor":12,"key":"Energy Potion"},{"floor":14,"key":"DuplicationPotion"},{"floor":20,"key":"Fire Potion"},{"floor":31,"key":"LifebloodPotion"},{"floor":32,"key":"LiquidBronze"}],"is_trial":false,"path_per_floor":["R","M","M","?","M","R","T","M","M","$","R","M","R","M","M","B",null,"R","M","M","M","?","E","T","?","?","?","T","$","R","E","M","B",null,"R","M","M","M","?","?","T","M","E"],"character_chosen":"GUARDIAN","items_purchased":["Guardian:PrismaticBeam","Happy Flower","Guardian:Gem_Red"],"campfire_rested":1,"item_purchase_floors":[10,29,29],"current_hp_per_floor":[80,71,65,65,54,54,54,48,43,43,43,35,59,48,44,14,80,80,63,63,47,27,15,15,15,33,33,33,34,44,46,46,32,66,66,42,34,27,27,27,27,26,0,0,0],"gold":293,"neow_bonus":"ONE_RANDOM_RARE_CARD","is_daily":false,"chose_seed":false,"campfire_upgraded":4,"win_rate":0.0,"timestamp":1613578143,"path_taken":["R","M","M","?","M","R","T","?","?","?","R","M","R","M","M","BOSS","R","M","M","M","?","E","T","?","?","?","?","$","R","E","M","BOSS","R","M","M","M","?","?","T","M","E"],"items_purchased_type":["Card","Relic","Card"],"build_version":"2020-12-22","purchased_purges":0,"victory":false,"max_hp_per_floor":[80,80,80,80,80,80,80,80,80,80,80,80,80,80,80,80,80,80,80,80,80,80,80,80,56,56,56,56,56,66,66,66,66,66,66,66,66,66,66,66,66,66,66,66,66],"card_choices":[{"not_picked":["Guardian:TemporalStrike","Guardian:PiercingHide"],"picked":"Guardian:Gem_Lightblue","floor":2.0},{"not_picked":["Guardian:Repulse","Guardian:ShieldSpikes"],"picked":"Guardian:TemporalStrike","floor":3.0},{"not_picked":["Guardian:VentSteam","Guardian:CrystalBeam"],"picked":"Guardian:Gem_Cyan","floor":5.0},{"not_picked":["Guardian:Gem_Red","Guardian:ChargeCore"],"picked":"Guardian:SentryBeam","floor":8.0},{"not_picked":["Guardian:Planning","Guardian:Reroute"],"picked":"Guardian:Gem_Fragmented","floor":9.0},{"not_picked":["Guardian:Reroute","Guardian:CompilePackage"],"picked":"Guardian:Gem_Blue","floor":10.0},{"not_picked":["Guardian:BronzeOrb","Guardian:WalkerClaw"],"picked":"Guardian:PrimingBeam","floor":12},{"not_picked":["Guardian:ChargeCore","Guardian:WalkerClaw"],"picked":"Guardian:Gem_Yellow","floor":14},{"not_picked":["Guardian:WalkerClaw","Guardian:RollAttack","Guardian:DonusPower"],"picked":"SKIP","floor":15},{"not_picked":["Guardian:HyperBeam_Guardian","Guardian:StasisStrike"],"picked":"Guardian:ExploitGems","floor":16},{"not_picked":["Guardian:ArmoredProtocol","Guardian:Suspension+1"],"picked":"Guardian:Gem_Blue","floor":19},{"not_picked":["Guardian:MultiBeam","Guardian:Clone"],"picked":"Guardian:BronzeArmor","floor":20},{"not_picked":["Guardian:Planning","Guardian:EvasiveProtocol"],"picked":"Guardian:PiercingHide+1","floor":21},{"not_picked":["Guardian:RollAttack","Guardian:PrismaticBarrier"],"picked":"Guardian:SentryBeam","floor":22},{"not_picked":["Guardian:WalkerClaw","Guardian:RollAttack"],"picked":"Guardian:Gem_Purple","floor":22},{"not_picked":["Guardian:Preprogram","Guardian:PolyBeam","Guardian:Incinerate"],"picked":"SKIP","floor":23},{"not_picked":["Guardian:Preprogram","Guardian:Incinerate"],"picked":"Guardian:PolyBeam","floor":23},{"not_picked":["Guardian:Gem_Yellow","Guardian:TemporalStrike"],"picked":"Guardian:FuturePlans+1","floor":29},{"not_picked":["Guardian:SentryBeam+1","Guardian:Harden"],"picked":"Guardian:ShieldCharger","floor":31},{"not_picked":["Guardian:Recover","Guardian:Reroute"],"picked":"Guardian:Gem_Fragmented","floor":32},{"not_picked":["Guardian:GemFire","Guardian:ExploitGems"],"picked":"Guardian:StasisField","floor":33},{"not_picked":["Guardian:RefractedBeam+1"],"picked":"SKIP","floor":36},{"not_picked":["Guardian:BronzeOrb"],"picked":"SKIP","floor":37},{"not_picked":[],"picked":"Guardian:Gem_Lightblue","floor":38},{"not_picked":[],"picked":"Guardian:TemporalStrike+1","floor":42}],"player_experience":331831,"relics_obtained":[{"floor":7.0,"key":"Replay:Bottled Eggs"},{"floor":18,"key":"Sundial"},{"floor":22,"key":"Tiny Chest"},{"floor":23,"key":"Pocketwatch"},{"floor":23,"key":"Letter Opener"},{"floor":28,"key":"Juzu Bracelet"},{"floor":31,"key":"Bottled Flame"},{"floor":31,"key":"Bottled Tornado"},{"floor":41,"key":"Orichalcum"}],"event_choices":[{"damage_healed":0,"gold_gain":0,"player_choice":"Became a vampire","damage_taken":0,"max_hp_gain":0,"max_hp_loss":24,"event_name":"Vampires","floor":25,"gold_loss":0,"cards_obtained":["Bite","Bite","Bite","Bite","Bite"]},{"damage_healed":18,"gold_gain":0,"player_choice":"Heal","damage_taken":0,"max_hp_gain":0,"max_hp_loss":0,"event_name":"The Library","floor":26,"gold_loss":0},{"cards_removed":["Guardian:StasisEngine"],"damage_healed":0,"gold_gain":0,"player_choice":"Removed Power","damage_taken":0,"max_hp_gain":0,"max_hp_loss":0,"event_name":"Falling","floor":40,"gold_loss":0}],"is_beta":false,"boss_relics":[{"not_picked":["Tiny House","Kintsugi"],"picked":"Black Star"},{"not_picked":["Ring of Chaos","Honey Jar"],"picked":"Busted Crown"}],"items_purged_floors":[],"is_endless":false,"potions_floor_spawned":[5,12,14,15,20,31,32,36],"killed_by":"Giant Head","ascension_level":1}}