{"host":"owox7x4ngjt9htcc","time":1613542041,"event":{"mods":["BaseMod","Colored Map","DeckTracker","Keyboard Shortcuts","Minty Spire (QoL Compilation)","SuperFastMode"],"gold_per_floor":[114,114,40,55,55,55,85,85,85,100,115,130,145,160,160,260,260,275,275,290,70,70,70,100,115,190,1,16,16,31,46,346,446,446,461,476,491,506,521,521,3,3,3,33,33,48,50,65,65,65],"floor_reached":51,"language":"KOR","playtime":1630,"items_purged":["Strike_R"],"score":805,"play_id":"b092c55a-7e14-492b-bee5-ff1d3c227cbc","local_time":"20210217150721","daily_mods":["Chimera","Uncertain Future","Terminal"],"is_ascension_mode":false,"campfire_choices":[{"data":"Zap","floor":6,"key":"SMITH"},{"data":"BowlingBash","floor":8,"key":"SMITH"},{"data":"Pray","floor":15,"key":"SMITH"},{"data":"Devotion","floor":23,"key":"SMITH"},{"floor":29,"key":"DIG"},{"floor":32,"key":"DIG"},{"floor":40,"key":"REST"},{"floor":42,"key":"DIG"},{"floor":49,"key":"REST"}],"circlet_count":0,"master_deck":["Bash","Survivor","Zap+1","Strike_B","Defend_R","Defend_G","Defend_P","Wallop+1","BowlingBash+1","EmptyBody","Evaluate","Pray+1","FearNoEvil","ClearTheMind","Brilliance","ThirdEye","Devotion+1","CurseOfTheBell","Tantrum","Study","FlurryOfBlows","FlurryOfBlows","Apotheosis","Meditate","Vault","PathToVictory+1","Wish","Prostrate","Wallop"],"relics":["PureWater","Calipers","Toy Ornithopter","White Beast Statue","Calling Bell","Omamori","Kunai","Shovel","MutagenicStrength","TheAbacus","HornCleat","Letter Opener","FossilizedHelix","Old Coin","SlaversCollar","Singing Bowl","Blue Candle","Frozen Egg 2","Shuriken","Incense Burner"],"acts_visited":["Exordium","TheCity","TheBeyond"],"potions_floor_usage":[20,24,24,25,31,38,39,47,50,50],"damage_taken":[{"damage":3,"enemies":"2 Louse","floor":1,"turns":3},{"damage":0,"enemies":"Small Slimes","floor":4,"turns":3},{"damage":0,"enemies":"3 Sentries","floor":7,"turns":7},{"damage":0,"enemies":"Cultist","floor":10,"turns":3},{"damage":0,"enemies":"Looter","floor":11,"turns":4},{"damage":0,"enemies":"2 Fungi Beasts","floor":12,"turns":3},{"damage":0,"enemies":"Blue Slaver","floor":13,"turns":4},{"damage":3,"enemies":"Red Slaver","floor":14,"turns":4},{"damage":4,"enemies":"Hexaghost","floor":16,"turns":11},{"damage":16,"enemies":"Spheric Guardian","floor":18,"turns":6},{"damage":5,"enemies":"2 Thieves","floor":20,"turns":5},{"damage":11,"enemies":"Book of Stabbing","floor":24,"turns":5},{"damage":5,"enemies":"Cultist and Chosen","floor":25,"turns":8},{"damage":1,"enemies":"Snake Plant","floor":28,"turns":4},{"damage":0,"enemies":"Shelled Parasite and Fungi","floor":30,"turns":5},{"damage":0,"enemies":"Centurion and Healer","floor":31,"turns":5},{"damage":0,"enemies":"Automaton","floor":33,"turns":6},{"damage":0,"enemies":"Orb Walker","floor":35,"turns":6},{"damage":0,"enemies":"3 Shapes","floor":36,"turns":6},{"damage":4,"enemies":"Maw","floor":37,"turns":8},{"damage":30,"enemies":"3 Darklings","floor":38,"turns":6},{"damage":0,"enemies":"Sphere and 2 Shapes","floor":39,"turns":6},{"damage":6,"enemies":"Nemesis","floor":44,"turns":5},{"damage":0,"enemies":"Maw","floor":46,"turns":6},{"damage":8,"enemies":"2 Orb Walkers","floor":47,"turns":6},{"damage":0,"enemies":"Jaw Worm Horde","floor":48,"turns":6},{"damage":8,"enemies":"Donu and Deca","floor":50,"turns":7}],"seed_played":"6706742764168558924","potions_obtained":[{"floor":1,"key":"DistilledChaos"},{"floor":10,"key":"SpeedPotion"},{"floor":11,"key":"DuplicationPotion"},{"floor":12,"key":"Ancient Potion"},{"floor":13,"key":"Block Potion"},{"floor":16,"key":"FearPotion"},{"floor":20,"key":"Regen Potion"},{"floor":24,"key":"SkillPotion"},{"floor":25,"key":"Fire Potion"},{"floor":28,"key":"Fire Potion"},{"floor":30,"key":"BlessingOfTheForge"},{"floor":31,"key":"Weak Potion"},{"floor":35,"key":"PowerPotion"},{"floor":38,"key":"ColorlessPotion"},{"floor":39,"key":"StancePotion"},{"floor":44,"key":"CultistPotion"},{"floor":47,"key":"Regen Potion"},{"floor":48,"key":"Block Potion"}],"is_trial":false,"path_per_floor":["M","?","$","M","?","R","E","R","T","M","M","M","M","M","R","B",null,"M","?","M","$","?","R","E","M","T","$","M","R","M","M","R","B",null,"M","M","M","M","M","R","$","R","T","E","?","M","?","M","R","B",null],"character_chosen":"WATCHER","items_purchased":["BowlingBash","EmptyBody","TheAbacus","Study","Apotheosis","Singing Bowl","Wish","Prostrate"],"campfire_rested":2,"item_purchase_floors":[3,3,21,21,27,41,41,41],"current_hp_per_floor":[68,56,56,56,56,56,56,56,56,56,56,56,56,53,53,49,54,38,38,38,38,38,38,37,37,37,37,36,36,36,40,39,38,37,36,35,31,13,18,27,27,27,27,23,23,25,23,25,30,26],"gold":65,"neow_bonus":"","is_daily":true,"chose_seed":false,"campfire_upgraded":4,"win_rate":0.0,"timestamp":1613542041,"path_taken":["M","?","$","M","?","R","E","R","T","M","M","M","?","M","R","BOSS","M","?","M","$","?","R","E","M","T","?","M","R","M","M","R","BOSS","M","M","M","M","M","R","$","R","T","E","?","?","?","M","R","BOSS"],"items_purchased_type":["Card","Card","Relic","Card","Card","Relic","Card","Card"],"build_version":"2020-12-22","purchased_purges":1,"victory":true,"max_hp_per_floor":[70,69,68,67,66,65,64,63,62,61,60,59,58,57,56,55,54,53,52,51,50,49,48,47,46,45,44,43,42,41,40,39,38,37,36,35,34,33,32,31,30,29,28,29,28,29,30,31,30,29],"card_choices":[{"not_picked":["DeceiveReality","Protect"],"picked":"Wallop","floor":1},{"not_picked":["Wireheading","BowlingBash"],"picked":"Evaluate","floor":4},{"not_picked":["Crescendo","Halt","Nirvana"],"picked":"SKIP","floor":7},{"not_picked":["JustLucky","BowlingBash"],"picked":"Pray","floor":10},{"not_picked":["BowlingBash","JustLucky"],"picked":"FearNoEvil","floor":11},{"not_picked":["CarveReality","Weave"],"picked":"ClearTheMind","floor":12},{"not_picked":["FlyingSleeves","Vengeance"],"picked":"Brilliance","floor":13},{"not_picked":["ForeignInfluence","CutThroughFate"],"picked":"ThirdEye","floor":14},{"not_picked":["Scrawl","Vault"],"picked":"Devotion","floor":16},{"not_picked":["EmptyFist","BattleHymn+1"],"picked":"Tantrum","floor":18},{"not_picked":["DeceiveReality","Consecrate","Conclude"],"picked":"SKIP","floor":20},{"not_picked":["Adaptation+1","Fasting2+1"],"picked":"FlurryOfBlows","floor":24},{"not_picked":["Evaluate","DeceiveReality"],"picked":"FlurryOfBlows","floor":25},{"not_picked":["Tantrum","Wireheading","JustLucky"],"picked":"SKIP","floor":28},{"not_picked":["WreathOfFlame","Evaluate+1"],"picked":"Meditate","floor":30},{"not_picked":["BattleHymn+1","Swivel","Meditate+1"],"picked":"SKIP","floor":31},{"not_picked":["Ragnarok","Alpha"],"picked":"Vault","floor":33},{"not_picked":["Meditate","CrushJoints+1","EmptyBody+1"],"picked":"SKIP","floor":35},{"not_picked":["Fasting2","Protect","ThirdEye"],"picked":"SKIP","floor":36},{"not_picked":["WreathOfFlame","FlyingSleeves+1","Indignation"],"picked":"SKIP","floor":37},{"not_picked":["Wallop","FlyingSleeves","CutThroughFate"],"picked":"SKIP","floor":38},{"not_picked":["WheelKick+1","Evaluate"],"picked":"PathToVictory+1","floor":39},{"not_picked":["CrushJoints","Halt","ClearTheMind"],"picked":"Singing Bowl","floor":44},{"not_picked":["JustLucky","EmptyFist","SignatureMove+1"],"picked":"Singing Bowl","floor":46},{"not_picked":["ThirdEye+1","FollowUp+1","Sanctity+1"],"picked":"Singing Bowl","floor":47},{"not_picked":["Scrawl","DeceiveReality+1","EmptyBody+1"],"picked":"Singing Bowl","floor":48}],"player_experience":932900,"relics_obtained":[{"floor":7,"key":"Toy Ornithopter"},{"floor":9,"key":"White Beast Statue"},{"floor":17,"key":"Omamori"},{"floor":17,"key":"Kunai"},{"floor":17,"key":"Shovel"},{"floor":24,"key":"HornCleat"},{"floor":26,"key":"Letter Opener"},{"floor":29,"key":"FossilizedHelix"},{"floor":32,"key":"Old Coin"},{"floor":42,"key":"Blue Candle"},{"floor":43,"key":"Frozen Egg 2"},{"floor":44,"key":"Shuriken"},{"floor":47,"key":"Incense Burner"}],"event_choices":[{"damage_healed":0,"gold_gain":0,"player_choice":"Success","damage_taken":12,"relics_obtained":["Calipers"],"max_hp_gain":0,"max_hp_loss":0,"event_name":"Scrap Ooze","floor":2,"gold_loss":0},{"damage_healed":0,"gold_gain":0,"player_choice":"Upgraded","damage_taken":0,"max_hp_gain":0,"max_hp_loss":0,"event_name":"Upgrade Shrine","floor":5,"gold_loss":0,"cards_upgraded":["Wallop"]},{"damage_healed":0,"gold_gain":0,"player_choice":"Inject Mutagens","damage_taken":0,"relics_obtained":["MutagenicStrength"],"max_hp_gain":0,"max_hp_loss":0,"event_name":"Drug Dealer","floor":19,"gold_loss":0},{"cards_removed":["Eruption"],"damage_healed":0,"gold_gain":0,"player_choice":"Elegance","damage_taken":0,"max_hp_gain":0,"max_hp_loss":0,"event_name":"Back to Basics","floor":22,"gold_loss":0},{"damage_healed":0,"gold_gain":0,"cards_transformed":["Strike_G"],"player_choice":"Transformed","damage_taken":0,"max_hp_gain":0,"max_hp_loss":0,"event_name":"Transmorgrifier","floor":45,"gold_loss":0,"cards_obtained":["Wallop"]},{"damage_healed":0,"gold_gain":0,"player_choice":"Fight","damage_taken":0,"max_hp_gain":0,"max_hp_loss":0,"event_name":"Mysterious Sphere","floor":47,"gold_loss":0}],"is_beta":false,"boss_relics":[{"not_picked":["Astrolabe","Snecko Eye"],"picked":"Calling Bell"},{"not_picked":["HolyWater","Runic Dome"],"picked":"SlaversCollar"}],"items_purged_floors":[41],"is_endless":false,"potions_floor_spawned":[1,10,11,12,13,14,16,18,20,24,25,28,30,31,33,35,36,37,38,39,44,46,47,48],"ascension_level":0}}