{"host":"kdt6w7ix8lwe69i9","time":1613581200,"event":{"mods":["100% Spire Juice","BaseMod","ChefMod","Evolution","Koishi","Minty Spire (QoL Compilation)","Poor People Problems","Reimu（博丽灵梦）","Robot Space Explorer","Shade Mod","Shapeshifter Mod","StSLib","The Druid","The Gatherer","The Poker Player","The Servant 0.9.4","TheSurvivalist"],"gold_per_floor":[111,111,128,303,303,303,320,320,320,369,383,411,429,448,448,573,573,595,595,642,135,161,169,169],"floor_reached":23,"language":"ENG","playtime":1571,"items_purged":[],"score":195,"play_id":"c2f7981d-fe7f-4228-a06a-8e7236655535","local_time":"20210217120000","is_ascension_mode":false,"campfire_choices":[{"data":"StSShapeShifter:FoxForm","floor":6,"key":"SMITH"},{"data":"StSShapeShifter:BurstingSpore","floor":8,"key":"SMITH"},{"floor":15,"key":"REST"}],"circlet_count":0,"master_deck":["StSShapeShifter:ShiftingStrike","StSShapeShifter:ShiftingStrike","StSShapeShifter:ShapeShifter_Strike","StSShapeShifter:ShapeShifter_Strike","StSShapeShifter:ShapeShifter_Strike","StSShapeShifter:ShapeShifter_Defend","StSShapeShifter:ShapeShifter_Defend+1","StSShapeShifter:ShapeShifter_Defend","StSShapeShifter:ShapeShifter_Defend","StSShapeShifter:ShapeShifter_Defend","StSShapeShifter:Tortoise_Form+1","StSShapeShifter:Lynx_Form","StSShapeShifter:BurstingSpore","StSShapeShifter:FoxForm+1","StSShapeShifter:BurstingSpore+1","StSShapeShifter:BladeOfGrass","StSShapeShifter:DeepWound","StSShapeShifter:BladeOfGrass","StSShapeShifter:PantherForm","StSShapeShifter:Roar","StSShapeShifter:Flood","StSShapeShifter:BloomingSlash+1","StSShapeShifter:Garden","StSShapeShifter:Guard"],"relics":["StSShapeShifter:AnimalHeart","StSShapeShifter:TheShapeShiftersMagnolia","EVO:Axolotl","NeowsBlessing","StSShapeShifter:ThornsOfSummi","War Paint","StSShapeShifter:LemurHeaddress","CeramicFish","StSShapeShifter:AlchemistsNecklace","Darkstone Periapt"],"acts_visited":["Exordium","TheCity"],"potions_floor_usage":[12,16,16,16,16,22,22,23],"damage_taken":[{"damage":0,"enemies":"Cultist","floor":1,"turns":1},{"damage":0,"enemies":"2 Louse","floor":3,"turns":1},{"damage":0,"enemies":"Small Slimes","floor":7,"turns":1},{"damage":20,"enemies":"3 Sentries","floor":10,"turns":8},{"damage":11,"enemies":"2 Fungi Beasts","floor":11,"turns":3},{"damage":12,"enemies":"Gremlin Gang","floor":12,"turns":5},{"damage":4,"enemies":"Exordium Thugs","floor":13,"turns":3},{"damage":5,"enemies":"2 Fungi Beasts","floor":14,"turns":3},{"damage":9,"enemies":"Slime Boss","floor":16,"turns":9},{"damage":20,"enemies":"Spheric Guardian","floor":18,"turns":4},{"damage":10,"enemies":"3 Byrds","floor":20,"turns":4},{"damage":12,"enemies":"Snake Plant","floor":22,"turns":2},{"damage":40,"enemies":"Gremlin Leader","floor":23,"turns":9}],"seed_played":"-3245720542347427375","potions_obtained":[{"floor":7,"key":"BlessingOfTheForge"},{"floor":11,"key":"Dexterity Potion"},{"floor":12,"key":"EntropicBrew"}],"is_trial":false,"path_per_floor":["M","?","M","?","?","R","M","R","T","E","M","M","M","M","R","B",null,"M","?","M","$","M","E"],"character_chosen":"SHAPESHIFTER","items_purchased":["DistilledChaos","AttackPotion","StSShapeShifter:AlchemistsNecklace","Darkstone Periapt"],"campfire_rested":1,"item_purchase_floors":[21,21,21,21],"current_hp_per_floor":[78,78,78,78,71,71,71,71,71,51,40,28,24,19,42,33,78,58,58,48,48,36,0,0],"gold":169,"neow_bonus":"THREE_ENEMY_KILL","is_daily":false,"chose_seed":false,"campfire_upgraded":2,"win_rate":0.0,"timestamp":1613581200,"path_taken":["M","?","M","?","?","R","M","R","T","E","M","M","M","M","R","BOSS","M","?","M","$","?","E"],"items_purchased_type":["Potion","Potion","Relic","Relic"],"build_version":"2020-12-22","purchased_purges":0,"victory":false,"max_hp_per_floor":[78,78,78,78,78,78,78,78,78,78,78,78,78,78,78,78,78,78,78,78,78,78,78,78],"card_choices":[{"not_picked":["StSShapeShifter:ShiftingStrike","StSShapeShifter:ThornedSkin"],"picked":"StSShapeShifter:BurstingSpore","floor":1},{"not_picked":["StSShapeShifter:Rest","StSShapeShifter:EntForm"],"picked":"StSShapeShifter:FoxForm","floor":3},{"not_picked":["StSShapeShifter:FallingLeaves","StSShapeShifter:MonkeyForm"],"picked":"StSShapeShifter:BurstingSpore","floor":7},{"not_picked":["StSShapeShifter:Rabid","StSShapeShifter:DragonForm"],"picked":"StSShapeShifter:BladeOfGrass","floor":10},{"not_picked":["StSShapeShifter:MagicMushrooms","StSShapeShifter:FruitBasket"],"picked":"StSShapeShifter:DeepWound","floor":11},{"not_picked":["StSShapeShifter:FallingLeaves","StSShapeShifter:AdaptiveStrikes"],"picked":"StSShapeShifter:BladeOfGrass","floor":12},{"not_picked":["StSShapeShifter:RockSlide","StSShapeShifter:RatForm"],"picked":"StSShapeShifter:PantherForm","floor":13},{"not_picked":["StSShapeShifter:Evolution","StSShapeShifter:LeapingSlash"],"picked":"StSShapeShifter:Roar","floor":14},{"not_picked":["StSShapeShifter:Blossom2","StSShapeShifter:MammothForm"],"picked":"StSShapeShifter:Flood","floor":16},{"not_picked":["StSShapeShifter:ThornToss","StSShapeShifter:SunflowerShuriken"],"picked":"StSShapeShifter:BloomingSlash+1","floor":18},{"not_picked":["StSShapeShifter:AdaptiveStrikes","StSShapeShifter:FallingLeaves+1"],"picked":"StSShapeShifter:Garden","floor":20},{"not_picked":["StSShapeShifter:Consume","StSShapeShifter:DragonForm"],"picked":"StSShapeShifter:Guard","floor":22}],"player_experience":1626827,"relics_obtained":[{"floor":9,"key":"StSShapeShifter:ThornsOfSummi"},{"floor":10,"key":"War Paint"},{"floor":20,"key":"CeramicFish"}],"event_choices":[{"damage_healed":0,"gold_gain":0,"player_choice":"Leave","damage_taken":0,"max_hp_gain":0,"max_hp_loss":0,"event_name":"The Cleric","floor":2,"gold_loss":0},{"damage_healed":0,"gold_gain":175,"player_choice":"AGREE","damage_taken":0,"max_hp_gain":0,"max_hp_loss":0,"event_name":"Liars Game","floor":4,"gold_loss":0,"cards_obtained":["Doubt"]},{"cards_removed":["Doubt"],"damage_healed":0,"gold_gain":0,"player_choice":"Card Removal","damage_taken":7,"max_hp_gain":0,"max_hp_loss":0,"event_name":"Golden Wing","floor":5,"gold_loss":0},{"damage_healed":0,"gold_gain":0,"player_choice":"Ignored","damage_taken":0,"max_hp_gain":0,"max_hp_loss":0,"event_name":"N\u0027loth","floor":19,"gold_loss":0}],"is_beta":false,"boss_relics":[{"not_picked":["Philosopher\u0027s Stone","Black Star"],"picked":"StSShapeShifter:LemurHeaddress"}],"items_purged_floors":[],"is_endless":false,"potions_floor_spawned":[7,11,12],"killed_by":"Gremlin Leader","ascension_level":0}}