{"host":"nlbr7nnijupf3yfg","time":1613539414,"event":{"mods":["AchievementEnabler","BaseMod","BetterRewards","Card Forge","Colored Powertips","DeckTracker","Downfall","Hubris","Infinite Spire","Minty Spire (QoL Compilation)","Quick Restart","Relic Stats","Replay The Spire","Shop Mod","StSLib","SuperFastMode"],"gold_per_floor":[112,112,112,112,6,38,38,56,131,131,190,215,273,291,291,393,393,403,403,413,21,37,69,69,400,400,435,435,435,435,481,481,581,631,649,649,669,493,507,507,526,540,540,553,622,552,552,570,570,570],"floor_reached":51,"language":"ENG","playtime":1370,"items_purged":["Strike_B"],"score":1179,"play_id":"20b0c1c6-b028-4f3d-a3b1-e7a5cd5834c4","local_time":"20210217002334","is_ascension_mode":true,"campfire_choices":[{"data":"Reprogram","floor":10,"key":"SMITH"},{"floor":15,"key":"REST"},{"data":"Hyperbeam","floor":24,"key":"SMITH"},{"data":"Buffer","floor":32,"key":"SMITH"},{"data":"White Noise","floor":40,"key":"SMITH"},{"data":"hubris:Fate","floor":49,"key":"SMITH"}],"circlet_count":0,"master_deck":["Strike_B","Strike_B","Defend_B","Defend_B","Defend_B","Defend_B","Dualcast","Hologram","Cold Snap","Hyperbeam+1","Hyperbeam","Buffer+1","Reprogram+1","Sweeping Beam","Ball Lightning","Buffer+1","Seek","Barrage+1","Lockon","hubris:DoWhile","Doom and Gloom+1","HandOfGreed","Turbo+1","Hello World+1","White Noise+1","Conserve Battery","Genetic Algorithm","ReplayTheSpireMod:Omega Cannon","Hologram+1","Go for the Eyes","Stack+1","Midas Touch","Turbo+1","Streamline+1","Double Energy+1","Streamline+1","ReplayTheSpireMod:Splinters","Scrape+1","hubris:Fate+1","Sunder","Cold Snap+1"],"relics":["PureWater","Hammer of Thor","Seething Fire","Anvil of the Gods","GremlinMask","hubris:BundleOfHerbs","ReplayTheSpireMod:Ninjato","infinitespire:Cubic Diamond","bronze:DecasWashers","hubris:MedicalManual","Ginger","hubris:GrandSneckoEye","Membership Card","Gremlin Horn","ReplayTheSpireMod:Shallot","Old Coin","Slimebound:PreparedRelic","ReplayTheSpireMod:TigerMarble","hubris:BottledHeart","hubris:Towel","Bronze Scales","Pear","Tiny House","Strange Spoon","Prayer Wheel","hubris:PeanutButter","Mummified Hand","CaptainsWheel"],"acts_visited":["Exordium","TheCity","TheBeyond"],"potions_floor_usage":[1,25,25,50],"damage_taken":[{"damage":9,"enemies":"2 Louse","floor":1,"turns":3},{"damage":18,"enemies":"3 Sentries","floor":6,"turns":3},{"damage":0,"enemies":"Cultist","floor":8,"turns":3},{"damage":15,"enemies":"Replay:BlueRogue","floor":12,"turns":7},{"damage":18,"enemies":"Lagavulin Event","floor":13,"turns":6},{"damage":0,"enemies":"Small Slimes","floor":14,"turns":1},{"damage":0,"enemies":"Slime Boss","floor":16,"turns":9},{"damage":0,"enemies":"Chosen","floor":18,"turns":4},{"damage":3,"enemies":"Spheric Guardian","floor":20,"turns":3},{"damage":0,"enemies":"3 Cultists","floor":22,"turns":2},{"damage":1,"enemies":"Replay:Snechameleon","floor":23,"turns":3},{"damage":35,"enemies":"Book of Stabbing","floor":25,"turns":6},{"damage":0,"enemies":"Replay:Snechameleon","floor":27,"turns":6},{"damage":0,"enemies":"Slavers","floor":31,"turns":4},{"damage":0,"enemies":"Collector","floor":33,"turns":9},{"damage":0,"enemies":"Orb Walker","floor":35,"turns":3},{"damage":0,"enemies":"3 Shapes","floor":37,"turns":1},{"damage":0,"enemies":"Spire Growth","floor":39,"turns":6},{"damage":0,"enemies":"4 Shapes","floor":41,"turns":1},{"damage":0,"enemies":"Maw","floor":42,"turns":8},{"damage":0,"enemies":"Spire Growth","floor":44,"turns":5},{"damage":0,"enemies":"Jaw Worm Horde","floor":48,"turns":1},{"damage":0,"enemies":"Donu and Deca","floor":50,"turns":4}],"seed_played":"-1198837361973587559","potions_obtained":[{"floor":1,"key":"Fruit Juice"},{"floor":8,"key":"ColorlessPotion"},{"floor":14,"key":"Dexterity Potion"},{"floor":16,"key":"Adrenaline Potion"},{"floor":25,"key":"Regen Potion"},{"floor":31,"key":"Milkshake"},{"floor":41,"key":"SkillPotion"}],"is_trial":false,"path_per_floor":["M","?","$","?","$","E","?","M","T","R","?","E","?","M","R","B",null,"M","?","M","$","M","E","R","E","T","E","?","?","AVR","E","R","B",null,"M","?","M","$","M","R","M","M","T","M","?","?","AVR","M","R","B",null],"character_chosen":"DEFECT","items_purchased":["Hyperbeam","Membership Card","Gremlin Horn","HandOfGreed","Stack+1","Strange Spoon","Midas Touch"],"campfire_rested":1,"item_purchase_floors":[5,21,21,21,38,38,38],"current_hp_per_floor":[71,71,71,71,71,53,53,53,53,53,53,38,20,20,44,50,80,80,80,77,77,77,76,76,41,41,41,1,1,1,1,1,1,1,1,1,1,1,1,1,1,1,1,1,1,1,1,1,1,1],"gold":570,"neow_bonus":"","is_daily":false,"chose_seed":false,"campfire_upgraded":5,"win_rate":0.0,"timestamp":1613539414,"path_taken":["M","?","?","?","?","E","?","?","T","R","?","E","?","M","R","BOSS","M","?","M","$","M","E","R","E","T","E","?","?","AVR","E","R","BOSS","M","?","?","$","M","R","M","M","T","M","?","?","AVR","M","R","BOSS"],"items_purchased_type":["Card","Relic","Relic","Card","Card","Relic","Card"],"build_version":"2020-12-22","purchased_purges":1,"victory":true,"max_hp_per_floor":[80,80,80,80,80,80,80,80,80,80,80,80,80,80,80,80,80,80,80,80,80,80,80,80,80,80,80,1,1,1,1,1,1,1,1,1,1,1,1,1,1,1,1,1,1,1,1,1,1,1],"relic_stats":{"Strange Spoon":[18],"Gremlin Horn":[15,15],"counters":[44,207],"Mummified Hand":[2],"Bronze Scales":[157],"Prayer Wheel":6,"Ginger":[41],"obtain_stats":[{"champ:DuelingGlove":34,"Tiny House":34,"Gremlin Horn":21,"GremlinMask":2,"Hammer of Thor":0,"infinitespire:Cubic Diamond":7,"Ginger":24,"Pet Ghost":6,"Old Coin":25,"Mummified Hand":46,"Prayer Wheel":42,"Ring of the Snake":0,"hubris:GlazedTorus":11,"Gremlin Food":0,"ReplayTheSpireMod:Ninjato":12,"Pear":31,"Guide Book":20,"bronze:DecasWashers":9,"infinitespire:Joker Card":29,"hubris:MedicalManual":12,"Replay:Ancient Bell":34,"Seething Fire":0,"infinitespire:CheckeredPen":34,"Paper Crane":8,"hubris:Towel":29,"WarpedTongs":22,"Peace Pipe":26,"Strange Spoon":38,"Replay:Baseball":9,"CaptainsWheel":47,"ReplayTheSpireMod:Shallot":23,"Anvil of the Gods":0,"Ornamental Fan":14,"hubris:BottledHeart":28,"Bronze Scales":34,"Snecko Eye":17,"hubris:PeanutButter":43,"hubris:BundleOfHerbs":4,"Slimebound:PreparedRelic":26,"hubris:GrandSneckoEye":17,"ReplayTheSpireMod:TigerMarble":27,"Membership Card":21,"PureWater":7},{"champ:DuelingGlove":19,"Tiny House":36,"Gremlin Horn":30,"GremlinMask":22,"Hammer of Thor":0,"infinitespire:Cubic Diamond":23,"Ginger":13,"Pet Ghost":4,"Old Coin":33,"Mummified Hand":42,"Prayer Wheel":41,"Ring of the Snake":0,"hubris:GlazedTorus":7,"Gremlin Food":0,"ReplayTheSpireMod:Ninjato":7,"Pear":35,"Guide Book":11,"bronze:DecasWashers":24,"infinitespire:Joker Card":16,"hubris:MedicalManual":25,"Replay:Ancient Bell":19,"Seething Fire":0,"infinitespire:CheckeredPen":19,"Paper Crane":5,"hubris:Towel":34,"WarpedTongs":12,"Peace Pipe":14,"Strange Spoon":38,"Replay:Baseball":5,"CaptainsWheel":42,"ReplayTheSpireMod:Shallot":32,"Anvil of the Gods":0,"Ornamental Fan":8,"hubris:BottledHeart":34,"Bronze Scales":19,"Snecko Eye":9,"hubris:PeanutButter":41,"hubris:BundleOfHerbs":22,"Slimebound:PreparedRelic":33,"hubris:GrandSneckoEye":28,"ReplayTheSpireMod:TigerMarble":34,"Membership Card":30,"PureWater":23},{"champ:DuelingGlove":94,"Tiny House":178,"Gremlin Horn":148,"GremlinMask":112,"Hammer of Thor":0,"infinitespire:Cubic Diamond":115,"Ginger":63,"Pet Ghost":21,"Old Coin":159,"Mummified Hand":202,"Prayer Wheel":195,"Ring of the Snake":0,"hubris:GlazedTorus":31,"Gremlin Food":0,"ReplayTheSpireMod:Ninjato":31,"Pear":169,"Guide Book":53,"bronze:DecasWashers":118,"infinitespire:Joker Card":75,"hubris:MedicalManual":125,"Replay:Ancient Bell":94,"Seething Fire":0,"infinitespire:CheckeredPen":94,"Paper Crane":25,"hubris:Towel":165,"WarpedTongs":59,"Peace Pipe":67,"Strange Spoon":182,"Replay:Baseball":25,"CaptainsWheel":202,"ReplayTheSpireMod:Shallot":153,"Anvil of the Gods":0,"Ornamental Fan":36,"hubris:BottledHeart":165,"Bronze Scales":94,"Snecko Eye":44,"hubris:PeanutButter":197,"hubris:BundleOfHerbs":112,"Slimebound:PreparedRelic":159,"hubris:GrandSneckoEye":141,"ReplayTheSpireMod:TigerMarble":165,"Membership Card":148,"PureWater":115}]},"card_choices":[{"not_picked":["Gash","Go for the Eyes"],"picked":"Cold Snap","floor":1},{"not_picked":["ReplayTheSpireMod:Calculation Training","Cold Snap"],"picked":"Buffer","floor":6},{"not_picked":["Cold Snap","BasicCrystalCard"],"picked":"Reprogram","floor":8},{"not_picked":["Hello World","Redo"],"picked":"Sweeping Beam","floor":12},{"not_picked":["Streamline","Beam Cell"],"picked":"Ball Lightning","floor":13},{"not_picked":["Loop","Recycle"],"picked":"Buffer","floor":14},{"not_picked":["Meteor Strike","Electrodynamics"],"picked":"Seek","floor":16},{"not_picked":["Recycle","BasicCrystalCard"],"picked":"Barrage+1","floor":18},{"not_picked":["Tempest","Ball Lightning"],"picked":"Doom and Gloom+1","floor":20},{"not_picked":["Gash","Storm"],"picked":"Turbo+1","floor":22},{"not_picked":["Mirror Shield","ReplayGash"],"picked":"Hello World+1","floor":23},{"not_picked":["Chaos","Hello World"],"picked":"White Noise","floor":25},{"not_picked":["hubris:PowerSurge+1","Chaos"],"picked":"Conserve Battery","floor":27},{"not_picked":["White Noise","Gash"],"picked":"Genetic Algorithm","floor":31},{"not_picked":["ReplayRNGCard","hubris:Prefetch"],"picked":"ReplayTheSpireMod:Omega Cannon","floor":33},{"not_picked":["Barrage+1","Beam Cell"],"picked":"Hologram+1","floor":34},{"not_picked":["Rebound+1","Compile Driver","ReplayTheSpireMod:Repulse+1"],"picked":"SKIP","floor":35},{"not_picked":["ReplayTheSpireMod:Fabricate Wheel","Hologram+1"],"picked":"Go for the Eyes","floor":37},{"not_picked":["ReplayRNGCard","FIFO Queue+1"],"picked":"Turbo+1","floor":39},{"not_picked":["Sweeping Beam","ReplayTheSpireMod:Repulse+1","Ball Lightning"],"picked":"SKIP","floor":41},{"not_picked":["Coolheaded+1","FIFO Queue"],"picked":"Streamline+1","floor":42},{"not_picked":["Conserve Battery","Streamline"],"picked":"Double Energy+1","floor":42},{"not_picked":["Compile Driver+1","Genetic Algorithm"],"picked":"Streamline+1","floor":44},{"not_picked":["Hologram+1","Static Discharge","Tempest"],"picked":"SKIP","floor":44},{"not_picked":["BasicCrystalCard","Hello World+1"],"picked":"Scrape+1","floor":45},{"not_picked":["Thunder Strike","Static Discharge"],"picked":"Sunder","floor":48},{"not_picked":["Sweeping Beam+1","Hologram"],"picked":"Cold Snap+1","floor":48}],"player_experience":94633,"relics_obtained":[{"floor":4,"key":"hubris:BundleOfHerbs"},{"floor":6,"key":"ReplayTheSpireMod:Ninjato"},{"floor":9,"key":"bronze:DecasWashers"},{"floor":12,"key":"hubris:MedicalManual"},{"floor":23,"key":"ReplayTheSpireMod:Shallot"},{"floor":25,"key":"Old Coin"},{"floor":26,"key":"Slimebound:PreparedRelic"},{"floor":27,"key":"ReplayTheSpireMod:TigerMarble"},{"floor":31,"key":"Pear"},{"floor":43,"key":"hubris:PeanutButter"}],"event_choices":[{"damage_healed":0,"gold_gain":0,"player_choice":"Trade","damage_taken":0,"relics_obtained":["GremlinMask"],"max_hp_gain":0,"max_hp_loss":0,"event_name":"FaceTrader","floor":2,"gold_loss":0},{"damage_healed":0,"gold_gain":59,"player_choice":"Gained Gold","damage_taken":0,"max_hp_gain":0,"max_hp_loss":0,"event_name":"Golden Wing","floor":11,"gold_loss":0},{"damage_healed":0,"gold_gain":0,"player_choice":"Searched \u00272\u0027 times","damage_taken":0,"relics_obtained":["Ginger"],"max_hp_gain":0,"max_hp_loss":0,"event_name":"Dead Adventurer","floor":13,"gold_loss":0},{"damage_healed":0,"gold_gain":0,"cards_transformed":["Zap","Strike_B"],"player_choice":"Became Test Subject","damage_taken":0,"max_hp_gain":0,"max_hp_loss":0,"event_name":"Drug Dealer","floor":19,"gold_loss":0,"cards_obtained":["Lockon","hubris:DoWhile"]},{"damage_healed":0,"gold_gain":0,"player_choice":"Ignored","damage_taken":0,"max_hp_gain":0,"max_hp_loss":0,"event_name":"SecretPortal","floor":36,"gold_loss":0},{"damage_healed":0,"gold_gain":0,"player_choice":"Paid Gold","damage_taken":0,"relics_obtained":["Mummified Hand"],"max_hp_gain":0,"max_hp_loss":0,"event_name":"WeMeetAgain","floor":46,"gold_loss":70}],"is_beta":false,"boss_relics":[{"not_picked":["Inserter","expansioncontent:StudyCardRelic"],"picked":"hubris:GrandSneckoEye"},{"not_picked":["Runic Dome","infinitespire:Cupcake"],"picked":"Tiny House"}],"items_purged_floors":[21],"is_endless":false,"potions_floor_spawned":[1,8,14,16,22,25,31,35,41,42,48],"ascension_level":1}}