{"host":"64qzurqwi0x0qgxo","time":1613561576,"event":{"mods":["Act Like it!","BaseMod","Colored Map","Colored Powertips","Googly Eyes","Keyboard Shortcuts","Minty Spire (QoL Compilation)","MostiFishMod","Rare Cards Sparkle","Relic Stats","Replay The Spire","StSLib","The Poker Player","noobMod"],"gold_per_floor":[112,112,131,150,214,240,240,255,279,312,331,360,371,383,383,486,486,500,62,78,78,91,120,138,166,191,191,191,206,226,251,251,350,350,369,204,216,0,17,50,50,50,101,111,139,149,164,196,196,198,198,198,73,107,109],"floor_reached":56,"language":"ZHS","playtime":3235,"items_purged":["PokerPlayerMod:Mulligan","PokerPlayerMod:Spade1","PokerPlayerMod:Diamond1"],"score":1573,"play_id":"3045fbc3-e010-45a0-9ebd-2a66da0651de","local_time":"20210217193256","is_ascension_mode":false,"metric_token":918,"campfire_choices":[{"data":"PokerPlayerMod:TrumpStrike","floor":7,"key":"SMITH"},{"floor":15,"key":"RECALL"},{"data":"PokerPlayerMod:Promotion","floor":27,"key":"SMITH"},{"data":"PokerPlayerMod:GamblerForm","floor":32,"key":"SMITH"},{"data":"PokerPlayerMod:Promotion","floor":49,"key":"SMITH"},{"data":"PokerPlayerMod:Promotion","floor":52,"key":"SMITH"}],"circlet_count":0,"master_deck":["PokerPlayerMod:Diamond2","PokerPlayerMod:Diamond3","PokerPlayerMod:Diamond4","PokerPlayerMod:Diamond5","PokerPlayerMod:Spade2","PokerPlayerMod:Spade3","PokerPlayerMod:Spade4","PokerPlayerMod:Club1","PokerPlayerMod:Club2","PokerPlayerMod:Heart2","PokerPlayerMod:TrumpStrike+1","PokerPlayerMod:BadJoker","PokerPlayerMod:Club4","PokerPlayerMod:Spade5","PokerPlayerMod:Promotion+1","PokerPlayerMod:Club2","PokerPlayerMod:Promotion+1","PokerPlayerMod:Spade4","PokerPlayerMod:Club4","PokerPlayerMod:Overdeal","PokerPlayerMod:Spade5","PokerPlayerMod:Heart3","PokerPlayerMod:Club1","PokerPlayerMod:GamblerForm+1","PokerPlayerMod:Diamond3","PokerPlayerMod:Club7","PokerPlayerMod:Diamond7","PokerPlayerMod:GamblerForm","PokerPlayerMod:Club5","PokerPlayerMod:Diamond5","PokerPlayerMod:Club4","PokerPlayerMod:Club10+","PokerPlayerMod:Club10+","PokerPlayerMod:Promotion+1","PokerPlayerMod:FillThePot","PokerPlayerMod:Club4","PokerPlayerMod:Club3","PokerPlayerMod:FillThePot+1","PokerPlayerMod:Club10+","Pot Of Greed","Pot Of Greed","Pot Of Greed","Pot Of Greed","PokerPlayerMod:Diamond5","PokerPlayerMod:Diamond4","PokerPlayerMod:Club4","PokerPlayerMod:Club7","PokerPlayerMod:Diamond9","PokerPlayerMod:Club5"],"relics":["PokerPlayerMod:DeckCase","ice","DaveBox","NeowsBlessing","SynthV:TestCard","PokerPlayerMod:BrokenClock","Replay:Baseball","BloodWine","ReplayTheSpireMod:Lightbulb","Omamori","ChiXiaoBlade","ImprovedEquipment","Gremlin Food","Bottled Lightning","Anchor","Replay:Ringing Soul","Black Star","Red Mask","Blue Doll","Ornamental Fan","Grinning Jar","ReplayFunnel","Boot","Replay:Bandana","Quantum Egg","Pantograph","PokerPlayerMod:FairLicense"],"acts_visited":["Exordium","TheCity","TheBeyond","TheEnding"],"potions_floor_usage":[55,55],"damage_taken":[{"damage":0,"enemies":"Cultist","floor":1,"turns":1},{"damage":0,"enemies":"2 Louse","floor":3,"turns":1},{"damage":0,"enemies":"Small Slimes","floor":4,"turns":1},{"damage":13,"enemies":"3 Sentries","floor":6,"turns":4},{"damage":15,"enemies":"Looter","floor":8,"turns":3},{"damage":5,"enemies":"Gremlin Nob","floor":10,"turns":3},{"damage":0,"enemies":"3 Louse","floor":11,"turns":2},{"damage":0,"enemies":"3 Sentries","floor":12,"turns":2},{"damage":0,"enemies":"Blue Slaver","floor":13,"turns":2},{"damage":11,"enemies":"Exordium Wildlife","floor":14,"turns":3},{"damage":9,"enemies":"Fading Forest","floor":16,"turns":11},{"damage":3,"enemies":"Spheric Guardian","floor":18,"turns":3},{"damage":0,"enemies":"Chosen","floor":20,"turns":2},{"damage":0,"enemies":"Snake Plant","floor":22,"turns":2},{"damage":4,"enemies":"Slavers","floor":23,"turns":3},{"damage":0,"enemies":"Centurion and Healer","floor":24,"turns":3},{"damage":6,"enemies":"Book of Stabbing","floor":25,"turns":2},{"damage":0,"enemies":"Sentry and Sphere","floor":29,"turns":2},{"damage":3,"enemies":"Snake Plant","floor":30,"turns":2},{"damage":13,"enemies":"Slavers","floor":31,"turns":3},{"damage":0,"enemies":"Champ","floor":33,"turns":5},{"damage":0,"enemies":"Orb Walker","floor":35,"turns":2},{"damage":0,"enemies":"3 Shapes","floor":37,"turns":2},{"damage":0,"enemies":"Sphere and 2 Shapes","floor":39,"turns":2},{"damage":15,"enemies":"R_Hoarder","floor":40,"turns":4},{"damage":0,"enemies":"Jaw Worm Horde","floor":44,"turns":3},{"damage":0,"enemies":"Nemesis","floor":45,"turns":3},{"damage":0,"enemies":"Maw","floor":46,"turns":4},{"damage":0,"enemies":"3 Darklings","floor":47,"turns":2},{"damage":0,"enemies":"Giant Head","floor":48,"turns":4},{"damage":12,"enemies":"Donu and Deca","floor":50,"turns":4},{"damage":12,"enemies":"Shield and Spear","floor":54,"turns":3},{"damage":29,"enemies":"The Heart","floor":55,"turns":5}],"seed_played":"-805934104796163224","potions_obtained":[{"floor":6,"key":"Milkshake"},{"floor":16,"key":"Strength Potion"},{"floor":25,"key":"EssenceOfSteel"}],"is_trial":false,"path_per_floor":["M","?","M","M","?","E","R","M","T","E","M","E","M","M","R","B",null,"M","$","M","?","M","E","M","E","T","R","?","M","M","E","R","B",null,"M","$","M","?","M","E","?","?","T","M","E","M","M","E","R","B",null,"R","$","E","B",null],"character_chosen":"THE_POKER_PLAYER","items_purchased":["ImprovedEquipment","PokerPlayerMod:Club7","PokerPlayerMod:Club4"],"campfire_rested":0,"item_purchase_floors":[19,19,36],"current_hp_per_floor":[52,52,52,52,32,21,21,10,10,11,18,18,23,33,33,49,52,49,49,52,52,52,48,48,42,42,42,42,47,44,39,39,55,58,61,64,67,67,70,58,58,58,61,73,76,79,82,85,85,73,91,91,91,82,65],"gold":109,"neow_bonus":"THREE_ENEMY_KILL","is_daily":false,"chose_seed":false,"campfire_upgraded":5,"win_rate":0.0,"timestamp":1613561576,"path_taken":["M","?","M","?","?","E","R","M","T","E","M","E","M","M","R","BOSS","M","$","M","?","M","E","M","E","T","R","?","M","M","E","R","BOSS","M","$","M","?","M","E","?","?","T","M","E","M","M","E","R","BOSS","R","$","E","BOSS"],"items_purchased_type":["Relic","Card","Card"],"build_version":"2020-12-22","purchased_purges":3,"victory":true,"max_hp_per_floor":[52,52,52,52,52,52,52,52,52,52,52,52,52,52,52,52,52,52,52,52,52,52,52,52,52,52,52,52,52,52,55,55,58,58,61,64,67,67,70,73,73,73,76,79,82,85,88,91,91,91,91,91,91,94,94],"relic_stats":{"counters":[33,98],"Ornamental Fan":[0],"Pantograph":12,"Black Star":4,"Boot":[2],"obtain_stats":[{"ReplayFunnel":45,"DaveBox":0,"BloodWine":9,"Blue Doll":40,"ice":0,"Boot":45,"PokerPlayerMod:BrokenClock":5,"PokerPlayerMod:FairLicense":54,"Replay:Ringing Soul":31,"PokerPlayerMod:DeckCase":0,"Replay:Bandana":48,"Pantograph":54,"Red Mask":38,"Gremlin Food":23,"NeowsBlessing":0,"ImprovedEquipment":19,"Quantum Egg":48,"Omamori":12,"Replay:Baseball":6,"Anchor":26,"SynthV:TestCard":1,"Ornamental Fan":40,"ChiXiaoBlade":17,"Black Star":34,"Bottled Lightning":25,"Grinning Jar":43,"ReplayTheSpireMod:Lightbulb":10},{"ReplayFunnel":27,"DaveBox":0,"BloodWine":5,"Blue Doll":25,"ice":0,"Boot":27,"PokerPlayerMod:BrokenClock":3,"PokerPlayerMod:FairLicense":32,"Replay:Ringing Soul":20,"PokerPlayerMod:DeckCase":0,"Replay:Bandana":30,"Pantograph":32,"Red Mask":23,"Gremlin Food":15,"NeowsBlessing":0,"ImprovedEquipment":12,"Quantum Egg":30,"Omamori":8,"Replay:Baseball":4,"Anchor":17,"SynthV:TestCard":1,"Ornamental Fan":25,"ChiXiaoBlade":11,"Black Star":21,"Bottled Lightning":17,"Grinning Jar":25,"ReplayTheSpireMod:Lightbulb":6},{"ReplayFunnel":76,"DaveBox":0,"BloodWine":10,"Blue Doll":70,"ice":0,"Boot":76,"PokerPlayerMod:BrokenClock":3,"PokerPlayerMod:FairLicense":93,"Replay:Ringing Soul":55,"PokerPlayerMod:DeckCase":0,"Replay:Bandana":86,"Pantograph":93,"Red Mask":64,"Gremlin Food":43,"NeowsBlessing":0,"ImprovedEquipment":36,"Quantum Egg":86,"Omamori":17,"Replay:Baseball":7,"Anchor":48,"SynthV:TestCard":1,"Ornamental Fan":70,"ChiXiaoBlade":33,"Black Star":60,"Bottled Lightning":48,"Grinning Jar":70,"ReplayTheSpireMod:Lightbulb":13}]},"card_choices":[{"not_picked":["PokerPlayerMod:Fold","PokerPlayerMod:MagicTrick"],"picked":"PokerPlayerMod:Club4","floor":1},{"not_picked":["PokerPlayerMod:Extraction","PokerPlayerMod:FlyingCard","PokerPlayerMod:Manipulation","PokerPlayerMod:Spade2"],"picked":"PokerPlayerMod:Spade5","floor":3},{"not_picked":["PokerPlayerMod:Spade1","PokerPlayerMod:Trickery","PokerPlayerMod:Diamond2","PokerPlayerMod:Diamond3"],"picked":"PokerPlayerMod:Promotion","floor":4},{"not_picked":["PokerPlayerMod:Diamond3","PokerPlayerMod:RiskyBet","PokerPlayerMod:Heart6","PokerPlayerMod:Extraction"],"picked":"PokerPlayerMod:Club2","floor":5},{"not_picked":["PokerPlayerMod:Trickery","PokerPlayerMod:Diamond2","PokerPlayerMod:HotShotCut","PokerPlayerMod:Manipulation"],"picked":"PokerPlayerMod:Promotion","floor":6},{"not_picked":["PokerPlayerMod:DartThrow","PokerPlayerMod:Fold","PokerPlayerMod:DamnStraight","PokerPlayerMod:CardBurn"],"picked":"PokerPlayerMod:Spade4","floor":8},{"not_picked":["PokerPlayerMod:CloakAndDiamond","PokerPlayerMod:Manipulation","PokerPlayerMod:Heart2","PokerPlayerMod:Fold"],"picked":"PokerPlayerMod:Club4","floor":10},{"not_picked":["PokerPlayerMod:Diamond5","PokerPlayerMod:SpadeStrike","PokerPlayerMod:HiddenCard","PokerPlayerMod:Club1"],"picked":"PokerPlayerMod:Overdeal","floor":11},{"not_picked":["PokerPlayerMod:DiamondStrike","PokerPlayerMod:WildCard","PokerPlayerMod:MagicTrick","PokerPlayerMod:ClubStrike"],"picked":"PokerPlayerMod:Spade5","floor":12},{"not_picked":["PokerPlayerMod:DiamondStrike","PokerPlayerMod:ClubDance","PokerPlayerMod:Configure","PokerPlayerMod:Diamond2"],"picked":"PokerPlayerMod:Heart3","floor":13},{"not_picked":["PokerPlayerMod:MagicTrick","PokerPlayerMod:CardBurn","PokerPlayerMod:DamnStraight","PokerPlayerMod:SecondChance"],"picked":"PokerPlayerMod:Club1","floor":14},{"not_picked":["PokerPlayerMod:Duplicate","PokerPlayerMod:Spade9","PokerPlayerMod:RoyalStrike","PokerPlayerMod:Diamond9"],"picked":"PokerPlayerMod:GamblerForm","floor":16},{"not_picked":["PokerPlayerMod:MagicTrick","PokerPlayerMod:Spade2","PokerPlayerMod:JackOfSpades+1","PokerPlayerMod:Diamond1"],"picked":"PokerPlayerMod:Diamond3","floor":18},{"not_picked":["PokerPlayerMod:CloakAndDiamond+1","PokerPlayerMod:Spade4","PokerPlayerMod:SpadeStrike","PokerPlayerMod:DiamondStrike"],"picked":"PokerPlayerMod:Diamond7","floor":20},{"not_picked":["PokerPlayerMod:ClubShade","PokerPlayerMod:Diamond3","PokerPlayerMod:CardBurn+1","PokerPlayerMod:DamnStraight+1"],"picked":"PokerPlayerMod:Club5","floor":22},{"not_picked":["PokerPlayerMod:Spade5","PokerPlayerMod:Diamond4","PokerPlayerMod:Spade9","PokerPlayerMod:CloakAndDiamond+1"],"picked":"PokerPlayerMod:Diamond5","floor":23},{"not_picked":["PokerPlayerMod:Spade7","PokerPlayerMod:CloakAndDiamond","PokerPlayerMod:Heart1","PokerPlayerMod:Club3"],"picked":"PokerPlayerMod:Club4","floor":24},{"not_picked":["PokerPlayerMod:CardPrinter","PokerPlayerMod:Diamond5","PokerPlayerMod:Diamond6","PokerPlayerMod:Diamond4"],"picked":"PokerPlayerMod:Club10+","floor":25},{"not_picked":["PokerPlayerMod:MagicTrick+1","PokerPlayerMod:DiamondStrike","PokerPlayerMod:DamnStraight","PokerPlayerMod:DartThrow+1","PokerPlayerMod:SpadeStrike"],"picked":"SKIP","floor":29},{"not_picked":["PokerPlayerMod:CardBurn","PokerPlayerMod:Fold","PokerPlayerMod:Spade6","PokerPlayerMod:Configure"],"picked":"PokerPlayerMod:Diamond1","floor":30},{"not_picked":["PokerPlayerMod:CardBurn","PokerPlayerMod:Trickery","PokerPlayerMod:DiamondStrike","PokerPlayerMod:Diamond4"],"picked":"PokerPlayerMod:Club10+","floor":31},{"not_picked":["PokerPlayerMod:TheDieIsCast","PokerPlayerMod:Diamond10+","PokerPlayerMod:Club8","PokerPlayerMod:SecretDealer"],"picked":"PokerPlayerMod:Promotion","floor":33},{"not_picked":["PokerPlayerMod:Club3","PokerPlayerMod:Diamond2","PokerPlayerMod:ClubStrike","PokerPlayerMod:Spade8"],"picked":"PokerPlayerMod:FillThePot","floor":35},{"not_picked":["PokerPlayerMod:HeartStrike","PokerPlayerMod:Diamond3","PokerPlayerMod:DartThrow","PokerPlayerMod:Fold+1"],"picked":"PokerPlayerMod:Club3","floor":37},{"not_picked":["PokerPlayerMod:Diamond1","PokerPlayerMod:Spade7","PokerPlayerMod:ClubsClub","PokerPlayerMod:SpadeStrike+1"],"picked":"PokerPlayerMod:FillThePot+1","floor":39},{"not_picked":["PokerPlayerMod:ClubStrike+1","PokerPlayerMod:ClubDance","PokerPlayerMod:StackedDeck","PokerPlayerMod:Diamond1"],"picked":"PokerPlayerMod:Club10+","floor":40},{"not_picked":["PokerPlayerMod:DiamondStrike","PokerPlayerMod:CloakAndDiamond","PokerPlayerMod:Configure","PokerPlayerMod:Spade2"],"picked":"PokerPlayerMod:Diamond5","floor":44},{"not_picked":["PokerPlayerMod:MagicTrick+1","PokerPlayerMod:Diamond2","PokerPlayerMod:Extraction+1","PokerPlayerMod:Duplicate"],"picked":"PokerPlayerMod:Diamond4","floor":45},{"not_picked":["PokerPlayerMod:FillThePot","PokerPlayerMod:Spade6","PokerPlayerMod:Diamond10+","PokerPlayerMod:Configure+1"],"picked":"PokerPlayerMod:Club4","floor":46},{"not_picked":["PokerPlayerMod:Diamond1","PokerPlayerMod:RiskyBet","PokerPlayerMod:Trickery+1","PokerPlayerMod:Diamond7"],"picked":"PokerPlayerMod:Club7","floor":47},{"not_picked":["PokerPlayerMod:CardPrinter","PokerPlayerMod:CardBurn","PokerPlayerMod:Trickery","PokerPlayerMod:Spade2"],"picked":"PokerPlayerMod:Diamond9","floor":48},{"not_picked":["PokerPlayerMod:VarietyAttack","PokerPlayerMod:DiamondStrike+1","PokerPlayerMod:SpadeStrike","PokerPlayerMod:ClubShade"],"picked":"PokerPlayerMod:Club5","floor":54}],"player_experience":113293,"relics_obtained":[{"floor":1,"key":"SynthV:TestCard"},{"floor":5,"key":"PokerPlayerMod:BrokenClock"},{"floor":6,"key":"Replay:Baseball"},{"floor":10,"key":"ReplayTheSpireMod:Lightbulb"},{"floor":12,"key":"Omamori"},{"floor":23,"key":"Gremlin Food"},{"floor":25,"key":"Bottled Lightning"},{"floor":26,"key":"Anchor"},{"floor":31,"key":"Replay:Ringing Soul"},{"floor":40,"key":"Blue Doll"},{"floor":40,"key":"Ornamental Fan"},{"floor":43,"key":"Grinning Jar"},{"floor":45,"key":"ReplayFunnel"},{"floor":45,"key":"Boot"},{"floor":48,"key":"Replay:Bandana"},{"floor":48,"key":"Quantum Egg"},{"floor":54,"key":"Pantograph"},{"floor":54,"key":"PokerPlayerMod:FairLicense"}],"event_choices":[{"damage_healed":0,"gold_gain":0,"player_choice":"Bought 0 Potions","damage_taken":0,"max_hp_gain":0,"max_hp_loss":0,"event_name":"The Woman in Blue","floor":2,"gold_loss":0},{"damage_healed":0,"gold_gain":0,"player_choice":"Read","damage_taken":0,"max_hp_gain":0,"max_hp_loss":0,"event_name":"The Library","floor":21,"gold_loss":0,"cards_obtained":["PokerPlayerMod:GamblerForm"]},{"damage_healed":0,"gold_gain":0,"player_choice":"Ignored","damage_taken":0,"max_hp_gain":0,"max_hp_loss":0,"event_name":"The Mausoleum","floor":28,"gold_loss":0},{"damage_healed":0,"gold_gain":0,"player_choice":"Paid","damage_taken":0,"relics_obtained":["Red Mask"],"max_hp_gain":0,"max_hp_loss":0,"event_name":"Tomb of Lord Red Mask","floor":38,"gold_loss":216},{"damage_healed":0,"gold_gain":0,"player_choice":"Memory 1","damage_taken":0,"max_hp_gain":0,"max_hp_loss":0,"event_name":"SensoryStone","floor":41,"gold_loss":0},{"cards_removed":["PokerPlayerMod:Diamond1"],"damage_healed":0,"gold_gain":0,"player_choice":"Purged","damage_taken":0,"max_hp_gain":0,"max_hp_loss":0,"event_name":"Purifier","floor":42,"gold_loss":0}],"is_beta":false,"boss_relics":[{"not_picked":["TimeKeys","RhineFirstAidKit"],"picked":"ChiXiaoBlade"},{"not_picked":["Kintsugi","NightmareShop"],"picked":"Black Star"}],"items_purged_floors":[19,36,53],"is_endless":false,"potions_floor_spawned":[4,6,8,10,11,13,16,20,22,24,25,29,31,39,44,47,54],"ascension_level":0}}