{"host":"y6zg4wwu39otf01a","time":1613590801,"event":{"mods":["Act Like it!","Aspiration","BaseMod","Better Altar","Better Match","Better Note","Better Sensory Stone","Better Skull","Better Third Choice","Challenge The Spire","Colored Map","Colored Powertips","Conspire","GifTheSpireLib","Glutton Mod","Halation","Hermit","Highlight Path","Hubris","Infinite Spire","Mimic Mod","Minty Spire (QoL Compilation)","Quick Restart","Random Character Button","Rare Cards Sparkle","Reliquary","Replay The Spire","Retaliation","Ruina","Spicy Shops","StSLib","Stuff the Spire","The Blue Laboratory","The Construct","The Jungle"],"gold_per_floor":[118,118,118,168,32,32,13,53,128,197,197,44,90,90,90,120,120],"floor_reached":16,"language":"ENG","playtime":569,"items_purged":[],"score":155,"play_id":"d8ef2e9b-1902-4ae4-bd27-c69eca894372","local_time":"20210217134001","is_ascension_mode":true,"campfire_choices":[{"data":"hermit:Snipe","floor":6.0,"key":"SMITH"},{"floor":15,"key":"REST"}],"circlet_count":0,"master_deck":["hermit:Strike_Hermit","hermit:Strike_Hermit","hermit:Strike_Hermit","hermit:Strike_Hermit","hermit:Defend_Hermit","hermit:Defend_Hermit","hermit:Defend_Hermit","hermit:Defend_Hermit","hermit:Snapshot","hermit:Covet","hermit:Snipe+1","Injury","hubris:Sloth","hermit:Midnight","hermit:GhostlyPresence","ReplayTheSpireMod:Splinters","Clumsy","hermit:Dive"],"relics":["hermit:Momento","NeowsBlessing","Golden Idol","conspire:Dentures","Ring of Greed","Tiny Chest","Membership Card","ReplayTheSpireMod:Ring of Challenge","infinitespire:PuzzleCube","Quantum Egg","Orichalcum","Replay:Bottled Steam","halation:PinkSoulGem","aspiration:Nostalgia","Sizzling Blood","reliquary:FingerTrap","hermit:RyeStalk","Blue Doll"],"acts_visited":["Exordium"],"potions_floor_usage":[16],"damage_taken":[{"damage":1.0,"enemies":"Small Slimes","floor":1.0,"turns":2.0},{"damage":0.0,"enemies":"Gremlin Nob","floor":8.0,"turns":1.0},{"damage":0.0,"enemies":"Jaw Worm","floor":10.0,"turns":1.0},{"damage":60,"enemies":"Lagavulin","floor":13,"turns":9},{"damage":51,"enemies":"Hexaghost","floor":16,"turns":7}],"seed_played":"-8545477285342747625","potions_obtained":[{"floor":13,"key":"Energy Potion"}],"is_trial":false,"path_per_floor":["M","?","T","?","$","R","$","E","T","M","?","$","E","T","R","B"],"character_chosen":"HERMIT","items_purchased":["infinitespire:PuzzleCube","Quantum Egg","hermit:Midnight","aspiration:Nostalgia","reliquary:FingerTrap"],"campfire_rested":1,"item_purchase_floors":[5,5,7,12,12],"current_hp_per_floor":[74,74,74,74,74,74,74,74,74,74,74,78,22,22,45,0,0],"gold":120,"neow_bonus":"THREE_ENEMY_KILL","is_daily":false,"chose_seed":false,"campfire_upgraded":1,"win_rate":0.0,"timestamp":1613590801,"path_taken":["M","?","?","?","$","R","$","E","T","M","?","?","E","?","R","BOSS"],"items_purchased_type":["Relic","Relic","Card","Relic","Relic"],"build_version":"2020-12-22","purchased_purges":0,"victory":false,"max_hp_per_floor":[75,75,75,75,75,75,75,75,75,75,75,79,79,79,79,79,79],"card_choices":[{"not_picked":["hermit:Ricochet","hermit:HighCaliber"],"picked":"hermit:Snipe","floor":1.0},{"not_picked":["hermit:Scavenge","hermit:HighNoon"],"picked":"hermit:GhostlyPresence","floor":8.0},{"not_picked":["hermit:Roulette","hermit:Feint","hermit:Gestalt"],"picked":"SKIP","floor":10.0},{"not_picked":["hermit:HoleUp","hermit:NoHoldsBarred"],"picked":"hermit:Dive","floor":13}],"player_experience":874021,"relics_obtained":[{"floor":3.0,"key":"conspire:Dentures"},{"floor":4.0,"key":"Ring of Greed"},{"floor":4.0,"key":"Tiny Chest"},{"floor":4.0,"key":"Membership Card"},{"floor":4.0,"key":"ReplayTheSpireMod:Ring of Challenge"},{"floor":8.0,"key":"Orichalcum"},{"floor":9.0,"key":"Replay:Bottled Steam"},{"floor":13,"key":"hermit:RyeStalk"},{"floor":14,"key":"Blue Doll"}],"event_choices":[{"damage_healed":0.0,"max_hp_gain":0.0,"max_hp_loss":0.0,"gold_gain":0.0,"event_name":"Golden Idol","player_choice":"Take Wound","floor":2.0,"gold_loss":0.0,"damage_taken":0.0,"relics_obtained":["Golden Idol"],"cards_obtained":["Injury"]}],"is_beta":false,"boss_relics":[],"items_purged_floors":[],"is_endless":false,"potions_floor_spawned":[13],"killed_by":"Hexaghost","ascension_level":4}}