{"host":"956g3854xvs16zht","time":1613600148,"event":{"mods":["2.2 Compatiblity","AlwaysNeverKeys","Aspiration","BaseMod","BetterRewards","Colored Map","Colored Powertips","DeckTracker","Displayed Cursed Tome","Energized Spire","Evolution","Friendly Minions","Infinite Spire","Minty Spire (QoL Compilation)","Permanent Neow","Relic Filter","Relic Sorter","Shop Mod","Spicy Shops","StSLib","TheHero"],"gold_per_floor":[112,122,122,141,141,141,172,15,40,72,85,47,47,62,62,62,62],"floor_reached":16,"language":"ENG","playtime":944,"items_purged":[],"score":110,"play_id":"1b2adad9-4f40-4f3f-95d4-b9b8291e35dd","local_time":"20210217171548","is_ascension_mode":false,"campfire_choices":[{"data":"Zap","floor":6,"key":"SMITH"},{"floor":15,"key":"REST"}],"circlet_count":0,"master_deck":["Compile Driver","Compile Driver","Strike_B","Strike_B","Defend_B","Defend_B+1","Defend_B","Defend_B","Zap+1","Dualcast","Go for the Eyes","Gash","Go for the Eyes+1","Ball Lightning","Redo","Leap","Self Repair","Conserve Battery"],"relics":["Cracked Core","MerchantsRug","Medical Kit","Lantern","PreservedInsect"],"acts_visited":["Exordium"],"potions_floor_usage":[],"damage_taken":[{"damage":5,"enemies":"Small Slimes","floor":1,"turns":3},{"damage":6,"enemies":"Jaw Worm","floor":2,"turns":3},{"damage":1,"enemies":"Cultist","floor":4,"turns":3},{"damage":21,"enemies":"Gremlin Nob","floor":7,"turns":4},{"damage":17,"enemies":"3 Sentries","floor":10,"turns":5},{"damage":7,"enemies":"Exordium Thugs","floor":11,"turns":4},{"damage":0,"enemies":"Blue Slaver","floor":14,"turns":3},{"damage":43,"enemies":"Slime Boss","floor":16,"turns":9}],"seed_played":"-4648677899016105437","potions_obtained":[{"floor":4,"key":"Dexterity Potion"},{"floor":7,"key":"FearPotion"},{"floor":10,"key":"Weak Potion"},{"floor":11,"key":"FocusPotion"}],"is_trial":false,"path_per_floor":["M","M","?","M","$","R","E","$","T","E","M","$","?","M","R","B"],"character_chosen":"DEFECT","items_purchased":["MerchantsRug","Medical Kit","Redo","Self Repair"],"campfire_rested":1,"item_purchase_floors":[8,8,8,12],"current_hp_per_floor":[77,71,71,70,70,70,49,49,49,32,25,25,9,16,40,0,0],"gold":62,"neow_bonus":"TEN_PERCENT_HP_BONUS","is_daily":false,"chose_seed":false,"campfire_upgraded":1,"win_rate":0.0,"timestamp":1613600148,"path_taken":["M","M","?","M","$","R","E","$","T","E","M","$","?","M","R","BOSS"],"items_purchased_type":["Relic","Relic","Card","Card"],"build_version":"2020-12-22","purchased_purges":0,"victory":false,"max_hp_per_floor":[82,82,82,82,82,82,82,82,82,82,82,82,82,82,82,82,82],"card_choices":[{"not_picked":["Double Energy","Hello World"],"picked":"Go for the Eyes","floor":1},{"not_picked":["Blizzard","Doom and Gloom"],"picked":"Gash","floor":2},{"not_picked":["Coolheaded","Darkness"],"picked":"Go for the Eyes","floor":4},{"not_picked":["BootSequence","Coolheaded"],"picked":"Ball Lightning","floor":7},{"not_picked":["Beam Cell","Go for the Eyes"],"picked":"Leap","floor":10},{"not_picked":["All For One","Hologram","Doom and Gloom"],"picked":"SKIP","floor":11},{"not_picked":["Cold Snap","Beam Cell"],"picked":"Conserve Battery","floor":14}],"player_experience":25708,"relics_obtained":[{"floor":3,"key":"Boot"},{"floor":7,"key":"Pocketwatch"},{"floor":9,"key":"Lantern"},{"floor":10,"key":"PreservedInsect"}],"event_choices":[{"damage_healed":0,"gold_gain":0,"player_choice":"Entered Light","damage_taken":16,"max_hp_gain":0,"max_hp_loss":0,"event_name":"Shining Light","floor":13,"gold_loss":0,"cards_upgraded":["Defend_B","Go for the Eyes"]}],"is_beta":false,"boss_relics":[],"items_purged_floors":[],"is_endless":false,"potions_floor_spawned":[4,7,10,11],"killed_by":"Slime Boss","ascension_level":0}}