{"host":"e8rlfedn69rz2s07","time":1613603077,"event":{"mods":["AchievementEnabler","BaseMod","Minty Spire (QoL Compilation)","Permanent Neow","Relic Stats"],"gold_per_floor":[365,385,403,403,1,1,76,109,109,109,128,155,167,167,167,267,267,286,286,186,198,243,257,283,18,94,123,223,241,241,255,255,356,356,370,387,31,44,0,0,31,50,131,131,131],"floor_reached":44,"language":"ENG","playtime":1624,"items_purged":["Blizzard","Strike_B","Strike_B"],"score":615,"play_id":"5e9b47be-a371-4fff-bf4e-5e4ceafec94e","local_time":"20210218010437","is_ascension_mode":true,"campfire_choices":[{"floor":6.0,"key":"REST"},{"floor":10.0,"key":"REST"},{"data":"Capacitor","floor":15.0,"key":"SMITH"},{"floor":30,"key":"REST"},{"floor":32,"key":"REST"},{"floor":40,"key":"RECALL"}],"circlet_count":0,"master_deck":["Strike_B","Defend_B","Defend_B","Defend_B","Defend_B","Zap","Dualcast","Gash","Rip and Tear","Cold Snap","Capacitor+1","Rebound","Self Repair","Genetic Algorithm","Rip and Tear","Coolheaded","Electrodynamics","Streamline+1","Capacitor+1","Gash+1","Consume","Panache","Seek","Darkness","Leap","Multi-Cast","Blizzard+1","Capacitor+1","Defragment+1","Conserve Battery","Redo+1","Gash","Self Repair+1"],"relics":["FrozenCore","Sling","Cables","Tiny Chest","Akabeko","Gremlin Horn","Fusion Hammer","Bag of Preparation","Pen Nib","Membership Card","Frozen Egg 2","Question Card","ClockworkSouvenir","Red Mask","Centennial Puzzle","Bottled Tornado"],"acts_visited":["Exordium","TheCity","TheBeyond"],"potions_floor_usage":[27,36,36,41,42],"damage_taken":[{"damage":8.0,"enemies":"2 Louse","floor":1.0,"turns":2.0},{"damage":1.0,"enemies":"Cultist","floor":2.0,"turns":4.0},{"damage":7.0,"enemies":"Jaw Worm","floor":3.0,"turns":2.0},{"damage":23.0,"enemies":"Lagavulin","floor":8.0,"turns":6.0},{"damage":0.0,"enemies":"3 Louse","floor":11.0,"turns":2.0},{"damage":11.0,"enemies":"Gremlin Nob","floor":12.0,"turns":3.0},{"damage":11.0,"enemies":"Lots of Slimes","floor":13.0,"turns":4.0},{"damage":18.0,"enemies":"The Guardian","floor":16.0,"turns":11.0},{"damage":11.0,"enemies":"2 Thieves","floor":18.0,"turns":3.0},{"damage":15.0,"enemies":"Shell Parasite","floor":21.0,"turns":4.0},{"damage":5.0,"enemies":"Cultist and Chosen","floor":23.0,"turns":6.0},{"damage":0.0,"enemies":"Gremlin Leader","floor":24.0,"turns":4.0},{"damage":48,"enemies":"Book of Stabbing","floor":27,"turns":4},{"damage":13,"enemies":"Centurion and Healer","floor":29,"turns":5},{"damage":28,"enemies":"Shelled Parasite and Fungi","floor":31,"turns":4},{"damage":28,"enemies":"Collector","floor":33,"turns":8},{"damage":2,"enemies":"3 Shapes","floor":35,"turns":4},{"damage":34,"enemies":"3 Darklings","floor":36,"turns":4},{"damage":0,"enemies":"4 Shapes","floor":38,"turns":3},{"damage":35,"enemies":"Reptomancer","floor":41,"turns":5},{"damage":16,"enemies":"Maw","floor":42,"turns":10},{"damage":28,"enemies":"Nemesis","floor":44,"turns":2}],"seed_played":"-7747924412872857460","potions_obtained":[{"floor":2.0,"key":"Strength Potion"},{"floor":8.0,"key":"AttackPotion"},{"floor":12.0,"key":"ColorlessPotion"},{"floor":16.0,"key":"SneckoOil"},{"floor":18.0,"key":"Swift Potion"},{"floor":24.0,"key":"Explosive Potion"},{"floor":29,"key":"GamblersBrew"},{"floor":33,"key":"Regen Potion"},{"floor":36,"key":"Fire Potion"},{"floor":41,"key":"PotionOfCapacity"}],"is_trial":false,"path_per_floor":["M","M","M","?","$","R","?","E","T","R","M","E","M","T","R","B",null,"M","?","$","M","T","M","E","$","T","E","?","M","R","M","R","B",null,"M","M","$","M","?","R","E","M","T","E"],"character_chosen":"DEFECT","items_purchased":["Capacitor","Sling","Rebound","Swift Potion","Membership Card","Panache","SteroidPotion","Defragment+1","Question Card","Swift Potion","ClockworkSouvenir","Conserve Battery"],"campfire_rested":4,"item_purchase_floors":[5,5,5,5,25,25,25,37,37,37,37,37],"current_hp_per_floor":[46,45,38,38,38,60,53,30,30,52,52,48,44,44,44,33,75,71,71,71,63,63,65,65,65,65,24,24,18,40,19,41,20,75,75,55,55,62,62,62,27,18,18,0,0],"gold":131,"neow_bonus":"TWO_FIFTY_GOLD","is_daily":false,"chose_seed":false,"campfire_upgraded":1,"win_rate":0.0,"timestamp":1613603077,"path_taken":["M","M","M","?","$","R","?","E","T","R","M","E","?","?","R","BOSS","M","?","$","M","?","M","E","$","T","E","?","M","R","?","R","BOSS","M","M","$","M","?","R","E","M","T","E"],"items_purchased_type":["Card","Relic","Card","Potion","Relic","Card","Potion","Card","Relic","Potion","Relic","Card"],"build_version":"2020-12-22","purchased_purges":3,"victory":false,"max_hp_per_floor":[75,75,75,75,75,75,75,75,75,75,75,75,75,75,75,75,75,75,75,75,75,75,75,75,75,75,75,75,75,75,75,75,75,75,75,75,75,75,75,75,75,75,75,75,75],"relic_stats":{"Centennial Puzzle":[3],"Gremlin Horn":[16,16],"counters":[22,100],"Tiny Chest":1,"Pen Nib":[6],"Bag of Preparation":[24],"Question Card":3,"obtain_stats":[{"Gremlin Horn":14,"Pen Nib":24,"Bag of Preparation":22,"Frozen Egg 2":27,"Bottled Tornado":43,"Sling":5,"Question Card":37,"Akabeko":12,"Cables":8,"FrozenCore":34,"ClockworkSouvenir":37,"Centennial Puzzle":41,"Tiny Chest":9,"Fusion Hammer":17,"Red Mask":39,"Membership Card":25,"Cracked Core":0},{"Gremlin Horn":7,"Pen Nib":12,"Bag of Preparation":10,"Frozen Egg 2":13,"Bottled Tornado":21,"Sling":3,"Question Card":18,"Akabeko":6,"Cables":4,"FrozenCore":16,"ClockworkSouvenir":18,"Centennial Puzzle":20,"Tiny Chest":4,"Fusion Hammer":8,"Red Mask":19,"Membership Card":12,"Cracked Core":0},{"Gremlin Horn":23,"Pen Nib":51,"Bag of Preparation":41,"Frozen Egg 2":55,"Bottled Tornado":98,"Sling":8,"Question Card":80,"Akabeko":19,"Cables":14,"FrozenCore":72,"ClockworkSouvenir":80,"Centennial Puzzle":88,"Tiny Chest":14,"Fusion Hammer":34,"Red Mask":83,"Membership Card":51,"Cracked Core":0}],"FrozenCore":[13],"Cables":[69,43,21,5,0]},"card_choices":[{"not_picked":["Turbo","Compile Driver"],"picked":"Gash","floor":1.0},{"not_picked":["Heatsinks","Cold Snap"],"picked":"Rip and Tear","floor":2.0},{"not_picked":["Hologram","Storm"],"picked":"Cold Snap","floor":3.0},{"not_picked":["Cold Snap","Steam"],"picked":"Self Repair","floor":8.0},{"not_picked":["Rebound","Double Energy"],"picked":"Genetic Algorithm","floor":11.0},{"not_picked":["Force Field","Stack"],"picked":"Rip and Tear","floor":12.0},{"not_picked":["Leap","Meteor Strike"],"picked":"Coolheaded","floor":13.0},{"not_picked":["Rainbow","Amplify"],"picked":"Electrodynamics","floor":16.0},{"not_picked":["Static Discharge","Steam"],"picked":"Streamline+1","floor":18.0},{"not_picked":["BootSequence","Compile Driver+1"],"picked":"Gash+1","floor":21.0},{"not_picked":["Redo","Sunder"],"picked":"Consume","floor":23.0},{"not_picked":["Recycle","Turbo+1","Double Energy"],"picked":"SKIP","floor":24.0},{"not_picked":["White Noise","Sweeping Beam"],"picked":"Seek","floor":27},{"not_picked":["Darkness","Sweeping Beam","Ball Lightning+1"],"picked":"SKIP","floor":29},{"not_picked":["Sweeping Beam","Ball Lightning+1"],"picked":"Darkness","floor":29},{"not_picked":["Scrape","Streamline"],"picked":"Leap","floor":31},{"not_picked":["Core Surge","Hyperbeam"],"picked":"Multi-Cast","floor":33},{"not_picked":["Ball Lightning+1","Reinforced Body"],"picked":"Blizzard+1","floor":35},{"not_picked":["Redo","Sweeping Beam+1"],"picked":"Capacitor+1","floor":36},{"not_picked":["Cold Snap+1","Rebound+1","Heatsinks+1"],"picked":"Redo+1","floor":38},{"not_picked":["Cold Snap+1","Storm+1","Skim+1"],"picked":"Gash","floor":41},{"not_picked":["Rebound","Skim","Streamline+1"],"picked":"Self Repair+1","floor":42}],"player_experience":1086057,"relics_obtained":[{"floor":8.0,"key":"Cables"},{"floor":9.0,"key":"Tiny Chest"},{"floor":12.0,"key":"Akabeko"},{"floor":14.0,"key":"Gremlin Horn"},{"floor":22.0,"key":"Bag of Preparation"},{"floor":24.0,"key":"Pen Nib"},{"floor":27,"key":"Frozen Egg 2"},{"floor":41,"key":"Centennial Puzzle"},{"floor":43,"key":"Bottled Tornado"}],"event_choices":[{"damage_healed":0.0,"max_hp_gain":0.0,"max_hp_loss":0.0,"gold_gain":0.0,"cards_transformed":["Strike_B"],"event_name":"Living Wall","player_choice":"Change","floor":4.0,"gold_loss":0.0,"damage_taken":0.0,"cards_obtained":["Blizzard"]},{"damage_healed":0.0,"max_hp_gain":0.0,"max_hp_loss":0.0,"gold_gain":75.0,"event_name":"FaceTrader","player_choice":"Touch","floor":7.0,"gold_loss":0.0,"damage_taken":7.0},{"damage_healed":0.0,"max_hp_gain":0.0,"max_hp_loss":0.0,"gold_gain":0.0,"event_name":"Duplicator","player_choice":"Copied","floor":19.0,"gold_loss":0.0,"damage_taken":0.0,"cards_obtained":["Capacitor"]},{"damage_healed":0,"gold_gain":100,"player_choice":"Pray","damage_taken":0,"max_hp_gain":0,"max_hp_loss":0,"event_name":"Golden Shrine","floor":28,"gold_loss":0},{"damage_healed":0,"gold_gain":0,"player_choice":"Paid","damage_taken":0,"relics_obtained":["Red Mask"],"max_hp_gain":0,"max_hp_loss":0,"event_name":"Tomb of Lord Red Mask","floor":39,"gold_loss":44}],"is_beta":false,"boss_relics":[{"not_picked":["Nuclear Battery","Inserter"],"picked":"Fusion Hammer"},{"not_picked":["SacredBark","Runic Dome"],"picked":"FrozenCore"}],"items_purged_floors":[5,20,37],"is_endless":false,"potions_floor_spawned":[2,8,12,16,18,24,29,33,36,41],"killed_by":"Nemesis","ascension_level":3}}