{"host":"p5nht1vx148lgsp8","time":1613560683,"event":{"mods":["AchievementEnabler","BaseMod","Better Altar","Better Match","Better Note","Better Sensory Stone","Better Skull","Better Third Choice","Colored Map","Colored Powertips","Curses Come First","Downfall","Googly Eyes","Hermit","Infinite Spire","Marisa????????","Minty Spire (QoL Compilation)","Permanent Neow","Quick Restart","Rare Cards Sparkle","Replay The Spire","StSLib","The Animator","The Bug Knight","The Cursed","The Servant 0.9.4","Waifu the Spire"],"gold_per_floor":[112,112,130,148,73,101,113,113,139,67,67,67,99,113,113,209,209,225,225,245,262,82,117,128,128,151,170,190,190,190,190,190,288,288,305,305,305,305],"floor_reached":37,"language":"ENG","playtime":3071,"items_purged":["hermit:Strike_Hermit","hermit:Strike_Hermit"],"score":549,"play_id":"7fe0703e-e1c1-4e32-80a5-342744050817","local_time":"20210217111803","is_ascension_mode":false,"campfire_choices":[{"data":"hermit:Snapshot","floor":8,"key":"SMITH"},{"data":"hermit:GoldenBullet","floor":12,"key":"SMITH"},{"floor":15,"key":"REST"},{"floor":25,"key":"REST"},{"data":"hermit:EternalForm","floor":30,"key":"SMITH"},{"data":"hermit:CursedWeapon","floor":32,"key":"SMITH"}],"circlet_count":0,"master_deck":["hermit:Defend_Hermit","hermit:Defend_Hermit+1","hermit:Defend_Hermit","hermit:Snapshot+1","hermit:Covet","hermit:LuckOfTheDraw","hermit:ShadowCloak","hermit:Headshot","hermit:GoldenBullet+1","Parasite","hermit:FinalCanter","Voices","downfall:Aged","Hallucinations","hermit:Deadeye","hermit:Spite","hermit:EyeOfTheStorm+1","hermit:CursedWeapon+1","hermit:GoldenBullet","hermit:Spite+1","hermit:EternalForm+1","hermit:RoundhouseKick","hermit:OverwhelmingPower+1","hermit:EyeOfTheStorm+1","hermit:LowProfile+1","downfall:Haunted","downfall:Bewildered","infinitespire:Punishment"],"relics":["hermit:Momento","infinitespire:PuzzleCube","ReplayFunnel","infinitespire:Beetle Shell","Replay:Ancient Bell","ReplayTheSpireMod:TigerMarble","Darkstone Periapt","Kunai","BranchBurnRelic","Blue Doll","Astrolabe"],"acts_visited":["Exordium","TheCity","TheBeyond"],"potions_floor_usage":[13,16,24,27,31,33,33,37,37],"damage_taken":[{"damage":1,"enemies":"Jaw Worm","floor":1,"turns":4},{"damage":7,"enemies":"2 Louse","floor":3,"turns":3},{"damage":0,"enemies":"Small Slimes","floor":4,"turns":4},{"damage":5,"enemies":"Replay:BlueRogue","floor":6,"turns":8},{"damage":8,"enemies":"3 Louse","floor":7,"turns":4},{"damage":22,"enemies":"Lagavulin","floor":13,"turns":10},{"damage":16,"enemies":"Lots of Slimes","floor":14,"turns":4},{"damage":44,"enemies":"Hexaghost","floor":16,"turns":15},{"damage":11,"enemies":"3 Byrds","floor":18,"turns":9},{"damage":2,"enemies":"Chosen","floor":20,"turns":4},{"damage":9,"enemies":"Snake Plant","floor":21,"turns":3},{"damage":42,"enemies":"Gremlin Leader","floor":23,"turns":5},{"damage":2,"enemies":"Shelled Parasite and Fungi","floor":24,"turns":1},{"damage":2,"enemies":"3 Cultists","floor":27,"turns":5},{"damage":20,"enemies":"Cultist and Chosen","floor":28,"turns":5},{"damage":21,"enemies":"Automaton","floor":33,"turns":9},{"damage":12,"enemies":"Orb Walker","floor":35,"turns":2},{"damage":23,"enemies":"infinitespire:Three Voidlings","floor":37,"turns":3},{"damage":76,"enemies":"Nightmare_Alpha","floor":37,"turns":6}],"seed_played":"-4488179622737509885","potions_obtained":[{"floor":4,"key":"hermit:Tonic"},{"floor":13,"key":"LiquidMemories"},{"floor":18,"key":"Strength Potion"},{"floor":20,"key":"hermit:BlackBile"},{"floor":27,"key":"champ:CounterPotion"},{"floor":31,"key":"Fruit Juice"},{"floor":31,"key":"Doom Potion"},{"floor":31,"key":"Adrenaline Potion"},{"floor":33,"key":"SteroidPotion"},{"floor":35,"key":"Explosive Potion"}],"is_trial":false,"path_per_floor":["M","?","M","M","$","E","M","R","T","$","?","R","E","M","R","B",null,"M","?","M","M","$","E","M","R","T","M","M","?","R","?","R","B",null,"M","?","?"],"character_chosen":"HERMIT","items_purchased":["hermit:GoldenBullet","hermit:GoldenBullet"],"campfire_rested":2,"item_purchase_floors":[10,22],"current_hp_per_floor":[74,74,67,67,67,62,54,54,54,54,72,72,50,34,56,12,93,82,82,80,71,71,29,27,54,54,66,46,46,46,51,51,45,98,86,98,0,0],"gold":305,"neow_bonus":"THREE_CARDS","is_daily":false,"chose_seed":false,"campfire_upgraded":4,"win_rate":0.0,"timestamp":1613560683,"path_taken":["M","?","M","M","$","E","M","R","T","$","?","R","E","M","R","BOSS","M","?","?","M","$","E","M","R","T","M","M","?","R","?","R","BOSS","M","?","?"],"items_purchased_type":["Card","Card"],"build_version":"2020-12-22","purchased_purges":2,"victory":false,"max_hp_per_floor":[75,75,75,75,75,75,75,75,75,75,75,75,75,75,75,75,93,93,93,93,93,93,93,93,93,93,93,93,93,93,98,98,98,98,98,110,110,110],"card_choices":[{"not_picked":["hermit:Ricochet","hermit:Roulette"],"picked":"hermit:LuckOfTheDraw","floor":0},{"not_picked":["hermit:Horror","hermit:Brawl"],"picked":"hermit:TrackingShot","floor":1},{"not_picked":["hermit:DeadMansHand","hermit:Desperado","hermit:LoneWolf"],"picked":"SKIP","floor":3},{"not_picked":["hermit:BodyArmor","hermit:HoleUp"],"picked":"hermit:ShadowCloak","floor":4},{"not_picked":["hermit:DeadMansHand","hermit:BodyArmor","hermit:FullyLoaded"],"picked":"SKIP","floor":6},{"not_picked":["hermit:Brawl","hermit:Dive"],"picked":"hermit:Headshot","floor":7},{"not_picked":["hermit:BodyArmor","hermit:FullyLoaded","hermit:Desperado"],"picked":"SKIP","floor":13},{"not_picked":["hermit:WideOpen","hermit:Headshot","hermit:Dive"],"picked":"SKIP","floor":14},{"not_picked":["hermit:Gambit","hermit:Reprieve"],"picked":"hermit:FinalCanter","floor":16},{"not_picked":["downfall:Aged","Replay:Sluggish"],"picked":"Voices","floor":17},{"not_picked":["CurseOfTheBell","Delirium"],"picked":"downfall:Aged","floor":17},{"not_picked":["animator:Curse_Nutcracker","hermit:ImpendingDoom"],"picked":"Hallucinations","floor":17},{"not_picked":["hermit:HoleUp+1","hermit:Cheat"],"picked":"hermit:Deadeye","floor":18},{"not_picked":["hermit:Vantage","hermit:Purgatory"],"picked":"hermit:EyeOfTheStorm+1","floor":20},{"not_picked":["hermit:SprayPray","hermit:Ricochet+1"],"picked":"hermit:CursedWeapon","floor":21},{"not_picked":["hermit:Ricochet+1","hermit:Maintenance","hermit:Coalescence"],"picked":"SKIP","floor":23},{"not_picked":["hermit:Horror","hermit:LowProfile"],"picked":"hermit:Spite+1","floor":24},{"not_picked":["hermit:TakeCover","hermit:Feint"],"picked":"hermit:EternalForm","floor":27},{"not_picked":["hermit:SprayPray","hermit:Coalescence","hermit:LoneWolf"],"picked":"SKIP","floor":28},{"not_picked":["hermit:BlackWind","hermit:Dissolve"],"picked":"hermit:RoundhouseKick","floor":33},{"not_picked":["hermit:DeadMansHand","hermit:FlashPowder","hermit:Vantage"],"picked":"SKIP","floor":35},{"not_picked":["ReplayTheSpireMod:??????????????????????","infinitespire:SevenWalls"],"picked":"infinitespire:Punishment","floor":36}],"player_experience":199796,"relics_obtained":[{"floor":6,"key":"infinitespire:PuzzleCube"},{"floor":9,"key":"ReplayFunnel"},{"floor":13,"key":"infinitespire:Beetle Shell"},{"floor":23,"key":"Kunai"},{"floor":26,"key":"Blue Doll"}],"event_choices":[{"damage_healed":18,"gold_gain":0,"player_choice":"Healed and dodged fight","damage_taken":0,"max_hp_gain":0,"max_hp_loss":0,"event_name":"Mushrooms","floor":11,"gold_loss":0,"cards_obtained":["Parasite"]},{"damage_healed":0,"gold_gain":0,"cards_transformed":["hermit:Strike_Hermit"],"player_choice":"Transformed","damage_taken":0,"max_hp_gain":0,"max_hp_loss":0,"event_name":"Transmorgrifier","floor":19,"gold_loss":0,"cards_obtained":["hermit:Spite"]},{"damage_healed":0,"gold_gain":0,"player_choice":"Ignored","damage_taken":0,"max_hp_gain":0,"max_hp_loss":0,"event_name":"Fountain of Cleansing","floor":29,"gold_loss":0},{"damage_healed":0,"gold_gain":0,"player_choice":"Got Potions","damage_taken":0,"max_hp_gain":0,"max_hp_loss":0,"event_name":"Lab","floor":31,"gold_loss":0}],"is_beta":false,"boss_relics":[{"not_picked":["Pandora\u0027s Box","Runic Pyramid"],"picked":"Replay:Ancient Bell"},{"not_picked":["Toy Ornithopter","Omamori"],"picked":"ReplayTheSpireMod:TigerMarble"},{"not_picked":["Iron Hammer","infinitespire:WardingShard"],"picked":"Darkstone Periapt"},{"not_picked":["StoneCalendar","Unceasing Top"],"picked":"Dead Branch"},{"not_picked":["Fusion Hammer","ChewingGum"],"picked":"Astrolabe"}],"items_purged_floors":[5,22],"is_endless":false,"potions_floor_spawned":[4,13,18,20,27,33,35],"killed_by":"Nightmare_Alpha","ascension_level":0}}