{"host":"lv7etzzgwahaenh9","time":1613594228,"event":{"mods":["AchievementEnabler","BaseMod","Colored Map","Colored Powertips","Highlight Path","Minty Spire (QoL Compilation)","Permanent Neow","Quick Restart","Random Character Button","StSLib"],"gold_per_floor":[109,109,125,137,154,184,184,219,219,232,266,266,294,310,310,410,410,427,154,154,172,188,188,223,242,265,34,34,34],"floor_reached":28,"language":"ENG","playtime":1049,"items_purged":["Strike_R"],"score":419,"play_id":"46278d17-dd0c-43bc-aa7a-619296c53aec","local_time":"20210217123708","is_ascension_mode":true,"campfire_choices":[{"data":"Perfected Strike","floor":7,"key":"SMITH"},{"floor":12,"key":"REST"},{"data":"Bash","floor":15,"key":"SMITH"},{"floor":23,"key":"REST"}],"circlet_count":0,"master_deck":["AscendersBane","Strike_R","Strike_R","Strike_R","Strike_R","Defend_R","Defend_R","Defend_R","Defend_R","Bash+1","Anger","Cleave","Feel No Pain","Perfected Strike+1","Juggernaut","Battle Trance","Evolve","Juggernaut","Rampage","Pommel Strike","Corruption","Armaments","Shockwave","Wild Strike","Flame Barrier","Fire Breathing"],"relics":["Burning Blood","Art of War","Mercury Hourglass","Happy Flower","Bottled Flame","Ancient Tea Set","Sundial","Letter Opener","Busted Crown","Lee\u0027s Waffle","Pantograph","Bag of Preparation","Membership Card"],"acts_visited":["Exordium","TheCity"],"potions_floor_usage":[6,10,14,21,24],"damage_taken":[{"damage":12,"enemies":"2 Louse","floor":1,"turns":4},{"damage":4,"enemies":"Jaw Worm","floor":3,"turns":3},{"damage":6,"enemies":"Cultist","floor":4,"turns":3},{"damage":1,"enemies":"2 Fungi Beasts","floor":5,"turns":2},{"damage":9,"enemies":"3 Sentries","floor":6,"turns":4},{"damage":22,"enemies":"Lagavulin","floor":8,"turns":5},{"damage":14,"enemies":"3 Louse","floor":10,"turns":2},{"damage":22,"enemies":"3 Sentries","floor":11,"turns":5},{"damage":18,"enemies":"Gremlin Nob","floor":13,"turns":3},{"damage":3,"enemies":"Large Slime","floor":14,"turns":5},{"damage":17,"enemies":"Slime Boss","floor":16,"turns":9},{"damage":20,"enemies":"Shell Parasite","floor":18,"turns":4},{"damage":28,"enemies":"2 Thieves","floor":21,"turns":3},{"damage":20,"enemies":"Cultist and Chosen","floor":22,"turns":6},{"damage":32,"enemies":"Slavers","floor":24,"turns":3},{"damage":18,"enemies":"Snecko","floor":25,"turns":4},{"damage":39,"enemies":"Gremlin Leader","floor":28,"turns":4}],"seed_played":"-6780729206864624823","potions_obtained":[{"floor":1,"key":"SkillPotion"},{"floor":6,"key":"PowerPotion"},{"floor":13,"key":"EssenceOfSteel"},{"floor":16,"key":"Swift Potion"},{"floor":21,"key":"ColorlessPotion"},{"floor":25,"key":"DuplicationPotion"}],"is_trial":false,"path_per_floor":["M","?","M","M","M","E","R","E","T","M","E","R","E","M","R","B",null,"M","$","?","M","M","R","E","M","T","$","E"],"character_chosen":"IRONCLAD","items_purchased":["Lee\u0027s Waffle","Armaments","Membership Card","Flame Barrier","Fire Breathing"],"campfire_rested":2,"item_purchase_floors":[19,19,27,27,27],"current_hp_per_floor":[66,63,65,65,70,67,67,51,51,43,27,51,39,42,42,31,68,54,87,87,65,51,77,51,39,39,39,0,0],"gold":34,"neow_bonus":"RANDOM_COMMON_RELIC","is_daily":false,"chose_seed":false,"campfire_upgraded":2,"win_rate":0.0,"timestamp":1613594228,"path_taken":["M","?","M","M","M","E","R","E","T","M","E","R","E","M","R","BOSS","M","$","?","M","M","R","E","M","T","$","E"],"items_purchased_type":["Relic","Card","Relic","Card","Card"],"build_version":"2020-12-22","purchased_purges":1,"victory":false,"max_hp_per_floor":[80,80,80,80,80,80,80,80,80,80,80,80,80,80,80,80,80,80,87,87,87,87,87,87,87,87,87,87,87],"card_choices":[{"not_picked":["Disarm","Entrench"],"picked":"Anger","floor":1},{"not_picked":["Thunderclap","Twin Strike"],"picked":"Cleave","floor":3},{"not_picked":["Inflame","Rampage"],"picked":"Feel No Pain","floor":4},{"not_picked":["Sword Boomerang","Wild Strike"],"picked":"Perfected Strike","floor":5},{"not_picked":["Headbutt","Hemokinesis"],"picked":"Juggernaut","floor":6},{"not_picked":["Inflame","Flex"],"picked":"Battle Trance","floor":8},{"not_picked":["Dual Wield","Armaments"],"picked":"Evolve","floor":10},{"not_picked":["Headbutt","Infernal Blade"],"picked":"Juggernaut","floor":11},{"not_picked":["Clash","Pummel"],"picked":"Rampage","floor":13},{"not_picked":["Twin Strike","Heavy Blade"],"picked":"Pommel Strike","floor":14},{"not_picked":["Immolate","Berserk"],"picked":"Corruption","floor":16},{"not_picked":["Havoc"],"picked":"SKIP","floor":18},{"not_picked":["Dropkick"],"picked":"SKIP","floor":21},{"not_picked":["Pommel Strike"],"picked":"SKIP","floor":22},{"not_picked":[],"picked":"Shockwave","floor":24},{"not_picked":[],"picked":"Wild Strike","floor":25}],"player_experience":408221,"relics_obtained":[{"floor":6,"key":"Happy Flower"},{"floor":8,"key":"Bottled Flame"},{"floor":9,"key":"Ancient Tea Set"},{"floor":11,"key":"Sundial"},{"floor":13,"key":"Letter Opener"},{"floor":24,"key":"Pantograph"},{"floor":26,"key":"Bag of Preparation"}],"event_choices":[{"damage_healed":0,"gold_gain":0,"player_choice":"Success","damage_taken":3,"relics_obtained":["Mercury Hourglass"],"max_hp_gain":0,"max_hp_loss":0,"event_name":"Scrap Ooze","floor":2,"gold_loss":0},{"damage_healed":0,"gold_gain":0,"player_choice":"Ignored","damage_taken":0,"max_hp_gain":0,"max_hp_loss":0,"event_name":"Vampires","floor":20,"gold_loss":0}],"is_beta":false,"boss_relics":[{"not_picked":["Sozu","Calling Bell"],"picked":"Busted Crown"}],"items_purged_floors":[19],"is_endless":false,"potions_floor_spawned":[1,6,13,16,21,25],"killed_by":"Gremlin Leader","ascension_level":11}}