{"host":"rw1trt79hfpl7pom","time":1613527518,"event":{"mods":["BaseMod","Bestiary","Colored Map","Jorbs\u0027s Wanderer Trilogy","Minty Spire (QoL Compilation)","Relic Stats","StSLib","SuperFastMode"],"gold_per_floor":[119,119,119,0,25,68,92,115,163,163,181,181,181,224,276,276,370,370,385,246,159,73,73,105,105,120,120,154,80,93,109,124,124,200,200,212,212,45,45,59,89,109,137,162,176,211,211,231,256,256,256,256,256,256,23,50,50,50],"floor_reached":57,"language":"ENG","playtime":4173,"items_purged":["Strike_B","Doubt","Injury"],"score":2090,"play_id":"6c5385a7-73c5-4ef8-b9f5-05e7cfc3a8c7","local_time":"20210216180518","is_ascension_mode":true,"campfire_choices":[{"floor":10.0,"key":"REST"},{"data":"Zap","floor":16.0,"key":"SMITH"},{"data":"Sunder","floor":25.0,"key":"SMITH"},{"data":"Defragment","floor":33.0,"key":"SMITH"},{"floor":50,"key":"RECALL"},{"data":"Skim","floor":54,"key":"SMITH"}],"circlet_count":0,"master_deck":["AscendersBane","Strike_B","Strike_B","Strike_B","Defend_B","Defend_B+1","Defend_B","Defend_B+1","Zap+1","Dualcast","Lockon","Melter","Streamline","All For One","Skim+1","Steam","Rainbow","Reinforced Body","Multi-Cast","Sunder+1","Reinforced Body","Electrodynamics","Self Repair","Coolheaded+1","Glacier+1","Coolheaded","Capacitor","Coolheaded","Defragment+1","Sunder","Echo Form","Stack+1","Master of Strategy","Secret Technique","Defragment+1","Capacitor+1","Cold Snap+1","Compile Driver+1","Clumsy","Compile Driver+1","Coolheaded+1","Compile Driver","Hologram"],"relics":["Cursed Key","Bloody Idol","Symbiotic Virus","Anchor","Akabeko","DataDisk","Coffee Dripper","Shuriken","Orichalcum","Inserter","OrangePellets","Lantern","Letter Opener","Dream Catcher","Centennial Puzzle","Happy Flower"],"acts_visited":["Exordium","TheCity","TheBeyond","TheEnding"],"potions_floor_usage":[56,57],"damage_taken":[{"damage":0.0,"enemies":"2 Louse","floor":1.0,"turns":2.0},{"damage":0.0,"enemies":"Small Slimes","floor":5.0,"turns":3.0},{"damage":27.0,"enemies":"Lagavulin","floor":6.0,"turns":5.0},{"damage":0.0,"enemies":"Cultist","floor":7.0,"turns":3.0},{"damage":0.0,"enemies":"2 Fungi Beasts","floor":8.0,"turns":3.0},{"damage":0.0,"enemies":"Exordium Wildlife","floor":11.0,"turns":4.0},{"damage":11.0,"enemies":"Gremlin Nob","floor":14.0,"turns":3.0},{"damage":8.0,"enemies":"Hexaghost","floor":17.0,"turns":7.0},{"damage":0.0,"enemies":"3 Byrds","floor":19.0,"turns":5.0},{"damage":5.0,"enemies":"Gremlin Leader","floor":24.0,"turns":7.0},{"damage":11.0,"enemies":"2 Thieves","floor":26.0,"turns":3.0},{"damage":19.0,"enemies":"Slavers","floor":28.0,"turns":5.0},{"damage":0.0,"enemies":"Centurion and Healer","floor":30.0,"turns":6.0},{"damage":0.0,"enemies":"Snecko","floor":31.0,"turns":4.0},{"damage":0.0,"enemies":"Snake Plant","floor":32.0,"turns":3.0},{"damage":14.0,"enemies":"Collector","floor":34.0,"turns":6.0},{"damage":8.0,"enemies":"3 Shapes","floor":36.0,"turns":3.0},{"damage":6.0,"enemies":"3 Darklings","floor":40.0,"turns":6.0},{"damage":23.0,"enemies":"Nemesis","floor":41.0,"turns":9.0},{"damage":0.0,"enemies":"Maw","floor":42.0,"turns":7.0},{"damage":29.0,"enemies":"Reptomancer","floor":43.0,"turns":8.0},{"damage":0.0,"enemies":"4 Shapes","floor":45.0,"turns":7.0},{"damage":42.0,"enemies":"Nemesis","floor":46.0,"turns":9.0},{"damage":0,"enemies":"Jaw Worm Horde","floor":48,"turns":4},{"damage":9,"enemies":"Giant Head","floor":49,"turns":9},{"damage":18,"enemies":"Donu and Deca","floor":51,"turns":14},{"damage":16,"enemies":"Awakened One","floor":52,"turns":19},{"damage":46,"enemies":"Shield and Spear","floor":56,"turns":12},{"damage":41,"enemies":"The Heart","floor":57,"turns":8}],"seed_played":"7720610636033089943","potions_obtained":[{"floor":5.0,"key":"BlessingOfTheForge"},{"floor":6.0,"key":"DistilledChaos"},{"floor":19.0,"key":"EntropicBrew"},{"floor":28.0,"key":"Fire Potion"},{"floor":32.0,"key":"Dexterity Potion"},{"floor":41.0,"key":"AttackPotion"},{"floor":43.0,"key":"Swift Potion"},{"floor":46.0,"key":"FocusPotion"}],"is_trial":false,"path_per_floor":["M","?","?","$","M","E","M","M","T","R","M","M","?","E","T","R","B",null,"M","$","$","$","?","E","R","M","T","E","$","M","M","M","R","B",null,"M","?","$","?","M","E","M","E","T","M","E","T","M","E","R","B","B",null,"R","$","E","B"],"character_chosen":"DEFECT","items_purchased":["Melter","Reinforced Body","Electrodynamics","Self Repair","Capacitor","OrangePellets","Hologram","SkillPotion"],"campfire_rested":1,"item_purchase_floors":[4,20,21,22,29,38,55,55],"current_hp_per_floor":[64,64,45,45,45,18,18,18,18,37,37,37,42,31,31,31,23,58,58,58,58,58,58,65,65,69,69,62,62,69,69,69,69,67,69,66,56,56,56,62,51,69,52,57,69,46,46,58,61,61,57,55,66,66,66,39,0,0],"gold":50,"neow_bonus":"BOSS_RELIC","is_daily":false,"chose_seed":false,"campfire_upgraded":4,"win_rate":0.0,"timestamp":1613527518,"path_taken":["M","?","?","$","M","E","M","M","T","R","M","M","?","E","?","R","BOSS","M","$","?","$","?","E","R","M","T","E","$","M","M","M","R","BOSS","M","?","$","?","M","E","?","E","T","M","E","?","?","E","R","BOSS","BOSS","R","$","E","BOSS"],"items_purchased_type":["Card","Card","Card","Card","Card","Relic","Card","Potion"],"build_version":"2020-12-22","purchased_purges":3,"victory":false,"max_hp_per_floor":[71,64,64,64,64,64,64,64,64,64,64,64,69,69,69,69,69,69,69,69,69,69,69,69,69,69,69,69,69,69,69,69,69,69,69,69,69,69,69,69,69,69,69,69,69,69,69,69,69,69,69,69,69,69,69,69,69,69],"relic_stats":{"OrangePellets":[6],"Dream Catcher":0,"Centennial Puzzle":[12],"Inserter":[42],"Happy Flower":[2],"counters":[29,184],"Shuriken":[26],"Bloody Idol":77,"Letter Opener":[201],"Orichalcum":[156],"Cursed Key":3,"obtain_stats":[{"Lantern":41,"Inserter":35,"Happy Flower":56,"Golden Idol":2,"Letter Opener":43,"Orichalcum":28,"Cursed Key":0,"Akabeko":14,"OrangePellets":38,"Anchor":9,"DataDisk":15,"Dream Catcher":46,"Centennial Puzzle":49,"Shuriken":24,"Bloody Idol":23,"Coffee Dripper":18,"Cracked Core":0,"Symbiotic Virus":6},{"Lantern":19,"Inserter":16,"Happy Flower":28,"Golden Idol":1,"Letter Opener":21,"Orichalcum":12,"Cursed Key":0,"Akabeko":7,"OrangePellets":17,"Anchor":5,"DataDisk":7,"Dream Catcher":23,"Centennial Puzzle":25,"Shuriken":10,"Bloody Idol":9,"Coffee Dripper":8,"Cracked Core":0,"Symbiotic Virus":3},{"Lantern":87,"Inserter":69,"Happy Flower":176,"Golden Idol":2,"Letter Opener":102,"Orichalcum":50,"Cursed Key":0,"Akabeko":23,"OrangePellets":72,"Anchor":16,"DataDisk":23,"Dream Catcher":118,"Centennial Puzzle":131,"Shuriken":42,"Bloody Idol":35,"Coffee Dripper":30,"Cracked Core":0,"Symbiotic Virus":10}]},"card_choices":[{"not_picked":["Stack","Aggregate"],"picked":"Lockon","floor":1.0},{"not_picked":["Rip and Tear","Capacitor"],"picked":"Streamline","floor":5.0},{"not_picked":["Steam Power","Redo"],"picked":"All For One","floor":6.0},{"not_picked":["Melter","Leap"],"picked":"Skim","floor":7.0},{"not_picked":["Conserve Battery","Aggregate"],"picked":"Steam","floor":8.0},{"not_picked":["Skim","Lockon"],"picked":"Rainbow","floor":11.0},{"not_picked":["FTL","Recycle"],"picked":"Reinforced Body","floor":14.0},{"not_picked":["Thunder Strike","Meteor Strike"],"picked":"Multi-Cast","floor":17.0},{"not_picked":["Redo","Beam Cell+1"],"picked":"Sunder","floor":19.0},{"not_picked":["Gash","Thunder Strike"],"picked":"Coolheaded+1","floor":24.0},{"not_picked":["Defragment","Streamline"],"picked":"Glacier+1","floor":26.0},{"not_picked":["FTL","Streamline"],"picked":"Coolheaded","floor":28.0},{"not_picked":["Ball Lightning","Cold Snap"],"picked":"Coolheaded","floor":30.0},{"not_picked":["Conserve Battery","Consume"],"picked":"Defragment","floor":31.0},{"not_picked":["Leap","Conserve Battery"],"picked":"Sunder","floor":32.0},{"not_picked":["Meteor Strike","Machine Learning"],"picked":"Echo Form","floor":34.0},{"not_picked":["Redo+1","Double Energy+1"],"picked":"Stack+1","floor":36.0},{"not_picked":["Secret Weapon","Flash of Steel"],"picked":"Master of Strategy","floor":37.0},{"not_picked":["Mayhem","Good Instincts"],"picked":"Secret Technique","floor":37.0},{"not_picked":["Hello World","Turbo","Rebound"],"picked":"SKIP","floor":40.0},{"not_picked":["Sweeping Beam","Gash+1"],"picked":"Capacitor+1","floor":41.0},{"not_picked":["Steam","Barrage"],"picked":"Cold Snap+1","floor":42.0},{"not_picked":["Streamline","Conserve Battery"],"picked":"Compile Driver+1","floor":43.0},{"not_picked":["Blizzard","Conserve Battery"],"picked":"Compile Driver+1","floor":45.0},{"not_picked":["Machine Learning","Streamline"],"picked":"Coolheaded+1","floor":46.0},{"not_picked":["Gash","Cold Snap","Go for the Eyes"],"picked":"SKIP","floor":48},{"not_picked":["Go for the Eyes+1","Conserve Battery+1"],"picked":"Compile Driver","floor":49},{"not_picked":["Double Energy","Gash","Genetic Algorithm+1"],"picked":"SKIP","floor":56}],"player_experience":2768000,"relics_obtained":[{"floor":6.0,"key":"Symbiotic Virus"},{"floor":9.0,"key":"Anchor"},{"floor":14.0,"key":"Akabeko"},{"floor":15.0,"key":"DataDisk"},{"floor":24.0,"key":"Shuriken"},{"floor":28.0,"key":"Orichalcum"},{"floor":41.0,"key":"Lantern"},{"floor":43.0,"key":"Letter Opener"},{"floor":46.0,"key":"Dream Catcher"},{"floor":49,"key":"Centennial Puzzle"},{"floor":56,"key":"Happy Flower"}],"event_choices":[{"damage_healed":0.0,"max_hp_gain":0.0,"max_hp_loss":7.0,"gold_gain":0.0,"event_name":"Golden Idol","player_choice":"Lose Max HP","floor":2.0,"gold_loss":0.0,"damage_taken":0.0,"relics_obtained":["Golden Idol"]},{"damage_healed":0.0,"max_hp_gain":0.0,"max_hp_loss":0.0,"gold_gain":0.0,"event_name":"Shining Light","player_choice":"Entered Light","floor":3.0,"gold_loss":0.0,"damage_taken":19.0,"cards_upgraded":["Defend_B","Defend_B"]},{"damage_healed":0.0,"max_hp_gain":5.0,"max_hp_loss":0.0,"gold_gain":0.0,"event_name":"Big Fish","player_choice":"Donut","floor":13.0,"gold_loss":0.0,"damage_taken":0.0},{"damage_healed":0.0,"max_hp_gain":0.0,"max_hp_loss":0.0,"gold_gain":0.0,"event_name":"Forgotten Altar","player_choice":"Gave Idol","floor":23.0,"relics_lost":["Golden Idol"],"gold_loss":0.0,"damage_taken":0.0,"relics_obtained":["Bloody Idol"]},{"damage_healed":0.0,"max_hp_gain":0.0,"max_hp_loss":0.0,"gold_gain":0.0,"event_name":"SensoryStone","player_choice":"Memory 3","floor":37.0,"gold_loss":0.0,"damage_taken":10.0},{"damage_healed":0.0,"max_hp_gain":0.0,"max_hp_loss":0.0,"gold_gain":0.0,"event_name":"Duplicator","player_choice":"Copied","floor":39.0,"gold_loss":0.0,"damage_taken":0.0,"cards_obtained":["Defragment"]}],"is_beta":false,"boss_relics":[{"not_picked":["Calling Bell","Tiny House"],"picked":"Coffee Dripper"},{"not_picked":["SlaversCollar","Velvet Choker"],"picked":"Inserter"}],"items_purged_floors":[4,20,55],"is_endless":false,"potions_floor_spawned":[5,6,17,19,28,32,41,43,46],"killed_by":"The Heart","ascension_level":20}}