{"host":"zxo0hh95ci93qotr","time":1613547684,"event":{"mods":["AchievementEnabler","BaseMod","Googly Eyes","Minty Spire (QoL Compilation)","StSLib"],"gold_per_floor":[117,132,132,148,164,174,205,205,257,276,13,51,73,86,86,184,184,199,222,250,266,19,51,51,95,95,130,158,33,42,82,82,186,186,215,274,291,316,0,25,25,58,83,105,139,162,162,14,14,14],"floor_reached":51,"language":"ENG","playtime":2606,"items_purged":["Strike_G","Strike_G","Strike_G"],"score":1358,"play_id":"b5e79e7f-043a-4873-9836-5e23d787491e","local_time":"20210217014124","is_ascension_mode":true,"campfire_choices":[{"data":"Cloak And Dagger","floor":8,"key":"SMITH"},{"data":"Infinite Blades","floor":15,"key":"SMITH"},{"data":"Neutralize","floor":24,"key":"SMITH"},{"floor":32,"key":"REST"},{"data":"PiercingWail","floor":49,"key":"SMITH"}],"circlet_count":0,"master_deck":["Strike_G+1","Strike_G","Defend_G","Defend_G","Defend_G","Defend_G","Survivor","Neutralize+1","Cloak And Dagger+1","PiercingWail+1","Slice","Blade Dance","Infinite Blades+1","Slice+1","Slice","Blade Dance","Blade Dance","Blade Dance","Terror","Dodge and Roll+1","Deflect+1","Accuracy+1","Storm of Steel+1","Writhe","Prepared+1","Doppelganger+1","PiercingWail+1","Deflect+1","Backflip+1","Cloak And Dagger+1","Calculated Gamble+1","PiercingWail+1","Storm of Steel+1"],"relics":["WristBlade","Singing Bowl","CeramicFish","Orrery","Letter Opener","SlaversCollar","Toolbox","PreservedInsect","Akabeko","Toxic Egg 2","Whetstone","Dead Branch","Lantern","Sozu","Tough Bandages","Red Mask","Sundial","HornCleat","Snake Skull","Vajra","DollysMirror"],"acts_visited":["Exordium","TheCity","TheBeyond"],"potions_floor_usage":[4,7,20,25,25,25,50],"damage_taken":[{"damage":0,"enemies":"Small Slimes","floor":1,"turns":5},{"damage":0,"enemies":"Cultist","floor":2,"turns":4},{"damage":1,"enemies":"2 Louse","floor":4,"turns":2},{"damage":0,"enemies":"Exordium Wildlife","floor":5,"turns":6},{"damage":5,"enemies":"2 Fungi Beasts","floor":6,"turns":4},{"damage":33,"enemies":"3 Sentries","floor":7,"turns":10},{"damage":0,"enemies":"3 Louse","floor":10,"turns":4},{"damage":11,"enemies":"Lagavulin","floor":12,"turns":4},{"damage":0,"enemies":"Red Slaver","floor":13,"turns":1},{"damage":0,"enemies":"Large Slime","floor":14,"turns":3},{"damage":29,"enemies":"The Guardian","floor":16,"turns":8},{"damage":1,"enemies":"Spheric Guardian","floor":18,"turns":3},{"damage":10,"enemies":"Shell Parasite","floor":19,"turns":3},{"damage":0,"enemies":"3 Cultists","floor":20,"turns":4},{"damage":0,"enemies":"Cultist and Chosen","floor":21,"turns":4},{"damage":8,"enemies":"Slavers","floor":23,"turns":5},{"damage":0,"enemies":"Book of Stabbing","floor":25,"turns":1},{"damage":0,"enemies":"Slavers","floor":27,"turns":2},{"damage":13,"enemies":"Centurion and Healer","floor":28,"turns":4},{"damage":14,"enemies":"Book of Stabbing","floor":31,"turns":2},{"damage":7,"enemies":"Automaton","floor":33,"turns":5},{"damage":6,"enemies":"3 Darklings","floor":35,"turns":2},{"damage":0,"enemies":"Mind Bloom Boss Battle","floor":36,"turns":3},{"damage":0,"enemies":"3 Shapes","floor":37,"turns":2},{"damage":4,"enemies":"Writhing Mass","floor":38,"turns":4},{"damage":12,"enemies":"Reptomancer","floor":40,"turns":3},{"damage":0,"enemies":"Nemesis","floor":42,"turns":2},{"damage":0,"enemies":"3 Darklings","floor":44,"turns":3},{"damage":3,"enemies":"Giant Head","floor":45,"turns":5},{"damage":0,"enemies":"Jaw Worm Horde","floor":46,"turns":3},{"damage":27,"enemies":"Awakened One","floor":50,"turns":7}],"seed_played":"7589418343475379997","potions_obtained":[{"floor":2,"key":"Fruit Juice"},{"floor":5,"key":"ColorlessPotion"},{"floor":6,"key":"LiquidBronze"},{"floor":13,"key":"DuplicationPotion"},{"floor":19,"key":"DistilledChaos"},{"floor":20,"key":"PowerPotion"},{"floor":23,"key":"Strength Potion"},{"floor":27,"key":"Fire Potion"},{"floor":33,"key":"LiquidMemories"}],"is_trial":false,"path_per_floor":["M","M","?","M","M","M","E","R","T","M","$","E","M","M","R","B",null,"M","M","M","M","$","E","R","E","T","E","M","$","?","E","R","B",null,"M","?","M","M","?","E","?","E","T","M","E","M","?","$","R","B",null],"character_chosen":"THE_SILENT","items_purchased":["Blade Dance","Infinite Blades","Orrery","Toolbox","DollysMirror"],"campfire_rested":1,"item_purchase_floors":[11,11,11,22,48],"current_hp_per_floor":[63,63,70,74,74,69,38,38,38,40,42,31,31,33,33,6,65,66,56,56,58,58,52,52,52,52,54,41,41,41,27,54,47,82,76,76,78,74,74,64,64,66,66,66,63,63,63,63,63,36],"gold":14,"neow_bonus":"BOSS_RELIC","is_daily":false,"chose_seed":false,"campfire_upgraded":4,"win_rate":0.0,"timestamp":1613547684,"path_taken":["M","M","?","M","M","M","E","R","T","M","$","E","?","M","R","BOSS","M","M","?","M","$","E","R","E","T","E","M","$","?","E","R","BOSS","M","?","M","M","?","E","?","E","T","M","E","?","?","$","R","BOSS"],"items_purchased_type":["Card","Card","Relic","Relic","Relic"],"build_version":"2020-12-22","purchased_purges":3,"victory":true,"max_hp_per_floor":[70,70,70,75,75,75,77,77,77,79,81,81,81,83,83,85,85,87,87,87,89,89,91,91,91,91,93,93,93,93,93,93,93,93,93,93,95,95,95,97,97,99,99,99,99,99,99,99,99,99],"card_choices":[{"not_picked":["PiercingWail","Bane"],"picked":"Accuracy","floor":1},{"not_picked":["Well Laid Plans","Concentrate"],"picked":"Cloak And Dagger","floor":2},{"not_picked":["Outmaneuver","Quick Slash"],"picked":"PiercingWail","floor":4},{"not_picked":["Envenom","Tactician"],"picked":"Slice","floor":5},{"not_picked":["Sucker Punch","Dodge and Roll","Bouncing Flask"],"picked":"SKIP","floor":6},{"not_picked":["Eviscerate","Dodge and Roll","Bouncing Flask"],"picked":"Singing Bowl","floor":7},{"not_picked":["Expertise","Tactician","Poisoned Stab"],"picked":"Singing Bowl","floor":10},{"not_picked":["Reflex","Prepared"],"picked":"Slice","floor":11},{"not_picked":["Riddle With Holes","Flechettes","Tactician"],"picked":"Singing Bowl","floor":11},{"not_picked":["PiercingWail","Burst"],"picked":"Slice","floor":11},{"not_picked":["Tools of the Trade","Slice"],"picked":"Blade Dance","floor":11},{"not_picked":["Riddle With Holes","Bane"],"picked":"Blade Dance","floor":11},{"not_picked":["Escape Plan","Underhanded Strike"],"picked":"Blade Dance","floor":12},{"not_picked":["Underhanded Strike","Flechettes"],"picked":"Terror","floor":13},{"not_picked":["Dagger Spray","Underhanded Strike","Tactician"],"picked":"Singing Bowl","floor":14},{"not_picked":["Wraith Form v2","Tools of the Trade","Corpse Explosion"],"picked":"Singing Bowl","floor":16},{"not_picked":["Dagger Throw","Dagger Spray","Eviscerate+1"],"picked":"Singing Bowl","floor":18},{"not_picked":["Escape Plan","Deadly Poison"],"picked":"Dodge and Roll","floor":19},{"not_picked":["Accuracy","PiercingWail+1"],"picked":"Deflect+1","floor":20},{"not_picked":["Flechettes","Infinite Blades+1","Bane"],"picked":"Singing Bowl","floor":21},{"not_picked":["Dagger Spray","Well Laid Plans","Phantasmal Killer"],"picked":"Singing Bowl","floor":23},{"not_picked":["PiercingWail","Quick Slash"],"picked":"Accuracy+1","floor":25},{"not_picked":["All Out Attack","Dagger Spray","Deadly Poison+1"],"picked":"Singing Bowl","floor":27},{"not_picked":["Outmaneuver+1","Underhanded Strike"],"picked":"Storm of Steel+1","floor":28},{"not_picked":["Infinite Blades+1","Slice"],"picked":"Prepared+1","floor":31},{"not_picked":["Glass Knife","Wraith Form v2"],"picked":"Doppelganger+1","floor":33},{"not_picked":["Quick Slash+1","Underhanded Strike+1"],"picked":"PiercingWail+1","floor":35},{"not_picked":["Deadly Poison+1","Dodge and Roll+1"],"picked":"Deflect+1","floor":36},{"not_picked":["Flying Knee+1","Underhanded Strike+1","Deadly Poison+1"],"picked":"Singing Bowl","floor":37},{"not_picked":["Riddle With Holes","Sucker Punch+1"],"picked":"Backflip+1","floor":38},{"not_picked":["Riddle With Holes","Outmaneuver+1","Poisoned Stab+1"],"picked":"Singing Bowl","floor":40},{"not_picked":["Masterful Stab+1","Catalyst+1","Bane+1"],"picked":"Singing Bowl","floor":42},{"not_picked":["PiercingWail+1","Underhanded Strike+1"],"picked":"Cloak And Dagger+1","floor":44},{"not_picked":["Dagger Throw","Tools of the Trade"],"picked":"Calculated Gamble+1","floor":45},{"not_picked":["Poisoned Stab+1","Quick Slash+1"],"picked":"PiercingWail+1","floor":46}],"player_experience":221864,"relics_obtained":[{"floor":7,"key":"Singing Bowl"},{"floor":9,"key":"CeramicFish"},{"floor":12,"key":"Letter Opener"},{"floor":23,"key":"PreservedInsect"},{"floor":25,"key":"Akabeko"},{"floor":26,"key":"Toxic Egg 2"},{"floor":27,"key":"Whetstone"},{"floor":31,"key":"Lantern"},{"floor":36,"key":"Tough Bandages"},{"floor":40,"key":"Sundial"},{"floor":42,"key":"HornCleat"},{"floor":43,"key":"Snake Skull"},{"floor":45,"key":"Vajra"}],"event_choices":[{"cards_removed":["Accuracy"],"damage_healed":7,"gold_gain":0,"player_choice":"Offered Uncommon","damage_taken":0,"max_hp_gain":0,"max_hp_loss":0,"event_name":"Bonfire Elementals","floor":3,"gold_loss":0},{"damage_healed":0,"gold_gain":0,"player_choice":"Opened","damage_taken":0,"relics_obtained":["Dead Branch"],"max_hp_gain":0,"max_hp_loss":0,"event_name":"The Mausoleum","floor":30,"gold_loss":0,"cards_obtained":["Writhe"]},{"damage_healed":0,"gold_gain":0,"player_choice":"Fight","damage_taken":0,"max_hp_gain":0,"max_hp_loss":0,"event_name":"MindBloom","floor":36,"gold_loss":0},{"damage_healed":0,"gold_gain":0,"player_choice":"Paid","damage_taken":0,"relics_obtained":["Red Mask"],"max_hp_gain":0,"max_hp_loss":0,"event_name":"Tomb of Lord Red Mask","floor":39,"gold_loss":316},{"damage_healed":0,"gold_gain":0,"player_choice":"Upgraded","damage_taken":0,"max_hp_gain":0,"max_hp_loss":0,"event_name":"Upgrade Shrine","floor":41,"gold_loss":0,"cards_upgraded":["Dodge and Roll"]},{"cards_removed":["Defend_G"],"damage_healed":0,"gold_gain":0,"player_choice":"Removed Skill","damage_taken":0,"max_hp_gain":0,"max_hp_loss":0,"event_name":"Falling","floor":47,"gold_loss":0}],"is_beta":false,"boss_relics":[{"not_picked":["Velvet Choker","HoveringKite"],"picked":"SlaversCollar"},{"not_picked":["Pandora\u0027s Box","Cursed Key"],"picked":"Sozu"}],"items_purged_floors":[11,22,29],"is_endless":false,"potions_floor_spawned":[2,5,6,13,19,20,23,27,33,36,42,44,45],"ascension_level":8}}