{"host":"rolltorest","time":1613524670,"event":{"mods":["BaseMod","Minty Spire (QoL Compilation)","Relic Stats","Slay the Relics Exporter","StSLib"],"gold_per_floor":[110,110,260,185,185,185,217,217,244,263,282,309,319,319,319,395,395,395,395,395,395,395,395,3,3,3,3,3],"floor_reached":27,"language":"ENG","playtime":522,"items_purged":["Strike_P"],"score":728,"play_id":"036b88dc-5b17-4c9b-9cbd-9eccdfcc43d4","local_time":"20210216171750","is_ascension_mode":true,"campfire_choices":[{"data":"Eruption","floor":6,"key":"SMITH"},{"data":"Ragnarok","floor":8,"key":"SMITH"},{"data":"Omniscience","floor":15,"key":"SMITH"},{"data":"Ghostly","floor":23,"key":"SMITH"}],"circlet_count":0,"master_deck":["AscendersBane","Strike_P+1","Strike_P","Strike_P+1","Defend_P","Defend_P+1","Defend_P","Defend_P+1","Eruption+1","Vigilance","Wallop","Ragnarok+1","CutThroughFate","CrushJoints","Omniscience+1","TalkToTheHand+1","DeusExMachina","CutThroughFate","Ghostly+1","Ghostly","Ghostly","Wallop+1","CarveReality","Wireheading","LessonLearned"],"relics":["PureWater","NeowsBlessing","Potion Belt","Unceasing Top","Ectoplasm","Nloth\u0027s Gift","Bag of Preparation","Regal Pillow","Whetstone"],"acts_visited":["Exordium","TheCity"],"potions_floor_usage":[13,16,18,25,27,27],"damage_taken":[{"damage":0,"enemies":"Small Slimes","floor":1,"turns":1},{"damage":0,"enemies":"Gremlin Nob","floor":7,"turns":1},{"damage":0,"enemies":"2 Louse","floor":10,"turns":1},{"damage":0,"enemies":"Jaw Worm","floor":11,"turns":1},{"damage":0,"enemies":"Lagavulin","floor":12,"turns":3},{"damage":2,"enemies":"3 Louse","floor":13,"turns":3},{"damage":0,"enemies":"Hexaghost","floor":16,"turns":6},{"damage":15,"enemies":"Shell Parasite","floor":18,"turns":3},{"damage":0,"enemies":"Spheric Guardian","floor":21,"turns":4},{"damage":0,"enemies":"Snake Plant","floor":22,"turns":4},{"damage":0,"enemies":"Gremlin Leader","floor":25,"turns":4},{"damage":24,"enemies":"Slavers","floor":27,"turns":7}],"seed_played":"7180951231192282375","potions_obtained":[{"floor":7,"key":"PowerPotion"},{"floor":10,"key":"BottledMiracle"},{"floor":12,"key":"Explosive Potion"},{"floor":13,"key":"BottledMiracle"},{"floor":25,"key":"BlessingOfTheForge"}],"is_trial":false,"path_per_floor":["M","?","?","?","?","R","E","R","T","M","M","E","M","?","R","B",null,"M","?","?","M","M","R","$","E","T","E"],"character_chosen":"WATCHER","items_purchased":["Wireheading","Bag of Preparation","Strength Potion"],"campfire_rested":0,"item_purchase_floors":[24,24,24],"current_hp_per_floor":[61,41,41,41,46,46,46,46,46,46,46,46,44,44,44,44,66,51,36,36,36,36,36,36,36,36,12,12],"gold":3,"neow_bonus":"THREE_ENEMY_KILL","is_daily":false,"chose_seed":false,"campfire_upgraded":4,"win_rate":0.0,"timestamp":1613524670,"path_taken":["M","?","?","?","?","R","E","R","T","M","M","E","M","?","R","BOSS","M","?","?","M","?","R","?","E","T","E"],"items_purchased_type":["Card","Relic","Potion"],"build_version":"2020-12-18","purchased_purges":1,"victory":false,"max_hp_per_floor":[68,68,68,68,73,73,73,73,73,73,73,73,73,73,73,73,73,73,36,36,36,36,36,36,36,36,36,36],"relic_stats":{"Regal Pillow":0,"counters":[12,38],"Ectoplasm":102,"Nloth\u0027s Gift":0,"Bag of Preparation":[4],"Whetstone":["Strike_P","Wallop"],"obtain_stats":[{"Potion Belt":7,"Regal Pillow":25,"NeowsBlessing":0,"Ectoplasm":17,"Nloth\u0027s Gift":20,"Bag of Preparation":24,"Whetstone":26,"PureWater":0,"Ancient Tea Set":9,"Unceasing Top":12},{"Potion Belt":2,"Regal Pillow":11,"NeowsBlessing":0,"Ectoplasm":7,"Nloth\u0027s Gift":8,"Bag of Preparation":10,"Whetstone":11,"PureWater":0,"Ancient Tea Set":2,"Unceasing Top":5},{"Potion Belt":2,"Regal Pillow":31,"NeowsBlessing":0,"Ectoplasm":16,"Nloth\u0027s Gift":19,"Bag of Preparation":27,"Whetstone":31,"PureWater":0,"Ancient Tea Set":2,"Unceasing Top":7}],"Unceasing Top":[0]},"card_choices":[{"not_picked":["Evaluate","Sanctity"],"picked":"Wallop","floor":1},{"not_picked":["Halt","Worship"],"picked":"Ragnarok","floor":7},{"not_picked":["Consecrate","ClearTheMind"],"picked":"CutThroughFate","floor":10},{"not_picked":["EmptyMind","SashWhip"],"picked":"CrushJoints","floor":11},{"not_picked":["Worship","SashWhip"],"picked":"Omniscience","floor":12},{"not_picked":["Collect","FlurryOfBlows"],"picked":"TalkToTheHand","floor":13},{"not_picked":["MasterReality","DevaForm"],"picked":"DeusExMachina","floor":16},{"not_picked":["Swivel","Evaluate"],"picked":"CutThroughFate","floor":18},{"not_picked":["SignatureMove","Swivel"],"picked":"Wallop","floor":21},{"not_picked":["CrushJoints","ForeignInfluence"],"picked":"CarveReality","floor":22},{"not_picked":["Conclude","DeusExMachina"],"picked":"LessonLearned","floor":25}],"player_experience":1998627,"relics_obtained":[{"floor":7,"key":"Potion Belt"},{"floor":9,"key":"Ancient Tea Set"},{"floor":12,"key":"Unceasing Top"},{"floor":25,"key":"Regal Pillow"},{"floor":26,"key":"Whetstone"}],"event_choices":[{"damage_healed":0,"gold_gain":0,"player_choice":"Entered Light","damage_taken":20,"max_hp_gain":0,"max_hp_loss":0,"event_name":"Shining Light","floor":2,"gold_loss":0,"cards_upgraded":["Defend_P","Strike_P"]},{"damage_healed":0,"gold_gain":150,"player_choice":"AGREE","damage_taken":0,"max_hp_gain":0,"max_hp_loss":0,"event_name":"Liars Game","floor":3,"gold_loss":0,"cards_obtained":["Doubt"]},{"cards_removed":["Doubt"],"damage_healed":0,"gold_gain":0,"player_choice":"Card Removal","damage_taken":0,"max_hp_gain":0,"max_hp_loss":0,"event_name":"The Cleric","floor":4,"gold_loss":75},{"damage_healed":0,"gold_gain":0,"player_choice":"Donut","damage_taken":0,"max_hp_gain":5,"max_hp_loss":0,"event_name":"Big Fish","floor":5,"gold_loss":0},{"damage_healed":0,"gold_gain":0,"player_choice":"Grow","damage_taken":0,"max_hp_gain":0,"max_hp_loss":0,"event_name":"Living Wall","floor":14,"gold_loss":0,"cards_upgraded":["TalkToTheHand"]},{"damage_healed":0,"gold_gain":0,"player_choice":"Became a Ghost","damage_taken":0,"max_hp_gain":0,"max_hp_loss":37,"event_name":"Ghosts","floor":19,"gold_loss":0,"cards_obtained":["Ghostly","Ghostly","Ghostly"]},{"damage_healed":0,"gold_gain":0,"player_choice":"Traded Relic","damage_taken":0,"relics_obtained":["Nloth\u0027s Gift"],"max_hp_gain":0,"max_hp_loss":0,"event_name":"N\u0027loth","floor":20,"relics_lost":["Ancient Tea Set"],"gold_loss":0}],"is_beta":true,"boss_relics":[{"not_picked":["Velvet Choker","Empty Cage"],"picked":"Ectoplasm"}],"items_purged_floors":[24],"is_endless":false,"potions_floor_spawned":[7,10,12,13,25],"killed_by":"Slavers","ascension_level":20}}