{"host":"31s8hzukbhz1k6i6","time":1613533926,"event":{"mods":["AchievementEnabler","BaseMod","Bestiary","Colored Map","Filter the Spire","Minty Spire (QoL Compilation)","Relic Stats"],"gold_per_floor":[112,125,136,149,74,113,78,122,122,136,150,150,175,211,211,211,211],"floor_reached":16,"language":"ENG","playtime":708,"items_purged":["Parasite"],"score":298,"play_id":"26a1b29a-192c-44e0-baaf-429b518df90a","local_time":"20210216195206","is_ascension_mode":true,"campfire_choices":[{"data":"Night Terror","floor":15.0,"key":"SMITH"}],"circlet_count":0,"master_deck":["AscendersBane","Strike_G","Strike_G","Strike_G","Strike_G","Strike_G","Defend_G","Defend_G","Defend_G","Defend_G","Defend_G","Survivor","Neutralize","Backstab","Dagger Spray","Endless Agony","Dagger Throw","Night Terror+1","Dash","Masterful Stab","Deflect","Endless Agony"],"relics":["Ring of the Snake","FossilizedHelix","CeramicFish","HornCleat","StrikeDummy"],"acts_visited":["Exordium"],"potions_floor_usage":[16],"damage_taken":[{"damage":0.0,"enemies":"Cultist","floor":1.0,"turns":6.0},{"damage":0.0,"enemies":"2 Louse","floor":2.0,"turns":2.0},{"damage":0.0,"enemies":"Small Slimes","floor":3.0,"turns":3.0},{"damage":0.0,"enemies":"Blue Slaver","floor":4.0,"turns":5.0},{"damage":20.0,"enemies":"3 Sentries","floor":6.0,"turns":9.0},{"damage":26.0,"enemies":"Lagavulin","floor":8.0,"turns":8.0},{"damage":0.0,"enemies":"2 Fungi Beasts","floor":10.0,"turns":1.0},{"damage":0.0,"enemies":"Large Slime","floor":11.0,"turns":2.0},{"damage":0.0,"enemies":"Blue Slaver","floor":13.0,"turns":2.0},{"damage":0.0,"enemies":"3 Sentries","floor":14.0,"turns":3.0},{"damage":18,"enemies":"Slime Boss","floor":16,"turns":6}],"seed_played":"7503710237891500805","potions_obtained":[{"floor":3.0,"key":"Weak Potion"},{"floor":6.0,"key":"Swift Potion"},{"floor":10.0,"key":"DistilledChaos"}],"is_trial":false,"path_per_floor":["M","M","M","M","$","E","$","E","T","M","M","?","M","E","R","B"],"character_chosen":"THE_SILENT","items_purchased":["Dash"],"campfire_rested":0,"item_purchase_floors":[7],"current_hp_per_floor":[59,59,59,59,59,39,39,13,13,13,13,13,13,13,13,0,0],"gold":211,"neow_bonus":"ONE_RARE_RELIC","is_daily":false,"chose_seed":false,"campfire_upgraded":1,"win_rate":0.0,"timestamp":1613533926,"path_taken":["M","M","M","?","?","E","$","E","T","M","M","?","?","E","R","BOSS"],"items_purchased_type":["Card"],"build_version":"2020-12-22","purchased_purges":1,"victory":false,"max_hp_per_floor":[66,66,66,66,63,63,63,63,63,63,63,63,63,63,63,63,63],"relic_stats":{"counters":[11,47],"CeramicFish":45,"obtain_stats":[{"HornCleat":8,"CeramicFish":6,"StrikeDummy":9,"FossilizedHelix":0,"Ring of the Snake":0},{"HornCleat":6,"CeramicFish":5,"StrikeDummy":6,"FossilizedHelix":0,"Ring of the Snake":0},{"HornCleat":33,"CeramicFish":25,"StrikeDummy":33,"FossilizedHelix":0,"Ring of the Snake":0}],"Ring of the Snake":[23]},"card_choices":[{"not_picked":["Underhanded Strike","Masterful Stab"],"picked":"Backstab","floor":1.0},{"not_picked":["Acrobatics","Cloak And Dagger"],"picked":"Dagger Spray","floor":2.0},{"not_picked":["Eviscerate","Deadly Poison"],"picked":"Endless Agony","floor":3.0},{"not_picked":["Flechettes","Cloak And Dagger"],"picked":"Dagger Throw","floor":4.0},{"not_picked":["Prepared","Backflip"],"picked":"Night Terror","floor":6.0},{"not_picked":["Concentrate","Blur"],"picked":"Masterful Stab","floor":8.0},{"not_picked":["Dagger Spray","Concentrate","Noxious Fumes"],"picked":"SKIP","floor":10.0},{"not_picked":["Poisoned Stab","Dodge and Roll","Outmaneuver"],"picked":"SKIP","floor":11.0},{"not_picked":["Expertise","Footwork"],"picked":"Deflect","floor":13.0},{"not_picked":["Heel Hook","Unload"],"picked":"Endless Agony","floor":14.0}],"player_experience":226969,"relics_obtained":[{"floor":6.0,"key":"CeramicFish"},{"floor":8.0,"key":"HornCleat"},{"floor":9.0,"key":"StrikeDummy"}],"event_choices":[{"damage_healed":0.0,"max_hp_gain":0.0,"max_hp_loss":0.0,"gold_gain":0.0,"event_name":"Match and Keep!","player_choice":"0 cards matched","floor":12.0,"gold_loss":0.0,"damage_taken":0.0,"cards_obtained":[]}],"is_beta":false,"boss_relics":[],"items_purged_floors":[5],"is_endless":false,"potions_floor_spawned":[3,6,10,11],"killed_by":"Slime Boss","ascension_level":20}}