{"host":"pj05r22d3fegil3v","time":1613556644,"event":{"mods":["BaseMod","Better Altar","Better Match","Better Note","Better Sensory Stone","Better Skull","Better Third Choice","BetterRewards","Card Filter","Colored Powertips","Curses Come First","Custom Start","DeckTracker","Displayed Cursed Tome","Evolution","Minty Spire (QoL Compilation)","Quick Restart","Rare Cards Sparkle","Relic Filter Mod","Smile Girya","StSLib","Weighted Paths","everything is the same but u backflip on backflip","slay the spire mod where everything is the same but ironclad has a cowboy hat"],"gold_per_floor":[113,113,124,124,135,135,160,160,185,185,7,19,51,68,68,173,173,191,203,272,272,305,336,336,371,371,371,85,85,104,29,29,133,133,145,145,199,199,45,76,76,102,102,102,2,22,22,41,41,41],"floor_reached":51,"language":"ENG","playtime":1293,"items_purged":["Iron Wave","True Grit+1"],"score":936,"play_id":"75d52f73-84e6-4fb4-b1f7-f70b4a3de831","local_time":"20210217051044","is_ascension_mode":true,"campfire_choices":[{"data":"True Grit","floor":6,"key":"SMITH"},{"data":"True Grit","floor":8,"key":"SMITH"},{"data":"True Grit","floor":10,"key":"SMITH"},{"data":"Apotheosis","floor":15,"key":"SMITH"},{"data":"Offering","floor":24,"key":"SMITH"},{"data":"True Grit","floor":27,"key":"SMITH"},{"data":"Heavy Blade","floor":29,"key":"SMITH"},{"data":"Heavy Blade","floor":32,"key":"SMITH"},{"data":"Demon Form","floor":41,"key":"SMITH"},{"data":"Double Tap","floor":44,"key":"SMITH"},{"data":"Heavy Blade","floor":47,"key":"SMITH"},{"data":"Pommel Strike","floor":49,"key":"SMITH"}],"circlet_count":0,"master_deck":["Pommel Strike+1","Pommel Strike","Pommel Strike","Pommel Strike+1","True Grit+1","Heavy Blade+1","Heavy Blade+1","Thunderclap+1","Heavy Blade+1","Apotheosis+1","Shrug It Off","Offering+1","Mayhem+1","Whirlwind+1","Double Tap+1","Whirlwind+1","Demon Form+1"],"relics":["Burning Blood","EVO:Axolotl","Black Blood","Red Skull","Magic Flower","Mark of Pain","Runic Cube","Paper Frog","Burning Blood","Champion Belt","Charon\u0027s Ashes","Self Forming Clay","Brimstone","Prayer Wheel","Question Card","Bronze Scales","Toy Ornithopter","Akabeko","Eternal Feather","Coffee Dripper","Meat on the Bone","Red Mask","HornCleat","Ice Cream","StoneCalendar","Gambling Chip","Empty Cage","Ginger","Whetstone","Bag of Marbles","Mercury Hourglass"],"acts_visited":["Exordium","TheCity","TheBeyond"],"potions_floor_usage":[33],"damage_taken":[{"damage":0,"enemies":"Small Slimes","floor":1,"turns":1},{"damage":0,"enemies":"Cultist","floor":3,"turns":2},{"damage":0,"enemies":"2 Louse","floor":5,"turns":1},{"damage":10,"enemies":"3 Sentries","floor":7,"turns":3},{"damage":4,"enemies":"Blue Slaver","floor":12,"turns":2},{"damage":0,"enemies":"Gremlin Nob","floor":13,"turns":2},{"damage":6,"enemies":"3 Louse","floor":14,"turns":1},{"damage":46,"enemies":"Hexaghost","floor":16,"turns":4},{"damage":6,"enemies":"Shell Parasite","floor":18,"turns":1},{"damage":9,"enemies":"3 Byrds","floor":19,"turns":3},{"damage":0,"enemies":"Masked Bandits","floor":22,"turns":2},{"damage":0,"enemies":"Slavers","floor":23,"turns":1},{"damage":16,"enemies":"Book of Stabbing","floor":25,"turns":2},{"damage":0,"enemies":"Snake Plant","floor":30,"turns":1},{"damage":46,"enemies":"Champ","floor":33,"turns":4},{"damage":6,"enemies":"Orb Walker","floor":35,"turns":1},{"damage":6,"enemies":"2 Orb Walkers","floor":37,"turns":1},{"damage":21,"enemies":"Nemesis","floor":40,"turns":3},{"damage":6,"enemies":"Giant Head","floor":42,"turns":4},{"damage":12,"enemies":"3 Darklings","floor":46,"turns":2},{"damage":6,"enemies":"Spire Growth","floor":48,"turns":1},{"damage":29,"enemies":"Time Eater","floor":50,"turns":4}],"seed_played":"-2801671236740269157","potions_obtained":[{"floor":5,"key":"GamblersBrew"},{"floor":7,"key":"LiquidMemories"},{"floor":16,"key":"DuplicationPotion"},{"floor":22,"key":"Dexterity Potion"},{"floor":33,"key":"DistilledChaos"}],"is_trial":true,"path_per_floor":["M","?","M","?","M","R","E","R","T","R","$","M","E","M","R","B",null,"M","M","T","?","?","E","R","E","T","R","$","R","M","$","R","B",null,"M","?","?","?","$","E","R","E","T","R","$","M","R","M","R","B",null],"character_chosen":"IRONCLAD","items_purchased":["Apotheosis","Gambling Chip","Whetstone"],"campfire_rested":0,"item_purchase_floors":[11,28,39],"current_hp_per_floor":[80,55,80,80,80,80,80,80,80,80,80,80,80,80,80,70,80,80,80,80,80,80,80,80,80,80,80,80,80,80,80,80,78,80,80,80,80,64,64,79,80,80,80,80,80,80,80,80,80,80],"gold":41,"neow_bonus":"","is_daily":false,"chose_seed":false,"campfire_upgraded":12,"win_rate":0.0,"timestamp":1613556644,"path_taken":["M","?","M","?","M","R","E","R","T","R","$","M","E","M","R","BOSS","M","M","?","?","?","E","R","E","T","R","?","R","M","$","R","BOSS","M","?","?","?","?","E","R","E","T","R","$","M","R","M","R","BOSS"],"items_purchased_type":["Card","Relic","Relic"],"build_version":"2020-12-22","purchased_purges":2,"victory":true,"max_hp_per_floor":[80,80,80,80,80,80,80,80,80,80,80,80,80,80,80,80,80,80,80,80,80,80,80,80,80,80,80,80,80,80,80,80,80,80,80,80,80,80,80,80,80,80,80,80,80,80,80,80,80,80],"card_choices":[{"not_picked":["Clash","True Grit","Cleave"],"picked":"Heavy Blade","floor":1},{"not_picked":["Armaments","Body Slam","Cleave","Flex"],"picked":"SKIP","floor":1},{"not_picked":["Hemokinesis","Havoc","Wild Strike","Brutality"],"picked":"SKIP","floor":3},{"not_picked":["Iron Wave","Sword Boomerang","Perfected Strike","Ghostly Armor"],"picked":"SKIP","floor":3},{"not_picked":["Twin Strike","Perfected Strike","Pummel"],"picked":"Heavy Blade","floor":5},{"not_picked":["Flex","Iron Wave","Clothesline"],"picked":"Thunderclap","floor":5},{"not_picked":["Anger","Sever Soul","Impervious"],"picked":"Heavy Blade","floor":7},{"not_picked":["Sever Soul","Havoc","Limit Break"],"picked":"Shrug It Off","floor":12},{"not_picked":["Clothesline","True Grit","Warcry","Havoc"],"picked":"SKIP","floor":12},{"not_picked":["Havoc","Juggernaut","Exhume","Body Slam"],"picked":"SKIP","floor":13},{"not_picked":["Seeing Red","Cleave","Havoc"],"picked":"Iron Wave","floor":14},{"not_picked":["Pommel Strike","Headbutt","Ghostly Armor","Armaments"],"picked":"SKIP","floor":14},{"not_picked":["Reaper","Fiend Fire","Barricade"],"picked":"Offering","floor":16},{"not_picked":["Wild Strike+1","Disarm","Flex","Warcry"],"picked":"SKIP","floor":18},{"not_picked":["Twin Strike","Pommel Strike+1","Rupture","Evolve"],"picked":"SKIP","floor":18},{"not_picked":["Battle Trance","Flex","Anger","Clash"],"picked":"SKIP","floor":19},{"not_picked":["Pummel","Heavy Blade","Pommel Strike","Thunderclap"],"picked":"SKIP","floor":19},{"not_picked":["Reaper","Body Slam+1","Reckless Charge"],"picked":"Whirlwind+1","floor":22},{"not_picked":["Perfected Strike","Juggernaut","Dropkick","Sever Soul+1"],"picked":"SKIP","floor":23},{"not_picked":["Combust+1","Inflame","Infernal Blade","Body Slam+1"],"picked":"SKIP","floor":25},{"not_picked":["Twin Strike+1","Flex","Anger","Pommel Strike+1"],"picked":"SKIP","floor":30},{"not_picked":["Rage","Flex+1","Body Slam+1","Clothesline"],"picked":"SKIP","floor":30},{"not_picked":["Demon Form","Fiend Fire","Offering"],"picked":"Double Tap","floor":33},{"not_picked":["Havoc","Second Wind","Pommel Strike+1"],"picked":"Whirlwind+1","floor":35},{"not_picked":["Shrug It Off","Sword Boomerang","Perfected Strike","Headbutt+1"],"picked":"SKIP","floor":35},{"not_picked":["Havoc","Ghostly Armor+1","True Grit","Second Wind"],"picked":"SKIP","floor":40},{"not_picked":["Body Slam","Thunderclap+1","Exhume","Rage+1"],"picked":"SKIP","floor":42},{"not_picked":["Thunderclap+1","Spot Weakness","Pommel Strike","Infernal Blade"],"picked":"SKIP","floor":46},{"not_picked":["Cleave+1","Shockwave","Perfected Strike+1","Twin Strike+1"],"picked":"SKIP","floor":46},{"not_picked":["Anger+1","Havoc+1","Ghostly Armor","Shockwave+1"],"picked":"SKIP","floor":48},{"not_picked":["Body Slam","Thunderclap+1","Flex+1","Clash"],"picked":"SKIP","floor":48}],"player_experience":149021,"relics_obtained":[{"floor":7,"key":"Toy Ornithopter"},{"floor":9,"key":"Akabeko"},{"floor":13,"key":"Eternal Feather"},{"floor":20,"key":"Meat on the Bone"},{"floor":22,"key":"Red Mask"},{"floor":23,"key":"HornCleat"},{"floor":25,"key":"Ice Cream"},{"floor":26,"key":"StoneCalendar"},{"floor":37,"key":"Ginger"},{"floor":40,"key":"Bag of Marbles"},{"floor":42,"key":"Mercury Hourglass"}],"event_choices":[{"damage_healed":0,"gold_gain":0,"player_choice":"Relic ","damage_taken":25,"max_hp_gain":0,"max_hp_loss":0,"event_name":"betterThird:BetterScrap","floor":2,"gold_loss":0,"cards_obtained":["Electrodynamics"]},{"cards_removed":["Bash"],"damage_healed":0,"gold_gain":0,"player_choice":"Purged","damage_taken":0,"max_hp_gain":0,"max_hp_loss":0,"event_name":"Purifier","floor":4,"gold_loss":0},{"cards_removed":["Apotheosis"],"damage_healed":0,"gold_gain":0,"player_choice":"Take \u0026 Give","damage_taken":0,"max_hp_gain":0,"max_hp_loss":0,"event_name":"betterNote:BetterNote","floor":21,"gold_loss":0,"cards_obtained":["Mayhem"]},{"damage_healed":0,"gold_gain":0,"player_choice":"Fought Bandits","damage_taken":0,"max_hp_gain":0,"max_hp_loss":0,"event_name":"Masked Bandits","floor":22,"gold_loss":0},{"cards_removed":["Pommel Strike"],"damage_healed":0,"gold_gain":0,"player_choice":"Removed Attack","damage_taken":0,"max_hp_gain":0,"max_hp_loss":0,"event_name":"Falling","floor":36,"gold_loss":0},{"damage_healed":0,"gold_gain":0,"player_choice":"Fight","damage_taken":0,"max_hp_gain":0,"max_hp_loss":0,"event_name":"Mysterious Sphere","floor":37,"gold_loss":0},{"damage_healed":0,"gold_gain":3,"player_choice":"2","damage_taken":0,"max_hp_gain":0,"max_hp_loss":16,"event_name":"betterStone:BetterStone","floor":38,"gold_loss":0}],"is_beta":false,"boss_relics":[{"not_picked":["Ectoplasm","Astrolabe"],"picked":"Coffee Dripper"},{"not_picked":["Fusion Hammer","Runic Cube"],"picked":"Empty Cage"}],"items_purged_floors":[31,45],"is_endless":false,"potions_floor_spawned":[5,7,16,22,23,33,42],"ascension_level":1}}