{"host":"2qyxu97h6u4ukicb","time":1613602444,"event":{"mods":["AchievementEnabler","BaseMod","BetterRewards","Colored Map","Colored Powertips","Minty Spire (QoL Compilation)","Replay The Spire","Shop Mod","StSLib"],"gold_per_floor":[113,288,27,88,88,120,120,148,148,148,166,166,182,196,196,292,292,309,309,326,326,241,241,257,227,276,286,91,91,104,104,104],"floor_reached":31,"language":"ENG","playtime":2366,"items_purged":["Pain"],"score":318,"play_id":"ec97a13f-c342-45e9-8f1b-dee15f0fdd33","local_time":"20210217165404","is_ascension_mode":false,"campfire_choices":[{"data":"Cleave","floor":7,"key":"SMITH"},{"data":"Bash","floor":10,"key":"SMITH"},{"data":"Clash","floor":15,"key":"SMITH"},{"floor":23,"key":"RECALL"},{"floor":29,"key":"REST"}],"circlet_count":0,"master_deck":["Defend_R","Defend_R","Defend_R","Defend_R","Bash+1","Pommel Strike","Doubt","Clash+1","Cleave+1","Reaper","Twin Strike","Flex","Demon Form","Headbutt","Bite","Bite","Bite","Bite","Bite","Sickly","Heavy Blade"],"relics":["Burning Blood","NeowsBlessing","Iron Hammer","Smiling Mask","Bag of Preparation","Pantograph","BranchBurnRelic","ReplayTheSpireMod:Lightbulb","Cursed Key","WarpedTongs","Happy Flower","King of Hearts"],"acts_visited":["Exordium","TheCity"],"potions_floor_usage":[16,16,16,20,27,27,31],"damage_taken":[{"damage":0,"enemies":"Jaw Worm","floor":1,"turns":1},{"damage":0,"enemies":"Lagavulin","floor":6,"turns":1},{"damage":0,"enemies":"Gremlin Nob","floor":8,"turns":1},{"damage":0,"enemies":"2 Louse","floor":11,"turns":1},{"damage":0,"enemies":"Small Slimes","floor":13,"turns":2},{"damage":2,"enemies":"Looter","floor":14,"turns":2},{"damage":43,"enemies":"Hexaghost","floor":16,"turns":7},{"damage":34,"enemies":"Chosen","floor":18,"turns":5},{"damage":26,"enemies":"Shell Parasite","floor":20,"turns":4},{"damage":58,"enemies":"Shelled Parasite and Fungi","floor":24,"turns":5},{"damage":29,"enemies":"Cultist and Chosen","floor":27,"turns":4},{"damage":49,"enemies":"Snake Plant","floor":30,"turns":5},{"damage":54,"enemies":"Centurion and Healer","floor":31,"turns":4}],"seed_played":"-4856751721034192834","potions_obtained":[{"floor":4,"key":"Adrenaline Potion"},{"floor":6,"key":"Weak Potion"},{"floor":8,"key":"PowerPotion"},{"floor":16,"key":"Dexterity Potion"},{"floor":24,"key":"Fire Potion"},{"floor":25,"key":"LiquidMemories"},{"floor":25,"key":"DistilledChaos"},{"floor":27,"key":"LiquidMemories"}],"is_trial":false,"path_per_floor":["M","?","$","?","?","E","R","E","T","R","M","?","M","M","R","B",null,"M","?","M","?","?","R","M","?","T","M","$","R","M","M"],"character_chosen":"IRONCLAD","items_purchased":["Iron Hammer","King of Hearts"],"campfire_rested":1,"item_purchase_floors":[3,28],"current_hp_per_floor":[80,80,80,80,80,80,80,80,80,80,80,68,74,78,78,55,80,58,58,38,38,38,38,20,20,20,24,24,40,31,0,0],"gold":104,"neow_bonus":"THREE_ENEMY_KILL","is_daily":false,"chose_seed":false,"campfire_upgraded":3,"win_rate":0.0,"timestamp":1613602444,"path_taken":["M","?","$","?","?","E","R","E","T","R","M","?","M","M","R","BOSS","M","?","?","?","?","R","M","?","T","?","$","R","M","M"],"items_purchased_type":["Relic","Relic"],"build_version":"2020-12-22","purchased_purges":1,"victory":false,"max_hp_per_floor":[80,80,80,80,80,80,80,80,80,80,80,80,80,80,80,80,80,80,80,80,56,56,56,56,56,56,56,56,56,56,56,56],"card_choices":[{"not_picked":["Body Slam","Havoc"],"picked":"Pommel Strike","floor":1},{"not_picked":["Second Wind","Replay:Undeath\u0027s Touch"],"picked":"Clash","floor":4},{"not_picked":["Brutality","Pommel Strike"],"picked":"Cleave","floor":4},{"not_picked":["Run Through","Uppercut"],"picked":"Reaper","floor":6},{"not_picked":["Rupture","Uppercut","Replay:Undeath\u0027s Touch"],"picked":"SKIP","floor":8},{"not_picked":["Defy Death","ReplayTheSpireMod:LeadingStrike"],"picked":"Twin Strike","floor":11},{"not_picked":["Burning Pact","Warcry"],"picked":"Flex","floor":13},{"not_picked":["Sword Boomerang","Iron Wave","Bloodletting"],"picked":"SKIP","floor":14},{"not_picked":["Replay:Many Hands","Fiend Fire"],"picked":"Demon Form","floor":16},{"not_picked":["Sword Boomerang","Warcry"],"picked":"Headbutt","floor":18},{"not_picked":["Havoc","Body Slam","Flex"],"picked":"SKIP","floor":20},{"not_picked":["Sword Boomerang","Wild Strike","Intimidate"],"picked":"SKIP","floor":24},{"not_picked":["Bloodletting","Eclipse"],"picked":"Heavy Blade","floor":27},{"not_picked":["Flex+1","Wild Strike","Cleave"],"picked":"SKIP","floor":30}],"player_experience":827618,"relics_obtained":[{"floor":4,"key":"Smiling Mask"},{"floor":6,"key":"Bag of Preparation"},{"floor":8,"key":"Pantograph"},{"floor":9,"key":"Dead Branch"}],"event_choices":[{"damage_healed":0,"gold_gain":175,"player_choice":"AGREE","damage_taken":0,"max_hp_gain":0,"max_hp_loss":0,"event_name":"Liars Game","floor":2,"gold_loss":0,"cards_obtained":["Doubt"]},{"damage_healed":0,"gold_gain":0,"player_choice":"Success","damage_taken":12,"relics_obtained":["ReplayTheSpireMod:Lightbulb"],"max_hp_gain":0,"max_hp_loss":0,"event_name":"Scrap Ooze","floor":12,"gold_loss":0},{"damage_healed":0,"gold_gain":0,"player_choice":"Rummage","damage_taken":0,"relics_obtained":["WarpedTongs"],"max_hp_gain":0,"max_hp_loss":0,"event_name":"Accursed Blacksmith","floor":19,"gold_loss":0,"cards_obtained":["Pain"]},{"damage_healed":0,"gold_gain":0,"player_choice":"Became a vampire","damage_taken":0,"max_hp_gain":0,"max_hp_loss":24,"event_name":"Vampires","floor":21,"gold_loss":0,"cards_obtained":["Bite","Bite","Bite","Bite","Bite"]},{"damage_healed":0,"gold_gain":0,"player_choice":"Obtained Relic","damage_taken":0,"relics_obtained":["Happy Flower"],"max_hp_gain":0,"max_hp_loss":0,"event_name":"Addict","floor":22,"gold_loss":85},{"damage_healed":0,"gold_gain":0,"player_choice":"Bought 2 Potions","damage_taken":0,"max_hp_gain":0,"max_hp_loss":0,"event_name":"The Woman in Blue","floor":25,"gold_loss":0}],"is_beta":false,"boss_relics":[{"not_picked":["Electric Blood","Coffee Dripper"],"picked":"Cursed Key"}],"items_purged_floors":[28],"is_endless":false,"potions_floor_spawned":[6,8,13,16,24,27],"killed_by":"Centurion and Healer","ascension_level":0}}