{"host":"cr9rpoy6dx9riis3","time":1613582757,"event":{"mods":["AchievementEnabler","BaseMod","Better Altar","Better Note","Better Sensory Stone","Better Skull","Better Third Choice","Better-Laid Plans","BetterRewards","Block Reminder","Curses Come First","Displayed Cursed Tome","Emptier Cage","Marked Mod","Minty Spire (QoL Compilation)","Permanent Neow","Relic Sorter","StSLib","The Blue Laboratory","Transform Curses"],"gold_per_floor":[359,210,227,58,75,108,108,108,133,144,144,178,194,194,194,298,298,316,328,43,43,43],"floor_reached":21,"language":"ENG","playtime":996,"items_purged":["Strike_R"],"score":246,"play_id":"71174408-f710-451c-aed9-dc77ca237059","local_time":"20210217182557","is_ascension_mode":true,"campfire_choices":[{"data":"Demon Form","floor":7,"key":"SMITH"},{"data":"Spot Weakness","floor":11,"key":"SMITH"},{"floor":15,"key":"REST"}],"circlet_count":0,"master_deck":["Strike_R","Strike_R","Strike_R","Strike_R","Defend_R","Defend_R","Defend_R","Defend_R","Bash","Spot Weakness+1","Swift Strike","Carnage","Demon Form+1","Rupture+1","Immolate","Shrug It Off+1","Rampage","Spot Weakness","Dramatic Entrance"],"relics":["Burning Blood","Lee\u0027s Waffle","Frozen Egg 2","Coffee Dripper","Ancient Tea Set"],"acts_visited":["Exordium","TheCity"],"potions_floor_usage":[6,18,19,21],"damage_taken":[{"damage":8,"enemies":"2 Louse","floor":1,"turns":3},{"damage":14,"enemies":"Jaw Worm","floor":3,"turns":5},{"damage":15,"enemies":"Small Slimes","floor":5,"turns":3},{"damage":8,"enemies":"Gremlin Nob","floor":6,"turns":3},{"damage":5,"enemies":"Exordium Wildlife","floor":10,"turns":4},{"damage":45,"enemies":"3 Sentries","floor":12,"turns":6},{"damage":15,"enemies":"2 Fungi Beasts","floor":13,"turns":3},{"damage":28,"enemies":"The Guardian","floor":16,"turns":7},{"damage":16,"enemies":"2 Thieves","floor":18,"turns":3},{"damage":49,"enemies":"3 Byrds","floor":19,"turns":6},{"damage":21,"enemies":"Snake Plant","floor":21,"turns":3}],"seed_played":"-1726438876764087697","potions_obtained":[{"floor":3,"key":"blueLaboratory:HummingbirdPotion"},{"floor":12,"key":"blueLaboratory:BottleOfVodka"},{"floor":16,"key":"EssenceOfSteel"},{"floor":18,"key":"blueLaboratory:PyrophylliteBrew"},{"floor":19,"key":"SpeedPotion"}],"is_trial":false,"path_per_floor":["M","$","M","$","M","E","R","?","T","M","R","E","M","?","R","B",null,"M","M","$","M"],"character_chosen":"IRONCLAD","items_purchased":["Lee\u0027s Waffle","Swift Strike","Carnage","Rampage","Spot Weakness","Dramatic Entrance"],"campfire_rested":1,"item_purchase_floors":[2,4,4,20,20,20],"current_hp_per_floor":[49,87,79,79,70,68,68,68,68,69,69,30,21,21,47,25,72,62,19,19,0,0],"gold":43,"neow_bonus":"TWO_FIFTY_GOLD","is_daily":false,"chose_seed":false,"campfire_upgraded":2,"win_rate":0.0,"timestamp":1613582757,"path_taken":["M","$","M","$","M","E","R","?","T","M","R","E","M","?","R","BOSS","M","M","$","M"],"items_purchased_type":["Relic","Card","Card","Card","Card","Card"],"build_version":"2020-12-22","purchased_purges":1,"victory":false,"max_hp_per_floor":[80,87,87,87,87,87,87,87,87,87,87,87,87,87,87,87,87,87,87,87,87,87],"card_choices":[{"not_picked":["Thunderclap","Body Slam"],"picked":"Evolve","floor":1},{"not_picked":["Twin Strike","Intimidate"],"picked":"Spot Weakness","floor":3},{"not_picked":["Dual Wield","Cleave","Headbutt"],"picked":"SKIP","floor":5},{"not_picked":["Sentinel","Feel No Pain"],"picked":"Demon Form","floor":6},{"not_picked":["Clothesline","Sword Boomerang","Sever Soul"],"picked":"SKIP","floor":10},{"not_picked":["Juggernaut+1","Sword Boomerang"],"picked":"Rupture+1","floor":12},{"not_picked":["Searing Blow","Cleave","Iron Wave"],"picked":"SKIP","floor":13},{"not_picked":["Corruption+1","Demon Form+1"],"picked":"Immolate","floor":16},{"not_picked":["Body Slam","Disarm","Clothesline"],"picked":"SKIP","floor":18},{"not_picked":["Pommel Strike","Perfected Strike"],"picked":"Shrug It Off+1","floor":19}],"player_experience":747972,"relics_obtained":[{"floor":6,"key":"Ancient Tea Set"},{"floor":12,"key":"Frozen Egg 2"}],"event_choices":[{"damage_healed":0,"gold_gain":0,"player_choice":"Ignored","damage_taken":0,"max_hp_gain":0,"max_hp_loss":0,"event_name":"Golden Idol","floor":8,"gold_loss":0},{"damage_healed":0,"gold_gain":0,"player_choice":"LEAVE","damage_taken":0,"max_hp_gain":0,"max_hp_loss":0,"event_name":"betterThird:BetterScrap","floor":14,"gold_loss":0,"cards_obtained":["Storm of Steel"]}],"is_beta":false,"boss_relics":[{"not_picked":["SacredBark","Busted Crown"],"picked":"Coffee Dripper"}],"items_purged_floors":[20],"is_endless":false,"potions_floor_spawned":[3,12,16,18,19],"killed_by":"Snake Plant","ascension_level":6}}