{"host":"8lno9xwgef3sjccz","time":1613584857,"event":{"mods":["AchievementEnabler","BaseMod","Minty Spire (QoL Compilation)","Relic Stats"],"gold_per_floor":[116,132,144,144,157,191,366,366,412,437,437,460,144,180,180,180,180],"floor_reached":16,"language":"ENG","playtime":646,"items_purged":["Strike_R"],"score":118,"play_id":"2602f0ba-e6a9-475d-98cb-a6be419ef990","local_time":"20210217130057","is_ascension_mode":true,"campfire_choices":[{"data":"Cleave","floor":8,"key":"SMITH"},{"data":"Sword Boomerang","floor":11,"key":"SMITH"},{"data":"Shockwave","floor":15,"key":"SMITH"}],"circlet_count":0,"master_deck":["Strike_R","Strike_R","Strike_R","Strike_R","Defend_R","Defend_R","Defend_R","Defend_R","Bash","Cleave+1","Sword Boomerang+1","Rupture","Doubt","Iron Wave","Uppercut","Shockwave+1"],"relics":["Burning Blood","Golden Idol","White Beast Statue","Tiny Chest","Red Skull","Ancient Tea Set"],"acts_visited":["Exordium"],"potions_floor_usage":[6,14,16,16],"damage_taken":[{"damage":7,"enemies":"Small Slimes","floor":1,"turns":5},{"damage":6,"enemies":"Jaw Worm","floor":2,"turns":3},{"damage":0,"enemies":"2 Louse","floor":3,"turns":2},{"damage":6,"enemies":"Blue Slaver","floor":5,"turns":4},{"damage":15,"enemies":"Gremlin Nob","floor":6,"turns":4},{"damage":25,"enemies":"Large Slime","floor":10,"turns":7},{"damage":10,"enemies":"Lots of Slimes","floor":12,"turns":2},{"damage":11,"enemies":"3 Sentries","floor":14,"turns":5},{"damage":46,"enemies":"Slime Boss","floor":16,"turns":10}],"seed_played":"-574965164794672342","potions_obtained":[{"floor":0,"key":"SneckoOil"},{"floor":0,"key":"Explosive Potion"},{"floor":0,"key":"HeartOfIron"},{"floor":2,"key":"Ancient Potion"},{"floor":10,"key":"DistilledChaos"},{"floor":14,"key":"ElixirPotion"}],"is_trial":false,"path_per_floor":["M","M","M","?","M","E","?","R","T","M","R","M","$","E","R","B"],"character_chosen":"IRONCLAD","items_purchased":["Red Skull","Uppercut","ColorlessPotion"],"campfire_rested":0,"item_purchase_floors":[13,13,13],"current_hp_per_floor":[79,79,80,74,74,65,65,65,65,46,46,42,42,37,37,0,0],"gold":180,"neow_bonus":"THREE_SMALL_POTIONS","is_daily":false,"chose_seed":false,"campfire_upgraded":3,"win_rate":0.0,"timestamp":1613584857,"path_taken":["M","M","M","?","M","E","?","R","T","M","R","?","$","E","R","BOSS"],"items_purchased_type":["Relic","Card","Potion"],"build_version":"2020-12-22","purchased_purges":1,"victory":false,"max_hp_per_floor":[80,80,80,74,74,74,74,74,74,74,74,74,74,74,74,74,74],"relic_stats":{"counters":[9,42],"Golden Idol":27,"Tiny Chest":0,"obtain_stats":[{"Golden Idol":4,"Tiny Chest":9,"Ancient Tea Set":14,"Burning Blood":0,"White Beast Statue":6,"Red Skull":13},{"Golden Idol":3,"Tiny Chest":5,"Ancient Tea Set":8,"Burning Blood":0,"White Beast Statue":5,"Red Skull":7},{"Golden Idol":10,"Tiny Chest":18,"Ancient Tea Set":32,"Burning Blood":0,"White Beast Statue":18,"Red Skull":27}],"Burning Blood":43},"card_choices":[{"not_picked":["Intimidate","Flex"],"picked":"Cleave","floor":1},{"not_picked":["Clash","Perfected Strike","Warcry"],"picked":"SKIP","floor":2},{"not_picked":["Anger","Dark Embrace"],"picked":"Sword Boomerang","floor":3},{"not_picked":["Warcry","Body Slam"],"picked":"Rupture","floor":5},{"not_picked":["Pommel Strike","Rupture","Wild Strike"],"picked":"SKIP","floor":6},{"not_picked":["Wild Strike","Pommel Strike"],"picked":"Iron Wave","floor":10},{"not_picked":["Sword Boomerang","Heavy Blade","Rupture"],"picked":"SKIP","floor":12},{"not_picked":["Corruption","Clothesline"],"picked":"Shockwave","floor":14}],"player_experience":125210,"relics_obtained":[{"floor":6,"key":"White Beast Statue"},{"floor":9,"key":"Tiny Chest"},{"floor":14,"key":"Ancient Tea Set"}],"event_choices":[{"damage_healed":0,"gold_gain":0,"player_choice":"Lose Max HP","damage_taken":0,"relics_obtained":["Golden Idol"],"max_hp_gain":0,"max_hp_loss":6,"event_name":"Golden Idol","floor":4,"gold_loss":0},{"damage_healed":0,"gold_gain":175,"player_choice":"AGREE","damage_taken":0,"max_hp_gain":0,"max_hp_loss":0,"event_name":"Liars Game","floor":7,"gold_loss":0,"cards_obtained":["Doubt"]}],"is_beta":false,"boss_relics":[],"items_purged_floors":[13],"is_endless":false,"potions_floor_spawned":[2,5,10,12,14],"killed_by":"Slime Boss","ascension_level":1}}