{"host":"tzz1a4lp7gkxiavd","time":1613579530,"event":{"mods":["BaseMod","KomeijiMod","Minty Spire (QoL Compilation)","Youmu£¨»êÆÇÑýÃÎ£©","¡¾¹¦ÄÜMod¡¿Neow½±Àø"],"gold_per_floor":[114,128,128,143,159,185,205,205,232,232,293,293,368,10,10,109,109,121,220,220,89,102,102,102,377,430,445,458,469,204,217,217,322,322,338,338,350,350,368,368,393,443,443,478,478,478,478,488,488,488,488,488,283,308,308],"floor_reached":56,"language":"ZHS","playtime":3019,"items_purged":["Strike_G","Strike_G+1","Regret","Writhe"],"score":1327,"play_id":"9d45dfc3-1382-480e-9396-bbf890b69637","local_time":"20210218003210","is_ascension_mode":true,"campfire_choices":[{"data":"Catalyst","floor":8.0,"key":"SMITH"},{"floor":10.0,"key":"REST"},{"floor":15.0,"key":"REST"},{"data":"Catalyst","floor":23.0,"key":"SMITH"},{"data":"Catalyst","floor":32.0,"key":"SMITH"},{"data":"Crippling Poison","floor":40.0,"key":"SMITH"},{"floor":47,"key":"REST"},{"floor":49,"key":"RECALL"},{"data":"Catalyst","floor":52,"key":"SMITH"}],"circlet_count":0,"master_deck":["Defend_G+1","Defend_G+1","Defend_G+1","Defend_G+1","Defend_G+1","Survivor","Neutralize+1","Deadly Poison","Catalyst+1","Noxious Fumes","Noxious Fumes","Crippling Poison+1","Catalyst+1","Footwork","VanishingEverything+1","Distraction+1","Catalyst+1","Catalyst+1","Bullet Time","Bane+1","Skewer+1","Confused","Leg Sweep+1","Corpse Explosion"],"relics":["Sozu","CultistMask","Art of War","Smiling Mask","Pen Nib","Strange Spoon","Snecko Eye","Snake Skull","Astrolabe","Whetstone","Tingsha","Bottled Flame","Pantograph","Sling","Shuriken"],"acts_visited":["Exordium","TheCity","TheBeyond","TheEnding"],"potions_floor_usage":[],"damage_taken":[{"damage":0.0,"enemies":"Small Slimes","floor":1.0,"turns":3.0},{"damage":0.0,"enemies":"Cultist","floor":2.0,"turns":4.0},{"damage":0.0,"enemies":"2 Louse","floor":4.0,"turns":2.0},{"damage":0.0,"enemies":"Looter","floor":5.0,"turns":4.0},{"damage":28.0,"enemies":"3 Sentries","floor":6.0,"turns":11.0},{"damage":21.0,"enemies":"Large Slime","floor":7.0,"turns":7.0},{"damage":19.0,"enemies":"3 Sentries","floor":11.0,"turns":8.0},{"damage":21.0,"enemies":"Slime Boss","floor":16.0,"turns":6.0},{"damage":8.0,"enemies":"Spheric Guardian","floor":18.0,"turns":4.0},{"damage":10.0,"enemies":"Shell Parasite","floor":22.0,"turns":4.0},{"damage":5.0,"enemies":"3 Cultists","floor":27.0,"turns":4.0},{"damage":0.0,"enemies":"Chosen and Byrds","floor":28.0,"turns":5.0},{"damage":5.0,"enemies":"Snecko","floor":29.0,"turns":5.0},{"damage":0.0,"enemies":"Centurion and Healer","floor":31.0,"turns":5.0},{"damage":19.0,"enemies":"Collector","floor":33.0,"turns":5.0},{"damage":12.0,"enemies":"3 Darklings","floor":35.0,"turns":4.0},{"damage":9.0,"enemies":"3 Shapes","floor":37.0,"turns":4.0},{"damage":0.0,"enemies":"Spire Growth","floor":39.0,"turns":2.0},{"damage":0.0,"enemies":"Giant Head","floor":41.0,"turns":3.0},{"damage":0,"enemies":"Mind Bloom Boss Battle","floor":42,"turns":2},{"damage":46,"enemies":"Nemesis","floor":44,"turns":3},{"damage":0,"enemies":"Maw","floor":48,"turns":6},{"damage":60,"enemies":"Donu and Deca","floor":50,"turns":8},{"damage":35,"enemies":"Shield and Spear","floor":54,"turns":5},{"damage":59,"enemies":"The Heart","floor":55,"turns":6}],"seed_played":"-2991350408619956634","potions_obtained":[],"is_trial":false,"path_per_floor":["M","M","?","M","M","E","M","R","T","R","?","?","?","$","R","B",null,"M","?","?","$","M","R","?","?","T","M","M","M","$","M","R","B",null,"M","?","M","?","M","R","E","?","T","E","?","?","R","M","R","B",null,"R","$","E","B",null],"character_chosen":"THE_SILENT","items_purchased":["Noxious Fumes","Crippling Poison","Strange Spoon","Catalyst","Snake Skull","Catalyst","Sling"],"campfire_rested":3,"item_purchase_floors":[14,14,14,21,30,30,53],"current_hp_per_floor":[70,70,70,70,70,42,21,21,21,42,23,23,12,12,33,12,70,62,62,62,62,52,52,52,52,52,47,47,42,42,42,42,23,70,58,58,49,49,49,49,49,49,49,3,21,36,57,57,57,10,70,70,70,35,1],"gold":308,"neow_bonus":"BOSS_RELIC","is_daily":false,"chose_seed":false,"campfire_upgraded":5,"win_rate":0.0,"timestamp":1613579530,"path_taken":["M","M","?","?","M","E","M","R","T","R","?","?","?","$","R","BOSS","M","?","?","$","M","R","?","?","T","M","?","M","$","M","R","BOSS","M","?","M","?","M","R","E","?","T","E","?","?","R","M","R","BOSS","R","$","E","BOSS"],"items_purchased_type":["Card","Card","Relic","Card","Relic","Card","Relic"],"build_version":"2020-12-22","purchased_purges":4,"victory":true,"max_hp_per_floor":[70,70,70,70,70,70,70,70,70,70,70,70,70,70,70,70,70,70,70,70,70,70,70,70,70,70,70,70,70,70,70,70,70,70,70,70,70,70,70,70,70,70,70,70,70,70,70,70,70,70,70,70,70,70,70],"card_choices":[{"not_picked":["Prepared","Backflip","Finisher"],"picked":"SKIP","floor":1.0},{"not_picked":["Acrobatics","Backflip"],"picked":"Deadly Poison","floor":2.0},{"not_picked":["Adrenaline","Poisoned Stab"],"picked":"Catalyst","floor":4.0},{"not_picked":["Blur","Cloak And Dagger","Sucker Punch"],"picked":"SKIP","floor":5.0},{"not_picked":["Underhanded Strike","Heel Hook"],"picked":"Noxious Fumes","floor":6.0},{"not_picked":["PiercingWail","Prepared","Outmaneuver"],"picked":"SKIP","floor":7.0},{"not_picked":["All Out Attack","Accuracy+1","Choke"],"picked":"SKIP","floor":18.0},{"not_picked":["Dagger Throw","Escape Plan"],"picked":"Footwork","floor":22.0},{"not_picked":["Bane","PiercingWail"],"picked":"Distraction+1","floor":27.0},{"not_picked":["Flying Knee","Acrobatics+1"],"picked":"Catalyst","floor":28.0},{"not_picked":["Deflect","Bane","Quick Slash+1"],"picked":"SKIP","floor":29.0},{"not_picked":["Dagger Spray","Reflex"],"picked":"Bullet Time","floor":31.0},{"not_picked":["Poisoned Stab+1","Dodge and Roll+1","Sucker Punch"],"picked":"SKIP","floor":35.0},{"not_picked":["Acrobatics+1","Well Laid Plans+1","Cloak And Dagger"],"picked":"SKIP","floor":37.0},{"not_picked":["Slice+1","Underhanded Strike"],"picked":"Leg Sweep+1","floor":39.0},{"not_picked":["Doppelganger","Escape Plan","Dagger Throw+1"],"picked":"SKIP","floor":41.0},{"not_picked":["Noxious Fumes","Choke","Slice"],"picked":"SKIP","floor":44},{"not_picked":["Reflex+1","Cloak And Dagger","Eviscerate"],"picked":"SKIP","floor":48},{"not_picked":["Underhanded Strike","Masterful Stab"],"picked":"Corpse Explosion","floor":54}],"player_experience":120705,"relics_obtained":[{"floor":6.0,"key":"Art of War"},{"floor":9.0,"key":"Smiling Mask"},{"floor":41.0,"key":"Whetstone"},{"floor":42,"key":"Tingsha"},{"floor":43,"key":"Bottled Flame"},{"floor":44,"key":"Pantograph"},{"floor":54,"key":"Shuriken"}],"event_choices":[{"damage_healed":0.0,"max_hp_gain":0.0,"max_hp_loss":0.0,"gold_gain":0.0,"event_name":"FaceTrader","player_choice":"Trade","floor":3.0,"gold_loss":0.0,"damage_taken":0.0,"relics_obtained":["CultistMask"]},{"damage_healed":0.0,"max_hp_gain":0.0,"max_hp_loss":0.0,"gold_gain":0.0,"event_name":"Dead Adventurer","player_choice":"Searched \u00272\u0027 times","floor":11.0,"gold_loss":0.0,"damage_taken":0.0,"relics_obtained":["Pen Nib"]},{"damage_healed":0.0,"max_hp_gain":0.0,"max_hp_loss":0.0,"gold_gain":75.0,"event_name":"World of Goop","player_choice":"Gather Gold","floor":13.0,"gold_loss":0.0,"damage_taken":11.0},{"damage_healed":0.0,"max_hp_gain":0.0,"max_hp_loss":0.0,"gold_gain":99.0,"event_name":"Nest","player_choice":"Stole From Cult","floor":19.0,"gold_loss":0.0,"damage_taken":0.0},{"damage_healed":0.0,"max_hp_gain":0.0,"max_hp_loss":0.0,"gold_gain":0.0,"event_name":"Back to Basics","player_choice":"Simplicity","floor":20.0,"gold_loss":0.0,"damage_taken":0.0,"cards_upgraded":["Strike_G","Strike_G","Strike_G","Strike_G","Defend_G","Defend_G","Defend_G","Defend_G","Defend_G"]},{"damage_healed":0.0,"max_hp_gain":0.0,"max_hp_loss":0.0,"gold_gain":275.0,"event_name":"Golden Shrine","player_choice":"Desecrate","floor":25.0,"gold_loss":0.0,"damage_taken":0.0,"cards_obtained":["Regret"]},{"cards_removed":["Quick Slash"],"damage_healed":0.0,"max_hp_gain":0.0,"max_hp_loss":0.0,"gold_gain":0.0,"event_name":"Falling","player_choice":"Removed Attack","floor":38.0,"gold_loss":0.0,"damage_taken":0.0},{"damage_healed":0,"gold_gain":0,"player_choice":"Fight","damage_taken":0,"max_hp_gain":0,"max_hp_loss":0,"event_name":"MindBloom","floor":42,"gold_loss":0},{"damage_healed":18,"gold_gain":0,"player_choice":"Writhe","damage_taken":0,"max_hp_gain":0,"max_hp_loss":0,"event_name":"Winding Halls","floor":45,"gold_loss":0,"cards_obtained":["Writhe"]}],"is_beta":false,"boss_relics":[{"not_picked":["Coffee Dripper","SacredBark"],"picked":"Snecko Eye"},{"not_picked":["WristBlade","Runic Pyramid"],"picked":"Astrolabe"}],"items_purged_floors":[14,21,30,53],"is_endless":false,"potions_floor_spawned":[2,6,11,16,22,27,28,29,33,35,37,41,54],"ascension_level":1}}