{"host":"61scwtj8sjvayefi","time":1613532524,"event":{"mods":["2.2 Compatiblity","Act Like it!","BaseMod","Conspire","Downfall","Gensokyo","Hermit","Koishi","Marisa????????","Minty Spire (QoL Compilation)","Remilia??????","Replay The Spire","StSLib","The Bug Knight","The Hierophant","The Mystic","The Senshi","The Servant 0.9.4"],"gold_per_floor":[110,110,210,225,142,142,174,174,174,188,220,233,251,279,279,375,375,386,184,134,134,171,221,221,234,234,251,251,282,282,282,282,381,431,472,472,472],"floor_reached":38,"language":"ENG","playtime":4091,"items_purged":[],"score":655,"play_id":"b6704bf8-8262-49c6-b6dd-cd13bf81b98b","local_time":"20210216212844","daily_mods":["SealedDeck"],"is_ascension_mode":false,"campfire_choices":[{"data":"ReplayTheSpireMod:Dual Polarity","floor":6,"key":"SMITH"},{"data":"Multi-Cast","floor":8,"key":"SMITH"},{"data":"Barrage","floor":15,"key":"SMITH"},{"floor":24,"key":"REST"},{"data":"Skim","floor":30,"key":"SMITH"},{"data":"Barrage","floor":32,"key":"SMITH"}],"circlet_count":0,"master_deck":["Skim+1","Auto Shields","Leap","Blizzard","Cold Snap+1","Redo","Ball Lightning+1","Barrage+1","Barrage+1","ReplayTheSpireMod:Dual Polarity+1","Coolheaded","Multi-Cast+1","Ball Lightning+1","Stack","BootSequence","Panic Button","ReplaySolidLightProjector","Ball Lightning","Sunder","Core Surge","Capacitor+1","Aggregate","Gash","Rip and Tear","Auto Shields","ReplayTheSpireMod:Trickstab","conspire:SpireCoStock","Reprogram","Double Energy","conspire:NecroticWound","Chaos+1","CommonCold","Defragment+1","ReplayTheSpireMod:Faulty Equipment","Rainbow","Streamline","BasicCrystalCard+1"],"relics":["Cracked Core","Garlic","ReplayTheSpireMod:Shallot","Mirror","ScarletDevilRocket","Cursed Key","BargainBundle","Replay:Mystery Machine","HollowMod:LifeEnderRelic","ReplayTheSpireMod:Ring of Collecting","Tiny Chest","Question Card","Tiny House"],"acts_visited":["Exordium","TheCity","TheBeyond"],"potions_floor_usage":[16,16,22,33,33,33,35,35,37,37,37],"damage_taken":[{"damage":0,"enemies":"Small Slimes","floor":1,"turns":2},{"damage":12,"enemies":"conspire:RoseBush","floor":4,"turns":3},{"damage":0,"enemies":"HollowMod:MossKnight","floor":7,"turns":4},{"damage":0,"enemies":"Cultist","floor":10,"turns":2},{"damage":2,"enemies":"Replay:BlueRogue","floor":11,"turns":5},{"damage":0,"enemies":"3 Louse","floor":12,"turns":2},{"damage":0,"enemies":"Red Slaver","floor":13,"turns":2},{"damage":0,"enemies":"3 Sentries","floor":14,"turns":5},{"damage":52,"enemies":"Fading Forest","floor":16,"turns":11},{"damage":2,"enemies":"2 Thieves","floor":18,"turns":3},{"damage":9,"enemies":"conspire:FuzzyDice","floor":22,"turns":4},{"damage":26,"enemies":"Book of Stabbing","floor":23,"turns":5},{"damage":5,"enemies":"Snecko","floor":25,"turns":3},{"damage":0,"enemies":"Snake Plant","floor":27,"turns":3},{"damage":3,"enemies":"conspire:Head Lice","floor":29,"turns":5},{"damage":16,"enemies":"conspire:MysteriousRune","floor":33,"turns":7},{"damage":5,"enemies":"3 Darklings","floor":35,"turns":3},{"damage":60,"enemies":"Donu and Deca","floor":37,"turns":9}],"seed_played":"-6179917598035507309","potions_obtained":[{"floor":4,"key":"CultistPotion"},{"floor":11,"key":"Elixir"},{"floor":14,"key":"Block Potion"},{"floor":25,"key":"Elixir"},{"floor":27,"key":"champ:CounterPotion"},{"floor":33,"key":"PowerPotion"},{"floor":34,"key":"EntropicBrew"}],"is_trial":true,"path_per_floor":["M","?","?","M","$","R","E","R","T","M","E","M","M","E","R","B",null,"M","$","?","?","M","E","R","M","T","M","?","E","R","T","R","B",null,"M","?","B",null],"character_chosen":"DEFECT","items_purchased":["Ball Lightning+1","Stack","BargainBundle","Capacitor+1","Aggregate","Gash","Rip and Tear","Auto Shields","Block Potion","ReplayTheSpireMod:Trickstab","Reflective Coating"],"campfire_rested":1,"item_purchase_floors":[5,5,19,19,19,19,19,19,19,19,19],"current_hp_per_floor":[75,75,75,63,63,63,63,63,63,63,61,61,61,61,61,19,75,73,73,73,75,66,40,62,57,57,57,57,54,54,54,54,38,80,75,75,15],"gold":472,"neow_bonus":"","is_daily":false,"chose_seed":false,"campfire_upgraded":5,"win_rate":0.0,"timestamp":1613532524,"path_taken":["M","?","?","M","$","R","E","R","T","M","E","M","M","E","R","BOSS","M","$","?","?","?","E","R","M","T","M","?","E","R","?","R","BOSS","M","?","BOSS"],"items_purchased_type":["Card","Card","Relic","Card","Card","Card","Card","Card","Potion","Card","Potion"],"build_version":"2020-12-22","purchased_purges":0,"victory":true,"max_hp_per_floor":[75,75,75,75,75,75,75,75,75,75,75,75,75,75,75,75,75,75,75,75,75,75,75,75,75,75,75,75,75,75,75,75,75,80,80,80,80],"card_choices":[{"not_picked":["Steam","Streamline"],"picked":"Coolheaded","floor":1},{"not_picked":["Leap","Turbo"],"picked":"Multi-Cast","floor":4},{"not_picked":["Cold Snap","Gash","Sweeping Beam"],"picked":"SKIP","floor":7},{"not_picked":["Go for the Eyes","Conserve Battery"],"picked":"BootSequence","floor":10},{"not_picked":["Hologram","Barrage"],"picked":"Panic Button","floor":11},{"not_picked":["Panic Button","Steam"],"picked":"ReplaySolidLightProjector","floor":12},{"not_picked":["Steam","Gash"],"picked":"Ball Lightning","floor":13},{"not_picked":["Stack","Ball Lightning"],"picked":"Sunder","floor":14},{"not_picked":["Meteor Strike","Mirror Shield"],"picked":"Core Surge","floor":16},{"not_picked":["Fusion","Steam","ReplayTheSpireMod:Reroute Power"],"picked":"SKIP","floor":18},{"not_picked":["Hologram","Capacitor+1"],"picked":"Reprogram","floor":22},{"not_picked":["Turbo","Leap","Panic Button"],"picked":"SKIP","floor":23},{"not_picked":["Stack","Steam"],"picked":"Double Energy","floor":25},{"not_picked":["Stack+1","Conserve Battery+1"],"picked":"Chaos+1","floor":27},{"not_picked":["White Noise","Steam"],"picked":"Defragment+1","floor":29},{"not_picked":["Fission","Mirror Shield","Reboot"],"picked":"Rainbow","floor":33},{"not_picked":["Ball Lightning","Hologram","Turbo"],"picked":"Streamline","floor":34},{"not_picked":["Leap+1","Turbo","Sweeping Beam"],"picked":"BasicCrystalCard+1","floor":35}],"player_experience":87638,"relics_obtained":[{"floor":7,"key":"Garlic"},{"floor":9,"key":"ReplayTheSpireMod:Shallot"},{"floor":11,"key":"Mirror"},{"floor":14,"key":"ScarletDevilRocket"},{"floor":23,"key":"Replay:Mystery Machine"},{"floor":26,"key":"HollowMod:LifeEnderRelic"},{"floor":28,"key":"ReplayTheSpireMod:Ring of Collecting"},{"floor":29,"key":"Tiny Chest"},{"floor":31,"key":"Question Card"}],"event_choices":[{"damage_healed":0,"gold_gain":100,"player_choice":"Pray","damage_taken":0,"max_hp_gain":0,"max_hp_loss":0,"event_name":"Golden Shrine","floor":3,"gold_loss":0},{"damage_healed":0,"gold_gain":0,"player_choice":"Invest 1","damage_taken":0,"max_hp_gain":0,"max_hp_loss":0,"event_name":"conspire:Investor","floor":20,"gold_loss":0},{"damage_healed":2,"gold_gain":0,"player_choice":"Full Heal","damage_taken":0,"max_hp_gain":0,"max_hp_loss":0,"event_name":"Wheel of Change","floor":21,"gold_loss":0},{"damage_healed":0,"gold_gain":0,"player_choice":"Took Portal","damage_taken":0,"max_hp_gain":0,"max_hp_loss":0,"event_name":"SecretPortal","floor":36,"gold_loss":0}],"is_beta":false,"boss_relics":[{"not_picked":["Runic Dome","SacredBark"],"picked":"Cursed Key"},{"not_picked":["Velvet Choker","Sozu"],"picked":"Tiny House"}],"items_purged_floors":[],"is_endless":false,"potions_floor_spawned":[4,11,14,25,27,33],"ascension_level":0}}