{"host":"avfk0uqadyfnr875","time":1613535573,"event":{"mods":["2.2 Compatiblity","Act Like it!","BaseMod","Chen","Colored Powertips","Downfall","Gensokyo","Koishi","KomeijiMod","Marisa（F雨　魔理沙）","Minty Spire (QoL Compilation)","Pale of the Ancients","Quick Restart","READ ME - Guardian Mod","Reimu（博丽灵梦）","Shop Mod","StSLib","The Animator","Yakumo Yukari mod","[功能]功能增强和修复MOD"],"gold_per_floor":[110,2,2,2,23,23,54,54,122,11,11,11,86,102,102,233,233,252,252,136,151,151,184,196,233,268,324,461,473,323,346,346,466,466,487,487,303,327,192,233,233,233,282,328,328,366,183,183,183,183,183,183,3,38,38],"floor_reached":56,"language":"ZHS","playtime":1844,"items_purged":["Strike_P","Strike_P","Strike_P","Strike_P","Shame","Defend_P"],"score":1533,"play_id":"2d9fad3e-a7cf-4316-8c63-cd403fda65fd","local_time":"20210217121933","is_ascension_mode":false,"campfire_choices":[{"data":"Eruption","floor":6,"key":"SMITH"},{"data":"Enlightenment","floor":8,"key":"SMITH"},{"floor":15,"key":"RECALL"},{"data":"Devotion","floor":29,"key":"SMITH"},{"data":"BattleHymn","floor":32,"key":"SMITH"},{"data":"Deep Breath","floor":42,"key":"SMITH"},{"data":"Thinking Ahead","floor":45,"key":"SMITH"},{"floor":49,"key":"DIG"},{"floor":52,"key":"DIG"}],"circlet_count":0,"master_deck":["Defend_P+1","Defend_P+1","Defend_P+1","Eruption+1","Vigilance+1","Consecrate+1","Enlightenment+1","BattleHymn+1","Devotion+1","Consecrate+1","Ragnarok+1","Evaluate+1","ReachHeaven+1","FlurryOfBlows+1","Vault+1","WindmillStrike+1","Vault+1","Crescendo+1","Brilliance+1","ReachHeaven+1","Dramatic Entrance+1","Panacea+1","Impatience+1","Devotion+1","Thinking Ahead+1","Deep Breath+1","Tantrum+1","Brilliance+1","Protect+1","FlurryOfBlows+1","Sanctity+1","Establishment+1","Apotheosis+1","Vault+1","Perseverance+1","DeusExMachina","WindmillStrike+1","ReachHeaven+1","SignatureMove+1"],"relics":["PureWater","Ginger","PreservedInsect","Ice Cream","Mercury Hourglass","Golden Idol","Potion Belt","CrazyTorch:ReiMu","Mummified Hand","HandDrill","Molten Egg 2","SacredBark","Toy Ornithopter","Guardian:PocketSentry","Toolbox","Omamori","MawBank","Tiny Chest","Ancient Tea Set","Torii","Bottled Lightning","Kunai","Bottled Tornado","TheAbacus","bronze:MakeshiftBattery","DollysMirror","Juzu Bracelet","Question Card","Blood Vial","Shovel","Matryoshka","Nunchaku","RuthlessExorcism:ReiMu","Dream Catcher","Strawberry","Unceasing Top","Medical Kit","Regal Pillow","Letter Opener","Sundial","Tea:ReiMu","Mango","HornCleat"],"acts_visited":["Exordium","TheCity","TheBeyond","TheEnding"],"potions_floor_usage":[16,16,18,23,38,48,48,50,55,55,55,55,55,55,55,55],"damage_taken":[{"damage":7,"enemies":"Small Slimes","floor":1,"turns":5},{"damage":0,"enemies":"2 Louse","floor":5,"turns":1},{"damage":5,"enemies":"3 Sentries","floor":7,"turns":3},{"damage":0,"enemies":"Cultist","floor":14,"turns":2},{"damage":26,"enemies":"The Guardian","floor":16,"turns":7},{"damage":0,"enemies":"3 Byrds","floor":18,"turns":2},{"damage":1,"enemies":"Chosen","floor":21,"turns":3},{"damage":0,"enemies":"Gremlin Leader","floor":23,"turns":2},{"damage":0,"enemies":"Shelled Parasite and Fungi","floor":25,"turns":2},{"damage":12,"enemies":"Book of Stabbing","floor":27,"turns":3},{"damage":0,"enemies":"Colosseum Slavers","floor":28,"turns":1},{"damage":0,"enemies":"Colosseum Nobs","floor":28,"turns":2},{"damage":1,"enemies":"Cultist and Chosen","floor":31,"turns":4},{"damage":0,"enemies":"Automaton","floor":33,"turns":5},{"damage":13,"enemies":"3 Darklings","floor":35,"turns":4},{"damage":6,"enemies":"3 Shapes","floor":38,"turns":1},{"damage":0,"enemies":"Nemesis","floor":40,"turns":3},{"damage":0,"enemies":"Giant Head","floor":46,"turns":4},{"damage":0,"enemies":"Giant Head","floor":48,"turns":7},{"damage":12,"enemies":"Time Eater","floor":50,"turns":3},{"damage":0,"enemies":"Shield and Spear","floor":54,"turns":1},{"damage":26,"enemies":"The Heart","floor":55,"turns":6}],"seed_played":"7293924339154198410","potions_obtained":[{"floor":5,"key":"Explosive Potion"},{"floor":5,"key":"PanachePotion"},{"floor":7,"key":"PowerPotion"},{"floor":7,"key":"Explosive Potion"},{"floor":16,"key":"SpeedPotion"},{"floor":18,"key":"Swift Potion"},{"floor":18,"key":"FearPotion"},{"floor":25,"key":"CalmPotion"},{"floor":27,"key":"SteroidPotion"},{"floor":27,"key":"ExcitationPotion"},{"floor":35,"key":"Explosive Potion"},{"floor":38,"key":"Guardian:BlockOnCardUsePotion"},{"floor":54,"key":"PowerPotion"},{"floor":54,"key":"EntropicBrew"}],"is_trial":false,"path_per_floor":["M","$","?","?","M","R","E","R","T","$","?","T","?","M","R","B",null,"M","?","$","M","?","E","T","M","T","E","?","R","$","M","R","B",null,"M","?","$","M","$","E","?","R","T","T","R","E","$","?","R","B",null,"R","$","E","B",null],"character_chosen":"WATCHER","items_purchased":["PreservedInsect","Ice Cream","Enlightenment","Mummified Hand","Devotion","HandDrill","ReachHeaven+1","Toy Ornithopter","Guardian:PocketSentry","Toolbox","Kunai","Vault","Bottled Tornado","TheAbacus","DollysMirror","Juzu Bracelet","Question Card","Thinking Ahead","Deep Breath","Tantrum+1","Blood Vial","Shovel","Brilliance+1","Protect","FlurryOfBlows+1","Apotheosis","Unceasing Top","Medical Kit","Regal Pillow","Vault","Tea:ReiMu","Mango","DeusExMachina","WindmillStrike+1","ReachHeaven+1","PowerPotion"],"campfire_rested":0,"item_purchase_floors":[2,2,2,10,10,10,20,20,20,20,30,30,30,30,37,37,37,37,37,37,39,39,39,39,39,47,47,47,47,47,53,53,53,53,53,53],"current_hp_per_floor":[58,58,58,58,58,58,53,53,53,53,53,53,47,47,47,21,60,60,60,60,59,59,60,60,60,60,48,48,48,48,47,47,47,60,47,37,37,36,36,38,38,38,38,38,38,47,47,67,67,55,67,67,81,81,76],"gold":38,"neow_bonus":"ONE_RARE_RELIC","is_daily":false,"chose_seed":false,"campfire_upgraded":6,"win_rate":0.0,"timestamp":1613535573,"path_taken":["M","$","?","?","M","R","E","R","T","$","?","?","?","?","R","BOSS","M","?","$","?","?","E","?","?","T","E","?","R","$","M","R","BOSS","M","?","$","M","$","E","?","R","T","?","R","E","$","?","R","BOSS","R","$","E","BOSS"],"items_purchased_type":["Relic","Relic","Card","Relic","Card","Relic","Card","Relic","Relic","Relic","Relic","Card","Relic","Relic","Relic","Relic","Relic","Card","Card","Card","Relic","Relic","Card","Card","Card","Card","Relic","Relic","Relic","Card","Relic","Relic","Card","Card","Card","Potion"],"build_version":"2020-12-22","purchased_purges":6,"victory":true,"max_hp_per_floor":[65,65,65,60,60,60,60,60,60,60,60,60,60,60,60,60,60,60,60,60,60,60,60,60,60,60,60,60,60,60,60,60,60,60,60,60,60,60,60,60,60,60,60,60,60,67,67,67,67,67,67,67,81,81,81],"card_choices":[{"not_picked":["PathToVictory","FollowUp"],"picked":"Consecrate","floor":1},{"not_picked":["EmptyBody","TalkToTheHand"],"picked":"BattleHymn","floor":5},{"not_picked":["Pray","FlyingSleeves","ThirdEye"],"picked":"SKIP","floor":7},{"not_picked":["CutThroughFate+1","SashWhip+1"],"picked":"Consecrate+1","floor":14},{"not_picked":["Scrawl","DevaForm"],"picked":"Ragnarok+1","floor":16},{"not_picked":["ThirdEye","ClearTheMind"],"picked":"Evaluate","floor":18},{"not_picked":["InnerPeace","Pray"],"picked":"FlurryOfBlows+1","floor":21},{"not_picked":["Fasting2","Meditate"],"picked":"Vault","floor":23},{"not_picked":["BowlingBash+1","FearNoEvil+1","ThirdEye"],"picked":"SKIP","floor":25},{"not_picked":["Fasting2","PathToVictory+1","Pray+1"],"picked":"SKIP","floor":27},{"not_picked":["WreathOfFlame","CrushJoints+1"],"picked":"WindmillStrike+1","floor":28},{"not_picked":["EmptyBody","FlurryOfBlows+1"],"picked":"Crescendo+1","floor":31},{"not_picked":["Establishment","Omniscience"],"picked":"Brilliance+1","floor":33},{"not_picked":["Prostrate","Pray+1"],"picked":"ReachHeaven+1","floor":35},{"not_picked":["Secret Weapon","Transmutation"],"picked":"Dramatic Entrance+1","floor":36},{"not_picked":["Jack Of All Trades","PanicButton"],"picked":"Panacea","floor":36},{"not_picked":["The Bomb","Enlightenment"],"picked":"Impatience","floor":36},{"not_picked":["SashWhip+1","EmptyFist+1","Prostrate","Perseverance"],"picked":"SKIP","floor":38},{"not_picked":["CutThroughFate+1","EmptyFist+1","WaveOfTheHand+1"],"picked":"Sanctity+1","floor":40},{"not_picked":["Consecrate+1","MasterReality","EmptyBody+1"],"picked":"Establishment","floor":46},{"not_picked":["Vengeance","Consecrate+1","Prostrate"],"picked":"Perseverance+1","floor":48},{"not_picked":["Collect+1","ConjureBlade","FollowUp+1"],"picked":"SignatureMove+1","floor":54}],"player_experience":412964,"relics_obtained":[{"floor":7,"key":"Potion Belt"},{"floor":9,"key":"CrazyTorch:ReiMu"},{"floor":12,"key":"Molten Egg 2"},{"floor":23,"key":"MawBank"},{"floor":26,"key":"Tiny Chest"},{"floor":27,"key":"Ancient Tea Set"},{"floor":28,"key":"Torii"},{"floor":28,"key":"Bottled Lightning"},{"floor":40,"key":"Matryoshka"},{"floor":43,"key":"Nunchaku"},{"floor":44,"key":"RuthlessExorcism:ReiMu"},{"floor":44,"key":"Dream Catcher"},{"floor":46,"key":"Strawberry"},{"floor":49,"key":"Letter Opener"},{"floor":52,"key":"Sundial"},{"floor":54,"key":"HornCleat"}],"event_choices":[{"damage_healed":0,"gold_gain":0,"player_choice":"Box","damage_taken":0,"relics_obtained":["Mercury Hourglass"],"max_hp_gain":0,"max_hp_loss":0,"event_name":"Big Fish","floor":3,"gold_loss":0,"cards_obtained":["Regret"]},{"damage_healed":0,"gold_gain":0,"player_choice":"Lose Max HP","damage_taken":0,"relics_obtained":["Golden Idol"],"max_hp_gain":0,"max_hp_loss":5,"event_name":"Golden Idol","floor":4,"gold_loss":0},{"damage_healed":0,"gold_gain":75,"player_choice":"Touch","damage_taken":6,"max_hp_gain":0,"max_hp_loss":0,"event_name":"FaceTrader","floor":13,"gold_loss":0},{"damage_healed":0,"gold_gain":0,"player_choice":"Bought 0 Potions","damage_taken":0,"max_hp_gain":0,"max_hp_loss":0,"event_name":"The Woman in Blue","floor":19,"gold_loss":0},{"damage_healed":0,"gold_gain":0,"player_choice":"Stole Relic","damage_taken":0,"relics_obtained":["Omamori"],"max_hp_gain":0,"max_hp_loss":0,"event_name":"Addict","floor":22,"gold_loss":0,"cards_obtained":["Shame"]},{"damage_healed":0,"gold_gain":0,"player_choice":"Fight","damage_taken":0,"max_hp_gain":0,"max_hp_loss":0,"event_name":"Colosseum","floor":28,"gold_loss":0},{"damage_healed":0,"gold_gain":0,"player_choice":"Fought Nobs","damage_taken":0,"max_hp_gain":0,"max_hp_loss":0,"event_name":"Colosseum","floor":28,"gold_loss":0},{"damage_healed":0,"gold_gain":0,"player_choice":"Memory 3","damage_taken":10,"max_hp_gain":0,"max_hp_loss":0,"event_name":"SensoryStone","floor":36,"gold_loss":0},{"damage_healed":0,"gold_gain":0,"player_choice":"Ignored","damage_taken":0,"max_hp_gain":0,"max_hp_loss":0,"event_name":"NoteForYourself","floor":41,"gold_loss":0}],"is_beta":false,"boss_relics":[{"not_picked":["Busted Crown","Sozu"],"picked":"SacredBark"},{"not_picked":["Empty Cage","Pandora\u0027s Box"],"picked":"bronze:MakeshiftBattery"}],"items_purged_floors":[20,20,20,20,30,37],"is_endless":false,"potions_floor_spawned":[5,5,7,7,16,18,18,25,27,27,28,31,33,35,38,38,40,46,46,48,54,54],"ascension_level":0}}