{"host":"2e3z4r48quhw80cc","time":1613542515,"event":{"mods":["BaseMod","Minty Spire (QoL Compilation)","Quick Restart","StSLib","SuperFastMode"],"gold_per_floor":[112,123,123,123,198,198,242,280,280,318,318,356,392,433,433,528,528,551,551,551,137,148,178,178,203,229,258,41,74,74,106,106,183,183,197,197,216,263,60,60,91,119,119,153,153,28,53,84,84,84,84],"floor_reached":52,"language":"KOR","playtime":2834,"items_purged":["Go for the Eyes","Ball Lightning","Cold Snap"],"score":2939,"play_id":"b752cce8-97f2-4fc8-b4c9-9414ddade03d","local_time":"20210217151515","daily_mods":["SealedDeck","Vintage","Heirloom","Time Dilation","Flight","DeadlyEvents","Elite Swarm"],"is_ascension_mode":true,"campfire_choices":[{"floor":6.0,"key":"REST"},{"data":"Defragment","floor":11.0,"key":"SMITH"},{"data":"Buffer","floor":15.0,"key":"SMITH"},{"data":"Creative AI","floor":24.0,"key":"SMITH"},{"data":"Fission","floor":30.0,"key":"SMITH"},{"floor":32.0,"key":"DIG"},{"floor":40.0,"key":"DIG"},{"data":"Rainbow","floor":49.0,"key":"SMITH"}],"circlet_count":0,"master_deck":["AscendersBane","Ball Lightning+1","Conserve Battery","Lockon","Ball Lightning+1","White Noise","Defragment+1","Glacier","Echo Form","Machine Learning","Seek","Rainbow+1","Buffer+1","Core Surge","Fission+1","CurseOfTheBell","Defragment","FTL","Creative AI+1","Biased Cognition","Buffer","Fission","Seek","Heatsinks","Chaos","Reboot","Capacitor","Buffer","Meteor Strike"],"relics":["Cracked Core","Unceasing Top","Du-Vu Doll","Incense Burner","Bloody Idol","Potion Belt","StoneCalendar","Girya","Strawberry","Centennial Puzzle","Oddly Smooth Stone","FossilizedHelix","Calling Bell","DataDisk","Pantograph","Shovel","Question Card","OrangePellets","Regal Pillow","Orichalcum","Lizard Tail","Smiling Mask","Bird Faced Urn","ClockworkSouvenir","Bronze Scales","Darkstone Periapt","Coffee Dripper","Eternal Feather","InkBottle","Ice Cream","Bottled Flame","Letter Opener","Gremlin Horn","PreservedInsect","Pen Nib","Gambling Chip","Meat on the Bone","Thread and Needle"],"acts_visited":["Exordium","TheCity","TheBeyond"],"potions_floor_usage":[51,51],"damage_taken":[{"damage":0.0,"enemies":"Jaw Worm","floor":1.0,"turns":3.0},{"damage":0.0,"enemies":"Small Slimes","floor":2.0,"turns":2.0},{"damage":1.0,"enemies":"Gremlin Nob","floor":7.0,"turns":3.0},{"damage":10.0,"enemies":"3 Sentries","floor":8.0,"turns":5.0},{"damage":8.0,"enemies":"Gremlin Nob","floor":10.0,"turns":3.0},{"damage":0.0,"enemies":"Lagavulin","floor":12.0,"turns":4.0},{"damage":4.0,"enemies":"Gremlin Nob","floor":13.0,"turns":3.0},{"damage":2.0,"enemies":"3 Sentries","floor":14.0,"turns":5.0},{"damage":0.0,"enemies":"Slime Boss","floor":16.0,"turns":7.0},{"damage":0.0,"enemies":"Chosen","floor":18.0,"turns":3.0},{"damage":0.0,"enemies":"Spheric Guardian","floor":22.0,"turns":4.0},{"damage":12.0,"enemies":"Gremlin Leader","floor":23.0,"turns":7.0},{"damage":14.0,"enemies":"Slavers","floor":25.0,"turns":5.0},{"damage":0.0,"enemies":"Gremlin Leader","floor":27.0,"turns":6.0},{"damage":14.0,"enemies":"Slavers","floor":29.0,"turns":6.0},{"damage":12.0,"enemies":"Gremlin Leader","floor":31.0,"turns":6.0},{"damage":0.0,"enemies":"Collector","floor":33.0,"turns":11.0},{"damage":9.0,"enemies":"3 Darklings","floor":35.0,"turns":6.0},{"damage":0.0,"enemies":"3 Shapes","floor":37.0,"turns":2.0},{"damage":13.0,"enemies":"2 Orb Walkers","floor":38.0,"turns":5.0},{"damage":0.0,"enemies":"Giant Head","floor":41.0,"turns":8.0},{"damage":0.0,"enemies":"Reptomancer","floor":42.0,"turns":6.0},{"damage":0.0,"enemies":"Giant Head","floor":44.0,"turns":6.0},{"damage":14.0,"enemies":"Nemesis","floor":47.0,"turns":5.0},{"damage":0.0,"enemies":"Giant Head","floor":48.0,"turns":6.0},{"damage":0.0,"enemies":"Donu and Deca","floor":50.0,"turns":6.0},{"damage":0,"enemies":"Time Eater","floor":51,"turns":8}],"seed_played":"7772294665309776488","potions_obtained":[{"floor":1.0,"key":"Regen Potion"},{"floor":7.0,"key":"SmokeBomb"},{"floor":12.0,"key":"Ancient Potion"},{"floor":16.0,"key":"Regen Potion"},{"floor":18.0,"key":"Fruit Juice"},{"floor":31.0,"key":"SpeedPotion"},{"floor":41.0,"key":"LiquidBronze"},{"floor":44.0,"key":"EssenceOfSteel"},{"floor":47.0,"key":"FocusPotion"},{"floor":48.0,"key":"LiquidMemories"}],"is_trial":true,"path_per_floor":["M","M","?","?","?","R","E","E","T","E","R","E","E","E","R","B",null,"M","?","?","$","M","E","R","E","T","E","$","E","R","E","R","B",null,"M","?","M","?","$","R","E","E","T","E","T","$","E","E","R","B","B",null],"character_chosen":"DEFECT","items_purchased":["OrangePellets","Defragment","FTL","ClockworkSouvenir","Heatsinks","Chaos","ColorlessPotion","Capacitor"],"campfire_rested":1,"item_purchase_floors":[21,21,21,28,39,39,39,46],"current_hp_per_floor":[64,64,43,19,8,29,28,18,18,17,17,17,13,25,25,25,65,70,70,70,70,75,68,68,73,78,83,83,83,83,83,83,83,83,83,83,83,83,83,83,83,83,83,83,83,83,83,83,83,83,83],"gold":84,"neow_bonus":"","is_daily":false,"chose_seed":false,"campfire_upgraded":5,"win_rate":0.0,"timestamp":1613542515,"path_taken":["M","M","?","?","?","R","E","E","T","E","R","E","E","E","R","BOSS","M","?","?","$","?","E","R","E","T","E","?","E","R","E","R","BOSS","M","?","?","?","$","R","E","E","T","?","?","?","E","E","R","BOSS","BOSS"],"items_purchased_type":["Relic","Card","Card","Relic","Card","Card","Potion","Card"],"build_version":"2020-12-22","purchased_purges":3,"victory":true,"max_hp_per_floor":[71,71,71,71,71,71,71,71,71,78,78,78,78,78,78,78,78,83,83,83,83,83,83,83,83,83,83,83,83,83,83,83,83,83,83,83,83,83,83,83,83,83,83,83,83,83,83,83,83,83,83],"card_choices":[{"not_picked":["Multi-Cast","Hyperbeam"],"picked":"Echo Form","floor":7.0},{"not_picked":["Thunder Strike","Reboot"],"picked":"Machine Learning","floor":8.0},{"not_picked":["Hyperbeam","Fission"],"picked":"Seek","floor":10.0},{"not_picked":["Multi-Cast","Echo Form"],"picked":"Rainbow","floor":12.0},{"not_picked":["Meteor Strike","Reboot"],"picked":"Buffer","floor":13.0},{"not_picked":["Hyperbeam","Multi-Cast"],"picked":"Core Surge","floor":14.0},{"not_picked":["Reboot","Machine Learning"],"picked":"Fission","floor":16.0},{"not_picked":["Hyperbeam","Amplify","Echo Form"],"picked":"Creative AI","floor":23.0},{"not_picked":["Multi-Cast","Core Surge","Hyperbeam","Reboot"],"picked":"SKIP","floor":25.0},{"not_picked":["Thunder Strike","Echo Form","Machine Learning"],"picked":"Biased Cognition","floor":27.0},{"not_picked":["Creative AI","All For One","Fission"],"picked":"Buffer","floor":29.0},{"not_picked":["Hyperbeam","Machine Learning","Reboot"],"picked":"Fission","floor":31.0},{"not_picked":["Fission","Reboot","Echo Form"],"picked":"Seek","floor":33.0},{"not_picked":["Creative AI","Machine Learning","Seek","Reboot"],"picked":"SKIP","floor":41.0},{"not_picked":["Reboot","Meteor Strike","Fission","Thunder Strike"],"picked":"SKIP","floor":42.0},{"not_picked":["Meteor Strike","Fission","Thunder Strike"],"picked":"Reboot","floor":42.0},{"not_picked":["Reboot","Multi-Cast","Hyperbeam","Echo Form"],"picked":"SKIP","floor":44.0},{"not_picked":["Rainbow","Biased Cognition","Seek"],"picked":"Buffer","floor":47.0},{"not_picked":["Reboot","Electrodynamics","Echo Form"],"picked":"Meteor Strike","floor":48.0}],"player_experience":197805,"relics_obtained":[{"floor":1.0,"key":"Du-Vu Doll"},{"floor":2.0,"key":"Incense Burner"},{"floor":7.0,"key":"Potion Belt"},{"floor":8.0,"key":"StoneCalendar"},{"floor":9.0,"key":"Girya"},{"floor":10.0,"key":"Strawberry"},{"floor":12.0,"key":"Centennial Puzzle"},{"floor":13.0,"key":"Oddly Smooth Stone"},{"floor":14.0,"key":"FossilizedHelix"},{"floor":17.0,"key":"DataDisk"},{"floor":17.0,"key":"Pantograph"},{"floor":17.0,"key":"Shovel"},{"floor":18.0,"key":"Question Card"},{"floor":22.0,"key":"Regal Pillow"},{"floor":23.0,"key":"Orichalcum"},{"floor":25.0,"key":"Lizard Tail"},{"floor":26.0,"key":"Smiling Mask"},{"floor":27.0,"key":"Bird Faced Urn"},{"floor":29.0,"key":"Bronze Scales"},{"floor":32.0,"key":"Darkstone Periapt"},{"floor":35.0,"key":"Eternal Feather"},{"floor":37.0,"key":"InkBottle"},{"floor":38.0,"key":"Ice Cream"},{"floor":40.0,"key":"Bottled Flame"},{"floor":41.0,"key":"Letter Opener"},{"floor":42.0,"key":"Gremlin Horn"},{"floor":43.0,"key":"PreservedInsect"},{"floor":44.0,"key":"Pen Nib"},{"floor":45.0,"key":"Gambling Chip"},{"floor":47.0,"key":"Meat on the Bone"},{"floor":48.0,"key":"Thread and Needle"}],"event_choices":[{"damage_healed":0.0,"max_hp_gain":0.0,"max_hp_loss":0.0,"gold_gain":0.0,"event_name":"Shining Light","player_choice":"Entered Light","floor":3.0,"gold_loss":0.0,"damage_taken":21.0,"cards_upgraded":["Ball Lightning","Ball Lightning"]},{"damage_healed":0.0,"max_hp_gain":0.0,"max_hp_loss":0.0,"gold_gain":0.0,"event_name":"Golden Idol","player_choice":"Take Damage","floor":4.0,"gold_loss":0.0,"damage_taken":24.0,"relics_obtained":["Golden Idol"]},{"damage_healed":0.0,"max_hp_gain":0.0,"max_hp_loss":0.0,"gold_gain":75.0,"event_name":"World of Goop","player_choice":"Gather Gold","floor":5.0,"gold_loss":0.0,"damage_taken":11.0},{"damage_healed":0.0,"max_hp_gain":0.0,"max_hp_loss":0.0,"gold_gain":0.0,"event_name":"Vampires","player_choice":"Ignored","floor":19.0,"gold_loss":0.0,"damage_taken":0.0},{"damage_healed":0.0,"max_hp_gain":0.0,"max_hp_loss":0.0,"gold_gain":0.0,"event_name":"Forgotten Altar","player_choice":"Gave Idol","floor":20.0,"relics_lost":["Golden Idol"],"gold_loss":0.0,"damage_taken":0.0,"relics_obtained":["Bloody Idol"]},{"damage_healed":0.0,"max_hp_gain":0.0,"max_hp_loss":0.0,"gold_gain":0.0,"event_name":"Tomb of Lord Red Mask","player_choice":"Ignored","floor":36.0,"gold_loss":0.0,"damage_taken":0.0},{"damage_healed":0.0,"max_hp_gain":0.0,"max_hp_loss":0.0,"gold_gain":0.0,"event_name":"Mysterious Sphere","player_choice":"Fight","floor":38.0,"gold_loss":0.0,"damage_taken":0.0}],"is_beta":false,"boss_relics":[{"not_picked":["Fusion Hammer","Snecko Eye"],"picked":"Calling Bell"},{"not_picked":["Cursed Key","FrozenCore"],"picked":"Coffee Dripper"}],"items_purged_floors":[21,28,46],"is_endless":false,"potions_floor_spawned":[1,7,12,16,18,31,41,44,47,48],"ascension_level":20}}