{"host":"dh4nu8nelr2izibb","time":1613604695,"event":{"mods":["BaseMod","Better Skull","Better Third Choice","Card Filter","Card Forge","Curses Come First","Displayed Cursed Tome","HololiveMod","Marisa????????","Minty Spire (QoL Compilation)","Poor People Problems","Quick Restart","Relic Filter","Reliquary","StSLib","The Servant 0.9.4","WarShipGirlsR/????R mod","Yakumo Yukari mod"],"gold_per_floor":[110,123,139,154,218,218,244,261,316,351,4,4,14,14,14,91,91,106,106,156,170,170,170,170,170],"floor_reached":24,"language":"ENG","playtime":721,"items_purged":["Defend_G"],"score":416,"play_id":"5e77dde9-9c87-4d71-b2b4-d4ec63c1c76a","local_time":"20210217183135","is_ascension_mode":true,"campfire_choices":[{"data":"Dagger Spray","floor":6,"key":"SMITH"},{"data":"Noxious Fumes","floor":12,"key":"SMITH"},{"floor":15,"key":"REST"},{"data":"Eviscerate","floor":23,"key":"SMITH"}],"circlet_count":0,"master_deck":["AscendersBane","Strike_G","Strike_G","Strike_G","Defend_G","Defend_G","Defend_G","Survivor","Neutralize+1","Dagger Spray+1","Dagger Throw","Dash","Dash","Flying Knee","Noxious Fumes+1","Eviscerate+1"],"relics":["Ring of the Snake","Hammer of Thor","Seething Fire","Anvil of the Gods","Snake Skull","Omamori","reliquary:Sideboard","Eternal Feather","Sozu"],"acts_visited":["Exordium","TheCity"],"potions_floor_usage":[4,10,16,22],"damage_taken":[{"damage":3,"enemies":"Jaw Worm","floor":1,"turns":6},{"damage":3,"enemies":"Small Slimes","floor":2,"turns":3},{"damage":0,"enemies":"2 Louse","floor":3,"turns":2},{"damage":1,"enemies":"Large Slime","floor":4,"turns":5},{"damage":25,"enemies":"Lagavulin","floor":7,"turns":9},{"damage":0,"enemies":"Looter","floor":8,"turns":3},{"damage":23,"enemies":"Gremlin Nob","floor":10,"turns":4},{"damage":0,"enemies":"Blue Slaver","floor":13,"turns":4},{"damage":16,"enemies":"Hexaghost","floor":16,"turns":9},{"damage":11,"enemies":"Shell Parasite","floor":18,"turns":4},{"damage":9,"enemies":"Spheric Guardian","floor":21,"turns":4},{"damage":0,"enemies":"Shelled Parasite and Fungi","floor":22,"turns":1},{"damage":4,"enemies":"Book of Stabbing","floor":24,"turns":2}],"seed_played":"9105312395698754794","potions_obtained":[{"floor":1,"key":"SmokeBomb"},{"floor":2,"key":"ColorlessPotion"},{"floor":7,"key":"FearPotion"},{"floor":10,"key":"AttackPotion"}],"is_trial":false,"path_per_floor":["M","M","M","M","?","R","E","M","T","E","$","R","M","?","R","B",null,"M","?","?","M","M","R","E"],"character_chosen":"THE_SILENT","items_purchased":["Eternal Feather"],"campfire_rested":1,"item_purchase_floors":[11],"current_hp_per_floor":[56,53,53,52,52,52,27,27,27,4,4,13,13,13,41,25,56,45,45,45,36,36,45,41,41],"gold":170,"neow_bonus":"THREE_CARDS","is_daily":false,"chose_seed":false,"campfire_upgraded":3,"win_rate":0.0,"timestamp":1613604695,"path_taken":["M","M","M","M","?","R","E","M","T","E","$","R","M","?","R","BOSS","M","?","?","M","M","R","E"],"items_purchased_type":["Relic"],"build_version":"2020-12-22","purchased_purges":1,"victory":false,"max_hp_per_floor":[66,66,66,66,66,66,66,66,66,66,66,66,66,66,66,66,66,66,66,66,66,66,66,66,66],"card_choices":[{"not_picked":["Deadly Poison","Dagger Throw"],"picked":"Dagger Spray","floor":0},{"not_picked":["Expertise","Setup","Dodge and Roll"],"picked":"SKIP","floor":1},{"not_picked":["All Out Attack","Setup"],"picked":"Dagger Throw","floor":2},{"not_picked":["Deadly Poison","Outmaneuver"],"picked":"Dash","floor":3},{"not_picked":["Expertise","Dash","Dodge and Roll"],"picked":"SKIP","floor":4},{"not_picked":["Expertise","Dodge and Roll"],"picked":"Dash","floor":4},{"not_picked":["Acrobatics","Masterful Stab"],"picked":"Flying Knee","floor":7},{"not_picked":["Acrobatics","Deadly Poison"],"picked":"Noxious Fumes","floor":8},{"not_picked":["Dash","Dodge and Roll","Grand Finale"],"picked":"SKIP","floor":10},{"not_picked":["Deflect","Acrobatics"],"picked":"Sucker Punch","floor":13},{"not_picked":["Tools of the Trade","Night Terror"],"picked":"Malaise","floor":16},{"not_picked":["Quick Slash","Setup"],"picked":"Sucker Punch","floor":18},{"not_picked":["Outmaneuver","Grand Finale"],"picked":"Acrobatics","floor":21}],"player_experience":1185301,"relics_obtained":[{"floor":7,"key":"Snake Skull"},{"floor":9,"key":"Omamori"},{"floor":10,"key":"reliquary:Sideboard"}],"event_choices":[{"damage_healed":0,"gold_gain":64,"player_choice":"Gained Gold","damage_taken":0,"max_hp_gain":0,"max_hp_loss":0,"event_name":"Golden Wing","floor":5,"gold_loss":0},{"damage_healed":0,"gold_gain":0,"cards_transformed":["Strike_G"],"player_choice":"Change","damage_taken":0,"max_hp_gain":0,"max_hp_loss":0,"event_name":"Living Wall","floor":14,"gold_loss":0,"cards_obtained":["Eviscerate"]},{"damage_healed":0,"gold_gain":0,"player_choice":"Ignored","damage_taken":0,"max_hp_gain":0,"max_hp_loss":0,"event_name":"Beggar","floor":19,"gold_loss":0},{"damage_healed":0,"gold_gain":50,"player_choice":"Steal","damage_taken":0,"max_hp_gain":0,"max_hp_loss":0,"event_name":"betterThird:BetterNest","floor":20,"gold_loss":0}],"is_beta":false,"boss_relics":[{"not_picked":["Hololive_Finger","reliquary:RustamsPendant"],"picked":"Sozu"}],"items_purged_floors":[11],"is_endless":false,"potions_floor_spawned":[1,2,3,7,10,18,21],"killed_by":"Book of Stabbing","ascension_level":20}}