{"host":"rs1c3lkx7vj3kohb","time":1613547762,"event":{"mods":["Act Like it!","BaseMod","BetterRewards","Chen","Colored Map","Colored Powertips","Downfall","Friendly Minions","Gensokyo","Gremlin Mod","Hermit","Hero for Fun","KinomotoSakuraMod(木之本樱)","Koishi","KomeijiMod","Luminous","Marisa（F雨　魔理沙）","Minty Spire (QoL Compilation)","Onozuka Komachi Mod","Prisma Mod","Quick Restart","Reimu（博丽灵梦）","Remilia（蕾米莉亚）","SOS（斯巴达之子）","Shop Mod","StSLib","The Administrix","The Alterego","The Cursed","The Senshi","The Servant 0.9.4","Waifu the Spire","WarShipGirlsR/战舰少女R mod","Yakumo Yukari mod","Yohane!","Youmu（魂魄妖梦）","Yuri Mod","Yuyuko"],"gold_per_floor":[149,99,160,160,176,509,509,22,22,73,109,140,173,186,186,286,286,302,360,360,285,346,406,406,406,406,476,476,448,513,578,578,703,703,766,806,282,282,282,282,364,411,411,425,425,454,10,66,66,104],"floor_reached":51,"language":"ZHS","playtime":5340,"items_purged":["Defend_Dante"],"score":883,"play_id":"eaeca3f2-1d90-4946-a135-9b603385f064","local_time":"20210217154242","is_ascension_mode":false,"campfire_choices":[{"data":"SSScard","floor":7.0,"key":"SMITH"},{"data":"Trickster","floor":15.0,"key":"SMITH"},{"data":"Provocation","floor":25.0,"key":"SMITH"},{"floor":28.0,"key":"REST"},{"data":"Attack_b","floor":32.0,"key":"SMITH"},{"data":"Swordcombo","floor":40.0,"key":"SMITH"},{"floor":45.0,"key":"DIG"},{"floor":49,"key":"DIG"}],"circlet_count":0,"master_deck":["Attack_a","Attack_a","Attack_b+1","Provocation+1","Redorb","Swordcombo","Trickster+1","SSScard+1","Chargeshoot","Swordcombo+1","Weaponchange+1","Greenorb+1","LucifercomboB","VitalstarL+1","LucifercomboB+1","Swordmaster+1","Dash2+1","Dash2+1","Dash2+1","Dash2+1","DevilstarL+1","BeastUppercut+1","Gilgamesh","Royaldefend+1","Dash2+1","Lucifer"],"relics":["SSS","Combocheck","TentaclePot:ReiMu","WingedGreaves","Old Coin","Toxic Egg 2","Cauldron","yuri:PortableGlitches","CrazyTorch:ReiMu","SlaversCollar","HornCleat","Mummified Hand","Omamori","Philosopher\u0027s Stone","Lee\u0027s Waffle","TungstenRod","Bottled Flame","Shovel","The Courier","HandDrill","Bag of Preparation","Nunchaku","RuthlessExorcism:ReiMu"],"acts_visited":["Exordium","TheCity","TheBeyond"],"potions_floor_usage":[],"damage_taken":[{"damage":5.0,"enemies":"Jaw Worm","floor":1.0,"turns":3.0},{"damage":0.0,"enemies":"Cultist","floor":3.0,"turns":2.0},{"damage":0.0,"enemies":"2 Louse","floor":5.0,"turns":1.0},{"damage":22.0,"enemies":"Gremlin Nob","floor":6.0,"turns":3.0},{"damage":2.0,"enemies":"Exordium Wildlife","floor":10.0,"turns":2.0},{"damage":3.0,"enemies":"3 Louse","floor":11.0,"turns":1.0},{"damage":0.0,"enemies":"2 Fungi Beasts","floor":12.0,"turns":2.0},{"damage":9.0,"enemies":"Lagavulin","floor":13.0,"turns":3.0},{"damage":3.0,"enemies":"Blue Slaver","floor":14.0,"turns":2.0},{"damage":0.0,"enemies":"Slime Boss","floor":16.0,"turns":2.0},{"damage":6.0,"enemies":"Shell Parasite","floor":18.0,"turns":2.0},{"damage":23.0,"enemies":"2 Thieves","floor":19.0,"turns":3.0},{"damage":0.0,"enemies":"3 Cultists","floor":22.0,"turns":2.0},{"damage":46.0,"enemies":"Slavers","floor":23.0,"turns":3.0},{"damage":0.0,"enemies":"Gremlin Leader","floor":27.0,"turns":1.0},{"damage":3.0,"enemies":"Cultist and Chosen","floor":29.0,"turns":3.0},{"damage":0.0,"enemies":"Snecko","floor":30.0,"turns":2.0},{"damage":0.0,"enemies":"Snake Plant","floor":31.0,"turns":1.0},{"damage":1.0,"enemies":"Automaton","floor":33.0,"turns":2.0},{"damage":0.0,"enemies":"Orb Walker","floor":35.0,"turns":2.0},{"damage":12.0,"enemies":"3 Shapes","floor":36.0,"turns":4.0},{"damage":0.0,"enemies":"Nemesis","floor":41.0,"turns":2.0},{"damage":0.0,"enemies":"Maw","floor":42.0,"turns":2.0},{"damage":0.0,"enemies":"3 Darklings","floor":44.0,"turns":2.0},{"damage":0,"enemies":"Jaw Worm Horde","floor":46,"turns":2},{"damage":0,"enemies":"Transient","floor":48,"turns":4},{"damage":6,"enemies":"Donu and Deca","floor":50,"turns":3}],"seed_played":"-5638507434768446574","potions_obtained":[{"floor":5.0,"key":"PowerPotion"},{"floor":8.0,"key":"Strength Potion"},{"floor":8.0,"key":"Swift Potion"},{"floor":8.0,"key":"DistilledChaos"},{"floor":10.0,"key":"Swift Potion"},{"floor":13.0,"key":"SteroidPotion"},{"floor":16.0,"key":"Ancient Potion"},{"floor":29.0,"key":"DistilledChaos"},{"floor":33.0,"key":"AttackPotion"},{"floor":41.0,"key":"PowerPotion"},{"floor":42.0,"key":"JyouchiReiPotion"}],"is_trial":false,"path_per_floor":["M","?","M","?","M","E","R","$","T","M","M","M","E","M","R","B",null,"M","M","?","?","M","E","?","R","T","E","R","M","M","M","R","B",null,"M","M","$","?","?","R","E","M","T","M","R","M","$","M","R","B",null],"character_chosen":"DANTE","items_purchased":["Swordcombo","TentaclePot:ReiMu","Trickster","Toxic Egg 2","Weaponchange+1","Greenorb+1","Cauldron","Gilgamesh","Lee\u0027s Waffle","TungstenRod","HandDrill","Bag of Preparation","Dash2+1","Nunchaku","Lucifer"],"campfire_rested":1,"item_purchase_floors":[0,0,0,8,8,8,8,37,37,37,47,47,47,47,47],"current_hp_per_floor":[39,39,39,39,39,17,17,17,17,20,24,28,28,33,33,38,80,74,53,53,53,61,17,17,17,17,17,41,65,73,79,79,80,80,80,70,87,87,87,87,87,87,87,87,87,87,87,87,87,85],"gold":104,"neow_bonus":"","is_daily":false,"chose_seed":false,"campfire_upgraded":5,"win_rate":0.0,"timestamp":1613547762,"path_taken":["M","?","M","?","M","E","R","$","T","M","M","M","E","M","R","BOSS","M","M","?","?","M","E","?","R","T","E","R","?","M","M","R","BOSS","M","M","$","?","?","R","E","M","T","M","R","M","$","M","R","BOSS"],"items_purchased_type":["Card","Relic","Card","Relic","Card","Card","Relic","Card","Relic","Relic","Relic","Relic","Card","Relic","Card"],"build_version":"2020-12-22","purchased_purges":1,"victory":true,"max_hp_per_floor":[80,80,80,80,80,80,80,80,80,80,80,80,80,80,80,80,80,80,80,80,80,80,80,80,80,80,80,80,80,80,80,80,80,80,80,80,87,87,87,87,87,87,87,87,87,87,87,87,87,87],"card_choices":[{"not_picked":["CoyoteA","Straight","VitalstarS"],"picked":"SKIP","floor":1.0},{"not_picked":["LucifercomboC","Rebellion"],"picked":"SSScard","floor":3.0},{"not_picked":["Weaponupgrade","Rebellion"],"picked":"Chargeshoot","floor":5.0},{"not_picked":["Doubleshoot","Whiteorb"],"picked":"Swordcombo","floor":6.0},{"not_picked":["Splesh","Holywater+1","Weaponchange+1"],"picked":"SKIP","floor":10.0},{"not_picked":["Honeycombofire+1","Chargeshoot2","Unrisingdragon"],"picked":"SKIP","floor":11.0},{"not_picked":["Royalguard+1","LucifercomboA"],"picked":"LucifercomboB","floor":12.0},{"not_picked":["VitalstarS+1","Pandora","Gilgamesh"],"picked":"SKIP","floor":13.0},{"not_picked":["Gilgamesh","Airhike+1","Dash1+1"],"picked":"SKIP","floor":14.0},{"not_picked":["DevilstarL+1","Goldorb+1"],"picked":"VitalstarL+1","floor":16.0},{"not_picked":["Kick13+1","VitalstarS+1"],"picked":"LucifercomboB+1","floor":18.0},{"not_picked":["Chargeshoot","Ecstasy+1","Kick13"],"picked":"SKIP","floor":19.0},{"not_picked":["Lucifer","LucifercomboD+1"],"picked":"Swordmaster+1","floor":22.0},{"not_picked":["Shock","Chargeshoot"],"picked":"Dash2+1","floor":23.0},{"not_picked":["Enemystep+1","Whiteorb+1"],"picked":"Dash2+1","floor":27.0},{"not_picked":["Millionkick+1","Dash1+1"],"picked":"Dash2+1","floor":29.0},{"not_picked":["Shock","Millionstab"],"picked":"Dash2+1","floor":30.0},{"not_picked":["Millionstab","Pandora","Unrisingdragon"],"picked":"SKIP","floor":31.0},{"not_picked":["Enemystep+1","VitalstarL+1"],"picked":"DevilstarL+1","floor":33.0},{"not_picked":["Ecstasy+1","Greenorb+1","Stinger"],"picked":"SKIP","floor":35.0},{"not_picked":["Straight+1","Weaponupgrade+1"],"picked":"BeastUppercut+1","floor":36.0},{"not_picked":["Shock+1","Dash1+1","Weaponchange+1"],"picked":"SKIP","floor":41.0},{"not_picked":["Fullhouse","Chargeshoot2","Doubleshoot"],"picked":"SKIP","floor":42.0},{"not_picked":["Millionkick","Stinger","Weaponupgrade+1"],"picked":"SKIP","floor":44.0},{"not_picked":["Millionkick+1","Greenorb+1"],"picked":"Royaldefend+1","floor":46},{"not_picked":["Weaponupgrade+1","Airhike+1","Rebellion+1"],"picked":"SKIP","floor":48}],"player_experience":487848,"relics_obtained":[{"floor":6.0,"key":"Old Coin"},{"floor":9.0,"key":"yuri:PortableGlitches"},{"floor":13.0,"key":"CrazyTorch:ReiMu"},{"floor":23.0,"key":"HornCleat"},{"floor":26.0,"key":"Mummified Hand"},{"floor":27.0,"key":"Omamori"},{"floor":41.0,"key":"Bottled Flame"},{"floor":43.0,"key":"Shovel"},{"floor":45.0,"key":"The Courier"},{"floor":49,"key":"RuthlessExorcism:ReiMu"}],"event_choices":[{"cards_removed":["Defend_Dante"],"damage_healed":0.0,"max_hp_gain":0.0,"max_hp_loss":0.0,"gold_gain":0.0,"event_name":"The Cleric","player_choice":"Card Removal","floor":2.0,"gold_loss":50.0,"damage_taken":0.0},{"cards_removed":["Defend_Dante"],"damage_healed":0.0,"max_hp_gain":0.0,"max_hp_loss":0.0,"gold_gain":0.0,"event_name":"Purifier","player_choice":"Purged","floor":4.0,"gold_loss":0.0,"damage_taken":0.0},{"cards_removed":["Defend_Dante"],"damage_healed":0.0,"max_hp_gain":0.0,"max_hp_loss":0.0,"gold_gain":0.0,"event_name":"Beggar","player_choice":"Gave Gold","floor":21.0,"gold_loss":75.0,"damage_taken":0.0},{"cards_removed":["Envy_TH"],"damage_healed":0.0,"max_hp_gain":0.0,"max_hp_loss":0.0,"gold_gain":0.0,"event_name":"Back to Basics","player_choice":"Elegance","floor":24.0,"gold_loss":0.0,"damage_taken":0.0},{"damage_healed":0.0,"max_hp_gain":0.0,"max_hp_loss":0.0,"gold_gain":0.0,"event_name":"OrinTheCat","player_choice":"Ignored","floor":38.0,"gold_loss":0.0,"damage_taken":0.0}],"is_beta":false,"boss_relics":[{"not_picked":["theSenshi:MoonKaleidoScopeRelic","Coffee Dripper"],"picked":"SlaversCollar"},{"not_picked":["Pandora\u0027s Box","SacredBark"],"picked":"Philosopher\u0027s Stone"}],"items_purged_floors":[0],"is_endless":false,"potions_floor_spawned":[5,10,13,16,29,33,41,42,46],"ascension_level":0}}