{"host":"4ml9yfuv9l3eue62","time":1613526640,"event":{"mods":["AchievementEnabler","BaseMod","Colored Map","Colored Powertips","Hermit","Lobotomy","Marisa£¨Ùöéë¡¡Øª×âÞÞ£©","Minty Spire (QoL Compilation)","StSLib","The Cursed","The Hierophant"],"gold_per_floor":[118,118,136,150,170,170,170],"floor_reached":6,"language":"KOR","playtime":191,"items_purged":[],"score":38,"play_id":"b0303434-d64a-4d00-b453-3cb7f65399bc","local_time":"20210217105040","is_ascension_mode":false,"campfire_choices":[],"circlet_count":0,"master_deck":["TheCursedMod:Strike_TheCursed","TheCursedMod:Strike_TheCursed","TheCursedMod:Strike_TheCursed","TheCursedMod:Strike_TheCursed","TheCursedMod:Defend_TheCursed","TheCursedMod:Defend_TheCursed","TheCursedMod:Defend_TheCursed","TheCursedMod:Defend_TheCursed","TheCursedMod:CursedWand","TheCursedMod:CleanUpWorkshop","TheCursedMod:Dregs","OSAHOGD","TheCursedMod:CursedBoomerang","Murderer","TheCursedMod:CursedMace","PunishingBird","TheCursedMod:HellfireBreathing","CrumblingArmor","TheCursedMod:Torture"],"relics":["TheCursedMod:BlackMagic101","CogitoBucket","Mercury Hourglass"],"acts_visited":["Exordium"],"potions_floor_usage":[],"damage_taken":[{"damage":0,"enemies":"Small Slimes","floor":1,"turns":4},{"damage":0,"enemies":"Cultist","floor":3,"turns":3},{"damage":7,"enemies":"2 Louse","floor":4,"turns":2},{"damage":8,"enemies":"Lots of Slimes","floor":5,"turns":3},{"damage":94,"enemies":"Lagavulin","floor":6,"turns":1}],"seed_played":"-4594067497770358626","potions_obtained":[{"floor":1,"key":"BlessingOfTheForge"},{"floor":3,"key":"TheCursedMod:DregsPotion"}],"is_trial":false,"path_per_floor":["M","?","M","M","M","E"],"character_chosen":"THE_CURSED","items_purchased":[],"campfire_rested":0,"item_purchase_floors":[],"current_hp_per_floor":[75,75,75,68,62,0,0],"gold":170,"neow_bonus":"","is_daily":false,"chose_seed":false,"campfire_upgraded":0,"win_rate":0.0,"timestamp":1613526640,"path_taken":["M","?","M","M","M","E"],"items_purchased_type":[],"build_version":"2020-12-22","purchased_purges":0,"victory":false,"max_hp_per_floor":[75,75,75,75,75,75,75],"card_choices":[{"not_picked":["WallGazer","Bloodbath"],"picked":"OSAHOGD","floor":1},{"not_picked":["TheCursedMod:Wield","TheCursedMod:CircleOfFlame"],"picked":"TheCursedMod:CursedBoomerang","floor":1},{"not_picked":["SingingMachine","Scorched"],"picked":"Murderer","floor":3},{"not_picked":["TheCursedMod:CursedAmulet","TheCursedMod:Mangle"],"picked":"TheCursedMod:CursedMace","floor":3},{"not_picked":["Bloodbath","OldLady","FairyFestival"],"picked":"Singing Bowl","floor":4},{"not_picked":["Porccubus","Rudolta"],"picked":"PunishingBird","floor":4},{"not_picked":["TheCursedMod:Evocation","TheCursedMod:CircleOfCorruption"],"picked":"TheCursedMod:HellfireBreathing","floor":4},{"not_picked":["BigBird","Funeral"],"picked":"CrumblingArmor","floor":5},{"not_picked":["TheCursedMod:Stigma","TheCursedMod:FleshFromBone"],"picked":"TheCursedMod:Torture","floor":5}],"player_experience":71958,"relics_obtained":[{"floor":2,"key":"Mercury Hourglass"}],"event_choices":[{"damage_healed":0,"gold_gain":0,"player_choice":"Relic","damage_taken":0,"max_hp_gain":0,"max_hp_loss":0,"event_name":"Wheel of Change","floor":2,"gold_loss":0}],"is_beta":false,"boss_relics":[],"items_purged_floors":[],"is_endless":false,"potions_floor_spawned":[1,3],"killed_by":"Lagavulin","ascension_level":0}}