{"host":"2dlnczw2d95qscnt","time":1613557291,"event":{"mods":["AchievementEnabler","BaseMod","Colored Map","Colored Powertips","Duelist Mod","GifTheSpireLib","Minty Spire (QoL Compilation)","StSLib"],"gold_per_floor":[134,166,180,130,305,353,353,388,388,388,388,419,419,452,452,452,452],"floor_reached":16,"language":"ENG","playtime":1315,"items_purged":[],"score":139,"play_id":"db5d7b3f-0e5c-46c4-907a-da8164bf867c","local_time":"20210217112131","is_ascension_mode":true,"campfire_choices":[{"data":"HandOfGreed","floor":7,"key":"SMITH"},{"floor":13,"key":"REST"},{"data":"Neutralize","floor":15,"key":"SMITH"}],"circlet_count":0,"master_deck":["Strike_G","Strike_G","Strike_G","Strike_G","Strike_G","Defend_G","Defend_G","Defend_G","Defend_G","Defend_G","Survivor","Neutralize+1","HandOfGreed+1","Deflect","Skewer","Doubt","Bouncing Flask","Poisoned Stab","Terror","PiercingWail"],"relics":["Ring of the Snake","Meat on the Bone","Gremlin Horn","Kunai","Tough Bandages","HornCleat","Ninja Scroll","Bottled Flame"],"acts_visited":["Exordium"],"potions_floor_usage":[6,16],"damage_taken":[{"damage":0,"enemies":"2 Louse","floor":1,"turns":2},{"damage":0,"enemies":"Small Slimes","floor":2,"turns":3},{"damage":9,"enemies":"Jaw Worm","floor":3,"turns":6},{"damage":34,"enemies":"Gremlin Nob","floor":6,"turns":5},{"damage":26,"enemies":"Lagavulin","floor":8,"turns":6},{"damage":8,"enemies":"Gremlin Nob","floor":12,"turns":5},{"damage":5,"enemies":"Lagavulin","floor":14,"turns":5},{"damage":42,"enemies":"The Guardian","floor":16,"turns":8}],"seed_played":"5200658067280714215","potions_obtained":[{"floor":1,"key":"Dexterity Potion"},{"floor":14,"key":"LiquidMemories"}],"is_trial":false,"path_per_floor":["M","M","M","?","?","E","R","E","T","?","T","E","R","E","R","B"],"character_chosen":"THE_SILENT","items_purchased":[],"campfire_rested":1,"item_purchase_floors":[],"current_hp_per_floor":[70,70,61,61,61,27,27,13,13,10,10,14,35,42,42,0,0],"gold":452,"neow_bonus":"RANDOM_COLORLESS_2","is_daily":false,"chose_seed":false,"campfire_upgraded":2,"win_rate":0.0,"timestamp":1613557291,"path_taken":["M","M","M","?","?","E","R","E","T","?","?","E","R","E","R","BOSS"],"items_purchased_type":[],"build_version":"2020-12-22","purchased_purges":0,"victory":false,"max_hp_per_floor":[70,70,70,70,70,70,70,70,70,70,70,70,70,70,70,70,70],"card_choices":[{"not_picked":["Chrysalis","Mayhem"],"picked":"HandOfGreed","floor":0},{"not_picked":["Dagger Throw","Flying Knee"],"picked":"Deflect","floor":1},{"not_picked":["Expertise","Caltrops","Riddle With Holes"],"picked":"SKIP","floor":2},{"not_picked":["Deflect","Quick Slash"],"picked":"Skewer","floor":3},{"not_picked":["Sucker Punch","Flying Knee"],"picked":"Bouncing Flask","floor":6},{"not_picked":["Expertise","Bane"],"picked":"Poisoned Stab","floor":8},{"not_picked":["Wraith Form v2","Slice"],"picked":"Terror","floor":12},{"not_picked":["Finisher","Reflex"],"picked":"PiercingWail","floor":14}],"player_experience":55927,"relics_obtained":[{"floor":6,"key":"Meat on the Bone"},{"floor":8,"key":"Gremlin Horn"},{"floor":9,"key":"Kunai"},{"floor":11,"key":"HornCleat"},{"floor":12,"key":"Ninja Scroll"},{"floor":14,"key":"Bottled Flame"}],"event_choices":[{"cards_removed":["theDuelist:PsiCurse"],"damage_healed":0,"gold_gain":0,"player_choice":"Card Removal","damage_taken":0,"max_hp_gain":0,"max_hp_loss":0,"event_name":"The Cleric","floor":4,"gold_loss":50},{"damage_healed":0,"gold_gain":175,"player_choice":"AGREE","damage_taken":0,"max_hp_gain":0,"max_hp_loss":0,"event_name":"Liars Game","floor":5,"gold_loss":0,"cards_obtained":["Doubt"]},{"damage_healed":0,"gold_gain":0,"player_choice":"Success","damage_taken":3,"relics_obtained":["Tough Bandages"],"max_hp_gain":0,"max_hp_loss":0,"event_name":"Scrap Ooze","floor":10,"gold_loss":0}],"is_beta":false,"boss_relics":[],"items_purged_floors":[],"is_endless":false,"potions_floor_spawned":[1,14],"killed_by":"The Guardian","ascension_level":2}}