{"host":"zwfn3igoxym2o8ah","time":1613592325,"event":{"mods":["AchievementEnabler","BaseMod","Downfall","Hermit","Minty Spire (QoL Compilation)","Quick Restart","Replay The Spire","StSLib","The Cursed"],"gold_per_floor":[109,109,120,132,132,167,167,181,181,212,142,142,142,142,158,158,158,258,258,275,288,97,107,123,151,165,435,435,435,360,374,305,305,305,400,400,415,435,488,538,549,549,498,517,517,229,259,259,312,326,326,326],"floor_reached":53,"language":"ENG","playtime":4405,"items_purged":[],"score":742,"play_id":"971f280e-8edc-4b23-a9a5-e8c2b30d0c32","local_time":"20210217150525","is_ascension_mode":false,"campfire_choices":[{"data":"Iron Wave","floor":7,"key":"SMITH"},{"floor":17,"key":"REST"},{"data":"Metallicize","floor":29,"key":"SMITH"},{"floor":34,"key":"REST"},{"data":"Demon Form","floor":42,"key":"SMITH"},{"data":"Juggernaut","floor":51,"key":"SMITH"}],"circlet_count":0,"master_deck":["Strike_R+1","Strike_R+1","Strike_R+1","Strike_R","Strike_R","Defend_R","Defend_R","Defend_R","Defend_R","Bash+1","Iron Wave+1","Sword Boomerang","Blood for Blood+1","Inflame+1","Whirlwind+1","Metallicize+1","Reaper+1","Cleave+1","Carnage+1","Run Through+1","Shrug It Off+1","Run Through+1","Ghostly Armor+1","Juggernaut+1","Metallicize","Shrug It Off+1","Uppercut+1","Demon Form+1","Pommel Strike+1","Ghostly Armor+1","Run Through+1","Metallicize","Metallicize","Body Slam+1","Bludgeon+1","Pommel Strike+1"],"relics":["Burning Blood","Molten Egg 2","Pantograph","Toxic Egg 2","Replay:Mystery Machine","Sozu","ClockworkSouvenir","Replay:Wax Seal","Oddly Smooth Stone","MutagenicStrength","Busted Crown","Unceasing Top","Thread and Needle","King of Hearts","Self Forming Clay","Whetstone","Garlic"],"acts_visited":["Exordium","TheCity","TheBeyond"],"potions_floor_usage":[6,10,18],"damage_taken":[{"damage":1,"enemies":"Cultist","floor":1,"turns":3},{"damage":1,"enemies":"Jaw Worm","floor":3,"turns":3},{"damage":2,"enemies":"Small Slimes","floor":4,"turns":4},{"damage":34,"enemies":"3 Sentries","floor":6,"turns":8},{"damage":0,"enemies":"2 Fungi Beasts","floor":8,"turns":3},{"damage":14,"enemies":"Gremlin Nob","floor":10,"turns":3},{"damage":9,"enemies":"Exordium Thugs","floor":15,"turns":4},{"damage":19,"enemies":"Fading Forest","floor":18,"turns":11},{"damage":34,"enemies":"2 Thieves","floor":20,"turns":4},{"damage":1,"enemies":"3 Byrds","floor":21,"turns":3},{"damage":18,"enemies":"Snake Plant","floor":23,"turns":3},{"damage":22,"enemies":"Shelled Parasite and Fungi","floor":24,"turns":4},{"damage":23,"enemies":"Replay:Snechameleon","floor":25,"turns":4},{"damage":15,"enemies":"Snecko","floor":26,"turns":4},{"damage":17,"enemies":"Centurion and Healer","floor":31,"turns":6},{"damage":55,"enemies":"Champ","floor":35,"turns":11},{"damage":16,"enemies":"3 Darklings","floor":37,"turns":4},{"damage":4,"enemies":"Orb Walker","floor":38,"turns":2},{"damage":18,"enemies":"2 Orb Walkers","floor":39,"turns":3},{"damage":0,"enemies":"Mind Bloom Boss Battle","floor":40,"turns":5},{"damage":6,"enemies":"Spire Growth","floor":41,"turns":5},{"damage":0,"enemies":"Maw","floor":44,"turns":7},{"damage":20,"enemies":"Reptomancer","floor":47,"turns":5},{"damage":0,"enemies":"Jaw Worm Horde","floor":50,"turns":4},{"damage":71,"enemies":"Awakened One","floor":52,"turns":13}],"seed_played":"234640862328175130","potions_obtained":[{"floor":3,"key":"Strength Potion"},{"floor":8,"key":"Energy Potion"},{"floor":10,"key":"DuplicationPotion"}],"is_trial":false,"path_per_floor":["M","?","M","M","$","E","R","M","T","E","$","PTL","PTL","T","M","?","R","B",null,"M","M","$","M","M","E","M","?","T","R","$","M","$","?","R","B",null,"M","M","?","?","M","R","$","M","T","$","E","$","?","M","R","B",null],"character_chosen":"IRONCLAD","items_purchased":["Metallicize","ClockworkSouvenir","Run Through+1","Metallicize","Uppercut+1","Metallicize","Self Forming Clay","Body Slam+1"],"campfire_rested":2,"item_purchase_floors":[11,22,22,30,32,43,46,46],"current_hp_per_floor":[80,80,80,80,80,52,52,58,58,50,50,50,50,50,47,31,55,67,80,65,70,70,63,59,51,54,27,27,27,27,28,28,28,52,44,80,80,80,68,80,80,80,80,80,80,80,66,66,34,67,67,38],"gold":326,"neow_bonus":"RANDOM_EVENT","is_daily":false,"chose_seed":false,"campfire_upgraded":4,"win_rate":0.0,"timestamp":1613592325,"path_taken":["M","?","M","M","$","E","R","M","T","E","?","PTL","PTL","?","M","?","R","BOSS","M","M","$","M","M","E","M","?","T","R","?","M","$","?","R","BOSS","M","M","?","?","M","R","$","?","T","$","E","?","?","M","R","BOSS"],"items_purchased_type":["Card","Relic","Card","Card","Card","Card","Relic","Card"],"build_version":"2020-12-22","purchased_purges":0,"victory":true,"max_hp_per_floor":[80,80,80,80,80,80,80,80,80,80,80,80,80,80,80,80,80,80,80,80,80,80,80,80,80,80,80,80,80,80,80,80,80,80,80,80,80,80,80,80,80,80,80,80,80,80,80,80,80,80,80,80],"card_choices":[{"not_picked":["Perfected Strike","Carnage"],"picked":"Whirlwind","floor":1},{"not_picked":["Shrug It Off","Cleave"],"picked":"Iron Wave","floor":3},{"not_picked":["Intimidate","Warcry"],"picked":"Sword Boomerang","floor":4},{"not_picked":["Infernal Blade","Body Slam+1"],"picked":"Blood for Blood+1","floor":6},{"not_picked":["Anger+1","Juggernaut"],"picked":"Inflame","floor":8},{"not_picked":["Pommel Strike+1","Warcry+1"],"picked":"Whirlwind+1","floor":10},{"not_picked":["Flex+1","Life Link","Dropkick+1"],"picked":"SKIP","floor":15},{"not_picked":["Bludgeon+1","Fiend Fire+1"],"picked":"Reaper+1","floor":18},{"not_picked":["Thunderclap+1","Body Slam+1"],"picked":"Cleave+1","floor":20},{"not_picked":["Twin Strike+1","Headbutt+1"],"picked":"Carnage+1","floor":21},{"not_picked":["Reckless Charge+1","Perfected Strike+1"],"picked":"Shrug It Off+1","floor":23},{"not_picked":["Iron Wave+1","Clothesline+1"],"picked":"Run Through+1","floor":24},{"not_picked":["Combust","Twin Strike+1"],"picked":"Ghostly Armor+1","floor":25},{"not_picked":["Iron Wave+1","Thunderclap+1"],"picked":"Juggernaut","floor":26},{"not_picked":["ReplayTheSpireMod:Strike From Hell+1","Armaments+1"],"picked":"Shrug It Off+1","floor":31},{"not_picked":["Demonic Infusion+1","Juggernaut"],"picked":"Demon Form","floor":35},{"not_picked":["Armaments+1"],"picked":"SKIP","floor":37},{"not_picked":[],"picked":"Pommel Strike+1","floor":38},{"not_picked":[],"picked":"Ghostly Armor+1","floor":39},{"not_picked":[],"picked":"Run Through+1","floor":40},{"not_picked":["Cleave+1"],"picked":"SKIP","floor":41},{"not_picked":["Shrug It Off+1"],"picked":"SKIP","floor":44},{"not_picked":[],"picked":"Bludgeon+1","floor":47},{"not_picked":[],"picked":"Pommel Strike+1","floor":50}],"player_experience":0,"relics_obtained":[{"floor":6,"key":"Molten Egg 2"},{"floor":9,"key":"Pantograph"},{"floor":10,"key":"Toxic Egg 2"},{"floor":14,"key":"Replay:Mystery Machine"},{"floor":25,"key":"Replay:Wax Seal"},{"floor":28,"key":"Oddly Smooth Stone"},{"floor":39,"key":"Unceasing Top"},{"floor":40,"key":"Thread and Needle"},{"floor":45,"key":"King of Hearts"},{"floor":47,"key":"Whetstone"},{"floor":49,"key":"Garlic"}],"event_choices":[{"cards_removed":["Whirlwind"],"damage_healed":0,"gold_gain":0,"player_choice":"Offered Uncommon","damage_taken":0,"max_hp_gain":0,"max_hp_loss":0,"event_name":"Bonfire Elementals","floor":2,"gold_loss":0},{"damage_healed":0,"gold_gain":0,"player_choice":"Entered Light","damage_taken":16,"max_hp_gain":0,"max_hp_loss":0,"event_name":"Shining Light","floor":16,"gold_loss":0,"cards_upgraded":["Inflame","Strike_R"]},{"damage_healed":0,"gold_gain":270,"player_choice":"GOLD GOLD GOLD ","damage_taken":27,"max_hp_gain":0,"max_hp_loss":0,"event_name":"Knowing Skull","floor":27,"potions_obtained":[],"gold_loss":0,"cards_obtained":[]},{"damage_healed":0,"gold_gain":0,"player_choice":"Inject Mutagens","damage_taken":0,"relics_obtained":["MutagenicStrength"],"max_hp_gain":0,"max_hp_loss":0,"event_name":"Drug Dealer","floor":33,"gold_loss":0},{"damage_healed":0,"gold_gain":0,"player_choice":"Fight","damage_taken":0,"max_hp_gain":0,"max_hp_loss":0,"event_name":"Mysterious Sphere","floor":39,"gold_loss":0},{"damage_healed":0,"gold_gain":0,"player_choice":"Fight","damage_taken":0,"max_hp_gain":0,"max_hp_loss":0,"event_name":"MindBloom","floor":40,"gold_loss":0}],"is_beta":false,"boss_relics":[{"not_picked":["Replay:Drink Me","Black Star"],"picked":"Sozu"},{"not_picked":["Runic Dome","Calling Bell"],"picked":"Busted Crown"}],"items_purged_floors":[],"is_endless":false,"potions_floor_spawned":[3,8,10,23,25,31,35,38,39,44,50],"ascension_level":0}}