{"host":"a6ztjasp7lxlo10n","time":1613536174,"event":{"mods":["Act Like it!","BaseMod","Colored Map","Marisa£®ÏF”Í°°ƒß¿Ì…≥£©","Minty Spire (QoL Compilation)","Quick Restart","StSLib","SuperFastMode","UnlockEverythingMod"],"gold_per_floor":[109,34,50,50,50,50,86,86,110,141,165,209,209,26,26,26,26],"floor_reached":16,"language":"ZHS","playtime":463,"items_purged":["Strike_R"],"score":282,"play_id":"c2e8ea00-8fee-403e-8cba-4afb3bd9f673","local_time":"20210217122934","is_ascension_mode":true,"campfire_choices":[{"data":"Armaments","floor":6,"key":"SMITH"},{"data":"Burning Pact","floor":8,"key":"SMITH"},{"data":"True Grit","floor":15,"key":"SMITH"}],"circlet_count":0,"master_deck":["AscendersBane","Strike_R","Strike_R+1","Strike_R+1","Defend_R","Defend_R","Defend_R","Defend_R","Bash","Bloodletting","Armaments+1","Burning Pact+1","Metallicize","Shrug It Off","True Grit+1"],"relics":["Burning Blood","NeowsBlessing","Golden Idol","Whetstone","Bronze Scales","Matryoshka","Pear"],"acts_visited":["Exordium"],"potions_floor_usage":[12,16,16],"damage_taken":[{"damage":0,"enemies":"Jaw Worm","floor":1,"turns":1},{"damage":0,"enemies":"Small Slimes","floor":3,"turns":1},{"damage":0,"enemies":"Gremlin Nob","floor":7,"turns":1},{"damage":20,"enemies":"Lagavulin","floor":10,"turns":6},{"damage":10,"enemies":"2 Louse","floor":11,"turns":3},{"damage":34,"enemies":"Gremlin Nob","floor":12,"turns":4},{"damage":45,"enemies":"Slime Boss","floor":16,"turns":10}],"seed_played":"9111606246677908184","potions_obtained":[{"floor":1,"key":"Dexterity Potion"},{"floor":3,"key":"Explosive Potion"},{"floor":11,"key":"Fire Potion"}],"is_trial":false,"path_per_floor":["M","?","M","?","?","R","E","R","T","E","M","E","?","$","R","B"],"character_chosen":"IRONCLAD","items_purchased":["CultistPotion"],"campfire_rested":0,"item_purchase_floors":[14],"current_hp_per_floor":[74,74,75,68,68,68,68,68,68,54,50,32,37,37,37,0,0],"gold":26,"neow_bonus":"THREE_ENEMY_KILL","is_daily":false,"chose_seed":false,"campfire_upgraded":3,"win_rate":0.0,"timestamp":1613536174,"path_taken":["M","?","M","?","?","R","E","R","T","E","M","E","?","$","R","BOSS"],"items_purchased_type":["Potion"],"build_version":"2020-12-22","purchased_purges":1,"victory":false,"max_hp_per_floor":[75,75,75,68,68,68,68,68,68,68,68,78,83,83,83,83,83],"card_choices":[{"not_picked":["Sentinel","Disarm"],"picked":"Bloodletting","floor":1},{"not_picked":["Flex","Flame Barrier"],"picked":"Armaments","floor":3},{"not_picked":["Clothesline","Sever Soul"],"picked":"Burning Pact","floor":7},{"not_picked":["Armaments","Clash"],"picked":"Metallicize","floor":10},{"not_picked":["Headbutt","Armaments"],"picked":"Shrug It Off","floor":11},{"not_picked":["Armaments","Searing Blow"],"picked":"True Grit","floor":12}],"player_experience":241482,"relics_obtained":[{"floor":7,"key":"Whetstone"},{"floor":9,"key":"Bronze Scales"},{"floor":10,"key":"Matryoshka"},{"floor":12,"key":"Pear"}],"event_choices":[{"cards_removed":["Strike_R"],"damage_healed":0,"gold_gain":0,"player_choice":"Card Removal","damage_taken":0,"max_hp_gain":0,"max_hp_loss":0,"event_name":"The Cleric","floor":2,"gold_loss":75},{"damage_healed":0,"gold_gain":0,"player_choice":"Lose Max HP","damage_taken":0,"relics_obtained":["Golden Idol"],"max_hp_gain":0,"max_hp_loss":7,"event_name":"Golden Idol","floor":4,"gold_loss":0},{"damage_healed":0,"gold_gain":0,"player_choice":"Ignored","damage_taken":0,"max_hp_gain":0,"max_hp_loss":0,"event_name":"Liars Game","floor":5,"gold_loss":0},{"damage_healed":0,"gold_gain":0,"player_choice":"Donut","damage_taken":0,"max_hp_gain":5,"max_hp_loss":0,"event_name":"Big Fish","floor":13,"gold_loss":0}],"is_beta":false,"boss_relics":[],"items_purged_floors":[14],"is_endless":false,"potions_floor_spawned":[1,3,11],"killed_by":"Slime Boss","ascension_level":20}}