{"host":"q8mjpf3krl0t4p3x","time":1613538903,"event":{"mods":["BaseMod","Colored Map","Colored Powertips","Googly Eyes","Minty Spire (QoL Compilation)","Quick Restart","StSLib","everything is the same but u backflip on backflip","slay the spire mod where everything is the same but ironclad has a cowboy hat"],"gold_per_floor":[112,112,139,151,163,202,214,50,50,50,62,62,12,30,30,107,157,176,194,194,194],"floor_reached":20,"language":"ENG","playtime":568,"items_purged":["Strike_R","Strike_R"],"score":298,"play_id":"38c11c2e-2c9a-4e0f-b29f-edea16e383cd","local_time":"20210216211503","is_ascension_mode":true,"campfire_choices":[{"data":"Immolate","floor":7,"key":"SMITH"},{"data":"Shrug It Off","floor":12,"key":"SMITH"},{"floor":15,"key":"REST"}],"circlet_count":0,"master_deck":["AscendersBane","Strike_R","Strike_R","Strike_R","Defend_R+1","Defend_R","Defend_R","Defend_R","Bash","Shrug It Off+1","Immolate+1","True Grit","Pommel Strike","Impervious","Flame Barrier"],"relics":["Burning Blood","MawBank","Smiling Mask","Dream Catcher","Tiny House"],"acts_visited":["Exordium","TheCity"],"potions_floor_usage":[16,20],"damage_taken":[{"damage":0,"enemies":"Small Slimes","floor":1,"turns":4},{"damage":66,"enemies":"3 Sentries","floor":6,"turns":15},{"damage":4,"enemies":"Jaw Worm","floor":11,"turns":2},{"damage":5,"enemies":"2 Louse","floor":14,"turns":2},{"damage":81,"enemies":"Hexaghost","floor":16,"turns":11},{"damage":31,"enemies":"Shell Parasite","floor":18,"turns":9},{"damage":27,"enemies":"3 Byrds","floor":19,"turns":5},{"damage":10,"enemies":"Centurion and Healer","floor":20,"turns":6}],"seed_played":"2150719992792467118","potions_obtained":[{"floor":6,"key":"Strength Potion"},{"floor":16,"key":"BlessingOfTheForge"},{"floor":17,"key":"EssenceOfSteel"}],"is_trial":false,"path_per_floor":["M","?","T","?","?","E","R","$","T","?","M","R","$","M","R","B",null,"M","M","M"],"character_chosen":"IRONCLAD","items_purchased":["FairyPotion","True Grit"],"campfire_rested":1,"item_purchase_floors":[8,8],"current_hp_per_floor":[81,81,81,81,86,26,26,26,26,26,28,28,28,29,55,10,73,48,27,17,17],"gold":194,"neow_bonus":"TEN_PERCENT_HP_BONUS","is_daily":false,"chose_seed":false,"campfire_upgraded":2,"win_rate":0.0,"timestamp":1613538903,"path_taken":["M","?","?","?","?","E","R","?","T","?","M","R","$","M","R","BOSS","M","M","M"],"items_purchased_type":["Potion","Card"],"build_version":"2020-12-22","purchased_purges":2,"victory":false,"max_hp_per_floor":[82,82,82,82,87,87,87,87,87,87,87,87,87,87,87,87,92,92,92,92,92],"card_choices":[{"not_picked":["Rage","True Grit"],"picked":"Shrug It Off","floor":1},{"not_picked":["Pommel Strike","Twin Strike"],"picked":"Immolate","floor":6},{"not_picked":["Heavy Blade","Sentinel"],"picked":"Pommel Strike","floor":11},{"not_picked":["Uppercut","Clothesline","Entrench"],"picked":"SKIP","floor":14},{"not_picked":["Barricade","Bludgeon"],"picked":"Impervious","floor":16},{"not_picked":["Evolve","Perfected Strike"],"picked":"Flame Barrier","floor":17},{"not_picked":["Dropkick","Burning Pact+1","Warcry"],"picked":"SKIP","floor":18},{"not_picked":["Pommel Strike","Armaments","Rampage"],"picked":"SKIP","floor":19}],"player_experience":190440,"relics_obtained":[{"floor":3,"key":"MawBank"},{"floor":6,"key":"Smiling Mask"},{"floor":9,"key":"Dream Catcher"}],"event_choices":[{"damage_healed":0,"gold_gain":0,"player_choice":"Ignored","damage_taken":0,"max_hp_gain":0,"max_hp_loss":0,"event_name":"Golden Idol","floor":2,"gold_loss":0},{"damage_healed":0,"gold_gain":0,"player_choice":"Leave","damage_taken":0,"max_hp_gain":0,"max_hp_loss":0,"event_name":"The Cleric","floor":4,"gold_loss":0},{"damage_healed":0,"gold_gain":0,"player_choice":"Donut","damage_taken":0,"max_hp_gain":5,"max_hp_loss":0,"event_name":"Big Fish","floor":5,"gold_loss":0},{"damage_healed":0,"gold_gain":0,"player_choice":"Ignored","damage_taken":0,"max_hp_gain":0,"max_hp_loss":0,"event_name":"Liars Game","floor":10,"gold_loss":0}],"is_beta":false,"boss_relics":[{"not_picked":["Mark of Pain","Runic Dome"],"picked":"Tiny House"}],"items_purged_floors":[8,13],"is_endless":false,"potions_floor_spawned":[6,16],"killed_by":"Centurion and Healer","ascension_level":15}}