{"host":"jq8d8epkoknfq6em","time":1613527014,"event":{"mods":["AchievementEnabler","BaseMod","Colored Map","Colored Powertips","Highlight Path","Minty Spire (QoL Compilation)","Quick Restart","Relic Stats","StSLib"],"gold_per_floor":[362,21,52,83,83,83,155,200,251,285,245,298,298,6,6,6,6],"floor_reached":16,"language":"ENG","playtime":1212,"items_purged":["Pain","Strike_G"],"score":173,"play_id":"86c3a020-d5d3-4b1f-b97d-3ffa7650aa73","local_time":"20210217025654","is_ascension_mode":true,"campfire_choices":[{"data":"HandOfGreed","floor":6,"key":"SMITH"},{"data":"Accuracy","floor":13,"key":"SMITH"},{"data":"Blade Dance","floor":15,"key":"SMITH"}],"circlet_count":0,"master_deck":["AscendersBane","Strike_G","Strike_G","Strike_G","Strike_G","Defend_G","Defend_G","Defend_G","Defend_G","Defend_G","Survivor","Neutralize","Blade Dance","Accuracy+1","HandOfGreed+1","Sucker Punch","Noxious Fumes","Blade Dance+1","Infinite Blades","Tools of the Trade","HandOfGreed"],"relics":["Ring of the Snake","Odd Mushroom","Potion Belt","PreservedInsect","Orichalcum"],"acts_visited":["Exordium"],"potions_floor_usage":[7,7,12,16],"damage_taken":[{"damage":12,"enemies":"Jaw Worm","floor":1,"turns":8},{"damage":2,"enemies":"Cultist","floor":3,"turns":4},{"damage":0,"enemies":"2 Louse","floor":4,"turns":2},{"damage":10,"enemies":"The Mushroom Lair","floor":7,"turns":4},{"damage":0,"enemies":"Looter","floor":8,"turns":4},{"damage":10,"enemies":"Gremlin Nob","floor":10,"turns":3},{"damage":5,"enemies":"3 Sentries","floor":12,"turns":6},{"damage":30,"enemies":"The Guardian","floor":16,"turns":9}],"seed_played":"1022536875189349720","potions_obtained":[{"floor":1,"key":"AttackPotion"},{"floor":7,"key":"Swift Potion"},{"floor":11,"key":"Explosive Potion"},{"floor":11,"key":"CunningPotion"},{"floor":11,"key":"LiquidBronze"}],"is_trial":false,"path_per_floor":["M","$","M","M","?","R","?","M","T","E","?","E","R","$","R","B"],"character_chosen":"THE_SILENT","items_purchased":["Accuracy","HandOfGreed","Block Potion","HandOfGreed"],"campfire_rested":0,"item_purchase_floors":[2,2,2,14],"current_hp_per_floor":[51,51,49,49,54,54,44,44,44,34,34,29,29,29,29,0,0],"gold":6,"neow_bonus":"TWO_FIFTY_GOLD","is_daily":false,"chose_seed":false,"campfire_upgraded":3,"win_rate":0.0,"timestamp":1613527014,"path_taken":["M","$","M","M","?","R","?","M","T","E","?","E","R","$","R","BOSS"],"items_purchased_type":["Card","Card","Potion","Card"],"build_version":"2020-12-22","purchased_purges":2,"victory":false,"max_hp_per_floor":[70,70,70,70,75,75,75,75,75,75,75,75,75,75,75,75,75],"relic_stats":{"counters":[8,40],"PreservedInsect":33,"Orichalcum":[24],"obtain_stats":[{"Potion Belt":9,"PreservedInsect":10,"Odd Mushroom":7,"Orichalcum":12,"Ring of the Snake":0},{"Potion Belt":5,"PreservedInsect":6,"Odd Mushroom":4,"Orichalcum":7,"Ring of the Snake":0},{"Potion Belt":22,"PreservedInsect":25,"Odd Mushroom":18,"Orichalcum":31,"Ring of the Snake":0}],"Ring of the Snake":[16]},"card_choices":[{"not_picked":["Setup","Skewer"],"picked":"Blade Dance","floor":1},{"not_picked":["Prepared","Outmaneuver"],"picked":"Sucker Punch","floor":3},{"not_picked":["Catalyst","Dagger Throw"],"picked":"Noxious Fumes","floor":4},{"not_picked":["Dagger Throw","Sucker Punch"],"picked":"Blade Dance","floor":7},{"not_picked":["Masterful Stab","Acrobatics"],"picked":"Infinite Blades","floor":8},{"not_picked":["Poisoned Stab","Blade Dance"],"picked":"Tools of the Trade","floor":10},{"not_picked":["Dagger Spray","Deadly Poison","Prepared"],"picked":"SKIP","floor":12}],"player_experience":1062553,"relics_obtained":[{"floor":7,"key":"Odd Mushroom"},{"floor":9,"key":"Potion Belt"},{"floor":10,"key":"PreservedInsect"},{"floor":12,"key":"Orichalcum"}],"event_choices":[{"damage_healed":0,"gold_gain":0,"player_choice":"Donut","damage_taken":0,"max_hp_gain":5,"max_hp_loss":0,"event_name":"Big Fish","floor":5,"gold_loss":0},{"damage_healed":0,"gold_gain":0,"player_choice":"Fought Mushrooms","damage_taken":0,"max_hp_gain":0,"max_hp_loss":0,"event_name":"Mushrooms","floor":7,"gold_loss":0},{"damage_healed":0,"gold_gain":0,"player_choice":"Bought 3 Potions","damage_taken":0,"max_hp_gain":0,"max_hp_loss":0,"event_name":"The Woman in Blue","floor":11,"gold_loss":0}],"is_beta":false,"boss_relics":[],"items_purged_floors":[2,14],"is_endless":false,"potions_floor_spawned":[1,3,7],"killed_by":"The Guardian","ascension_level":12}}