{"host":"pj7egx7jkoz18hom","time":1613569237,"event":{"mods":["AchievementEnabler","BaseMod","Keyboard Shortcuts","Minty Spire (QoL Compilation)","SuperFastMode"],"gold_per_floor":[109,128,148,99,113,113,113,129,129,129,54,74,94,94,94,199,199,217,236,251,264,282,282,297,297,297,197,197,197],"floor_reached":28,"language":"KOR","playtime":841,"items_purged":["Defend_P","Strike_P"],"score":216,"play_id":"d2788eb9-89ad-4af3-8425-c70ec9de4b74","local_time":"20210217224037","is_ascension_mode":false,"campfire_choices":[{"data":"Eruption","floor":6,"key":"SMITH"},{"floor":10,"key":"REST"},{"data":"Judgement","floor":15,"key":"SMITH"},{"floor":23,"key":"REST"},{"floor":25,"key":"REST"}],"circlet_count":0,"master_deck":["Strike_P","Strike_P","Defend_P","Defend_P","Eruption+1","Vigilance","Halt+1","Halt","Judgement+1","MentalFortress"],"relics":["PureWater","White Beast Statue","Black Star","HornCleat"],"acts_visited":["Exordium","TheCity"],"potions_floor_usage":[12,16,16,16,16,16,18,20,20,22,22],"damage_taken":[{"damage":0,"enemies":"Small Slimes","floor":1,"turns":3},{"damage":0,"enemies":"Cultist","floor":2,"turns":2},{"damage":1,"enemies":"Jaw Worm","floor":3,"turns":3},{"damage":21,"enemies":"Lots of Slimes","floor":5,"turns":4},{"damage":21,"enemies":"Gremlin Gang","floor":8,"turns":7},{"damage":2,"enemies":"Exordium Wildlife","floor":12,"turns":2},{"damage":0,"enemies":"Blue Slaver","floor":13,"turns":2},{"damage":6,"enemies":"The Guardian","floor":16,"turns":8},{"damage":0,"enemies":"2 Thieves","floor":18,"turns":3},{"damage":0,"enemies":"Spheric Guardian","floor":19,"turns":1},{"damage":3,"enemies":"Centurion and Healer","floor":20,"turns":4},{"damage":29,"enemies":"Snecko","floor":21,"turns":7},{"damage":11,"enemies":"Chosen and Byrds","floor":22,"turns":8},{"damage":36,"enemies":"Centurion and Healer","floor":24,"turns":5},{"damage":50,"enemies":"Cultist and Chosen","floor":28,"turns":4}],"seed_played":"5111320329361355821","potions_obtained":[{"floor":2,"key":"Dexterity Potion"},{"floor":5,"key":"Energy Potion"},{"floor":8,"key":"Regen Potion"},{"floor":12,"key":"EntropicBrew"},{"floor":13,"key":"Block Potion"},{"floor":16,"key":"Swift Potion"},{"floor":18,"key":"SneckoOil"},{"floor":19,"key":"BlessingOfTheForge"},{"floor":20,"key":"DuplicationPotion"},{"floor":21,"key":"Ambrosia"},{"floor":22,"key":"Energy Potion"},{"floor":24,"key":"LiquidBronze"}],"is_trial":false,"path_per_floor":["M","M","M","$","M","R","?","M","T","R","$","M","M","?","R","B",null,"M","M","M","M","M","R","M","R","T","$","M"],"character_chosen":"WATCHER","items_purchased":["Halt"],"campfire_rested":3,"item_purchase_floors":[4],"current_hp_per_floor":[65,65,64,64,43,43,43,22,22,41,41,44,44,44,44,38,65,65,65,62,33,22,41,5,24,24,24,0,0],"gold":197,"neow_bonus":"REMOVE_TWO","is_daily":false,"chose_seed":false,"campfire_upgraded":2,"win_rate":0.0,"timestamp":1613569237,"path_taken":["M","M","M","$","M","R","?","M","T","R","?","M","M","?","R","BOSS","M","M","M","M","M","R","M","R","T","?","?"],"items_purchased_type":["Card"],"build_version":"2020-12-22","purchased_purges":2,"victory":false,"max_hp_per_floor":[65,65,65,65,65,65,65,65,65,65,65,65,65,65,65,65,65,65,65,65,65,65,65,65,65,65,65,65,65],"card_choices":[{"not_picked":["FollowUp","EmptyFist","CrushJoints"],"picked":"SKIP","floor":1},{"not_picked":["EmptyFist","SashWhip","CrushJoints"],"picked":"SKIP","floor":2},{"not_picked":["SashWhip","Perseverance","WheelKick"],"picked":"SKIP","floor":3},{"not_picked":["PathToVictory","Collect"],"picked":"Halt","floor":5},{"not_picked":["FollowUp","PathToVictory"],"picked":"Judgement","floor":8},{"not_picked":["BowlingBash","SignatureMove","Conclude"],"picked":"SKIP","floor":12},{"not_picked":["PathToVictory","Fasting2","EmptyBody"],"picked":"SKIP","floor":13},{"not_picked":["CrushJoints","Evaluate","Pray"],"picked":"SKIP","floor":18},{"not_picked":["Halt","Consecrate","BowlingBash"],"picked":"SKIP","floor":19},{"not_picked":["Indignation+1","SandsOfTime","FollowUp"],"picked":"SKIP","floor":20},{"not_picked":["SandsOfTime","PathToVictory","Wallop+1"],"picked":"SKIP","floor":21},{"not_picked":["Crescendo+1","EmptyBody"],"picked":"MentalFortress","floor":22},{"not_picked":["SashWhip","Prostrate","ReachHeaven"],"picked":"SKIP","floor":24}],"player_experience":148429,"relics_obtained":[{"floor":9,"key":"White Beast Statue"},{"floor":26,"key":"HornCleat"}],"event_choices":[{"damage_healed":0,"gold_gain":0,"player_choice":"Forge","damage_taken":0,"max_hp_gain":0,"max_hp_loss":0,"event_name":"Accursed Blacksmith","floor":7,"gold_loss":0,"cards_upgraded":["Halt"]},{"damage_healed":0,"gold_gain":0,"player_choice":"Ignored","damage_taken":0,"max_hp_gain":0,"max_hp_loss":0,"event_name":"NoteForYourself","floor":14,"gold_loss":0}],"is_beta":false,"boss_relics":[{"not_picked":["Snecko Eye","Sozu"],"picked":"Black Star"}],"items_purged_floors":[11,27],"is_endless":false,"potions_floor_spawned":[2,5,8,12,13,16,18,19,20,21,22,24],"killed_by":"Cultist and Chosen","ascension_level":0}}