{"host":"iv5atf0fne3n7zmv","time":1613592187,"event":{"mods":["BaseMod","Minty Spire (QoL Compilation)","StSLib"],"gold_per_floor":[111,6,21,32,48,77,92,58,105,105,139,14,14,40,40,145,145,155,48,48,64,81,107,107,107,131,131,163,175,175,191,191,286,286,305,167,167,167,187,187,187],"floor_reached":40,"language":"ENG","playtime":2433,"items_purged":["Strike_G","Defend_G"],"score":491,"play_id":"785aa101-58cb-4ffa-af58-41a60f9a11ca","local_time":"20210217120307","is_ascension_mode":true,"campfire_choices":[{"floor":10,"key":"REST"},{"data":"A Thousand Cuts","floor":15,"key":"SMITH"},{"floor":24,"key":"REST"},{"data":"Neutralize","floor":27,"key":"SMITH"},{"data":"Bite","floor":30,"key":"SMITH"},{"floor":32,"key":"REST"}],"circlet_count":0,"master_deck":["Defend_G","Defend_G","Defend_G","Defend_G","Survivor","Neutralize+1","Caltrops","Slice+1","Poisoned Stab","Terror","All Out Attack","A Thousand Cuts+1","Crippling Poison","Bane","Outmaneuver","Unload","Dagger Spray","Accuracy","Cloak And Dagger","Writhe","Flechettes","Reflex+1","Bite+1","Bite","Bite","Bite","Bite","Acrobatics+1","Deadly Poison+1","PiercingWail+1","Noxious Fumes"],"relics":["Ring of the Snake","NeowsBlessing","Tiny Chest","Matryoshka","Ornamental Fan","Orichalcum","Bottled Tornado","Whetstone","Pantograph","Mercury Hourglass","Busted Crown","Toxic Egg 2","Bottled Flame","Tingsha","Black Star","Singing Bowl"],"acts_visited":["Exordium","TheCity","TheBeyond"],"potions_floor_usage":[6,6,7,16,18,33,33],"damage_taken":[{"damage":0,"enemies":"2 Louse","floor":1,"turns":1},{"damage":0,"enemies":"Cultist","floor":3,"turns":1},{"damage":0,"enemies":"Small Slimes","floor":4,"turns":1},{"damage":1,"enemies":"Exordium Wildlife","floor":5,"turns":4},{"damage":36,"enemies":"Gremlin Nob","floor":6,"turns":6},{"damage":0,"enemies":"3 Louse","floor":7,"turns":2},{"damage":15,"enemies":"Lagavulin","floor":11,"turns":8},{"damage":19,"enemies":"Gremlin Nob","floor":14,"turns":5},{"damage":22,"enemies":"Hexaghost","floor":16,"turns":7},{"damage":13,"enemies":"Spheric Guardian","floor":18,"turns":4},{"damage":13,"enemies":"Shell Parasite","floor":21,"turns":4},{"damage":6,"enemies":"Snecko","floor":22,"turns":4},{"damage":28,"enemies":"Slavers","floor":23,"turns":4},{"damage":17,"enemies":"Book of Stabbing","floor":28,"turns":4},{"damage":7,"enemies":"3 Cultists","floor":29,"turns":4},{"damage":8,"enemies":"Shelled Parasite and Fungi","floor":31,"turns":4},{"damage":56,"enemies":"Automaton","floor":33,"turns":10},{"damage":18,"enemies":"3 Shapes","floor":35,"turns":2},{"damage":21,"enemies":"Orb Walker","floor":39,"turns":4},{"damage":21,"enemies":"Reptomancer","floor":40,"turns":3}],"seed_played":"2895450666082682368","potions_obtained":[{"floor":1,"key":"Explosive Potion"},{"floor":3,"key":"Dexterity Potion"},{"floor":4,"key":"Swift Potion"},{"floor":16,"key":"Fruit Juice"},{"floor":28,"key":"Swift Potion"},{"floor":31,"key":"Ancient Potion"}],"is_trial":false,"path_per_floor":["M","?","M","M","M","E","M","$","T","R","E","$","T","E","R","B",null,"M","$","?","M","M","E","R","?","T","R","E","M","R","M","R","B",null,"M","$","?","T","M","E"],"character_chosen":"THE_SILENT","items_purchased":["Crippling Poison","SteroidPotion","Accuracy","Cloak And Dagger","Noxious Fumes"],"campfire_rested":3,"item_purchase_floors":[8,12,19,19,36],"current_hp_per_floor":[70,70,70,70,69,33,33,33,33,54,39,39,39,20,20,23,70,62,62,62,49,43,15,37,37,37,37,24,23,23,24,39,8,52,34,34,29,29,15,0,0],"gold":187,"neow_bonus":"THREE_ENEMY_KILL","is_daily":false,"chose_seed":false,"campfire_upgraded":3,"win_rate":0.0,"timestamp":1613592187,"path_taken":["M","?","?","M","M","E","?","$","T","R","E","?","?","E","R","BOSS","M","$","?","M","M","E","R","?","T","R","E","M","R","M","R","BOSS","M","$","?","?","M","E"],"items_purchased_type":["Card","Potion","Card","Card","Card"],"build_version":"2020-12-22","purchased_purges":2,"victory":false,"max_hp_per_floor":[70,70,70,70,70,70,70,70,70,70,70,70,70,70,70,70,70,75,75,75,75,75,75,75,52,52,52,52,52,52,52,52,52,52,52,52,52,52,54,54,54],"card_choices":[{"not_picked":["Choke","Masterful Stab"],"picked":"Caltrops","floor":1},{"not_picked":["Cloak And Dagger","Outmaneuver"],"picked":"Slice","floor":3},{"not_picked":["Catalyst","PiercingWail"],"picked":"Poisoned Stab","floor":4},{"not_picked":["Finisher","Backstab"],"picked":"Terror","floor":5},{"not_picked":["Eviscerate","Well Laid Plans"],"picked":"All Out Attack","floor":6},{"not_picked":["Endless Agony","Deflect"],"picked":"A Thousand Cuts","floor":7},{"not_picked":["Flying Knee","Dagger Throw"],"picked":"Bane","floor":11},{"not_picked":["Bane","Endless Agony"],"picked":"Outmaneuver","floor":14},{"not_picked":["Malaise","Bullet Time"],"picked":"Unload","floor":16},{"not_picked":[],"picked":"Dagger Spray","floor":18},{"not_picked":[],"picked":"Flechettes","floor":21},{"not_picked":["Blade Dance+1"],"picked":"SKIP","floor":22},{"not_picked":[],"picked":"Reflex+1","floor":23},{"not_picked":[],"picked":"Acrobatics+1","floor":28},{"not_picked":["Bane+1"],"picked":"SKIP","floor":29},{"not_picked":[],"picked":"Deadly Poison+1","floor":31},{"not_picked":[],"picked":"PiercingWail+1","floor":35},{"not_picked":["Noxious Fumes"],"picked":"Singing Bowl","floor":39}],"player_experience":335964,"relics_obtained":[{"floor":6,"key":"Matryoshka"},{"floor":9,"key":"Ornamental Fan"},{"floor":9,"key":"Orichalcum"},{"floor":11,"key":"Bottled Tornado"},{"floor":13,"key":"Whetstone"},{"floor":13,"key":"Pantograph"},{"floor":14,"key":"Mercury Hourglass"},{"floor":23,"key":"Bottled Flame"},{"floor":28,"key":"Tingsha"},{"floor":38,"key":"Singing Bowl"}],"event_choices":[{"damage_healed":0,"gold_gain":0,"player_choice":"Paid Gold","damage_taken":0,"relics_obtained":["Tiny Chest"],"max_hp_gain":0,"max_hp_loss":0,"event_name":"WeMeetAgain","floor":2,"gold_loss":105},{"damage_healed":0,"gold_gain":0,"player_choice":"Opened","damage_taken":0,"relics_obtained":["Toxic Egg 2"],"max_hp_gain":0,"max_hp_loss":0,"event_name":"The Mausoleum","floor":20,"gold_loss":0,"cards_obtained":["Writhe"]},{"damage_healed":0,"gold_gain":0,"player_choice":"Became a vampire","damage_taken":0,"max_hp_gain":0,"max_hp_loss":23,"event_name":"Vampires","floor":25,"gold_loss":0,"cards_obtained":["Bite","Bite","Bite","Bite","Bite"]},{"damage_healed":0,"gold_gain":0,"player_choice":"Damaged","damage_taken":5,"max_hp_gain":0,"max_hp_loss":0,"event_name":"Wheel of Change","floor":37,"gold_loss":0}],"is_beta":false,"boss_relics":[{"not_picked":["Empty Cage","Pandora\u0027s Box"],"picked":"Busted Crown"},{"not_picked":["SacredBark","HoveringKite"],"picked":"Black Star"}],"items_purged_floors":[12,36],"is_endless":false,"potions_floor_spawned":[1,3,4,16,28,31],"killed_by":"Reptomancer","ascension_level":1}}