{"host":"7hsydqxmznr7vgx8","time":1613586412,"event":{"mods":["2.2 Compatiblity","BaseMod","Minty Spire (QoL Compilation)"],"gold_per_floor":[115,131,131,150,168,197,44,59,86,106,106,138,138,149,149,149,149],"floor_reached":16,"language":"ENG","playtime":771,"items_purged":[],"score":114,"play_id":"644df975-51a2-44fd-8bf4-56210cfc5fc2","local_time":"20210217132652","is_ascension_mode":false,"campfire_choices":[{"floor":13.0,"key":"REST"},{"data":"DevaForm","floor":15.0,"key":"SMITH"}],"circlet_count":0,"master_deck":["Strike_P","Strike_P","Strike_P","Strike_P","Defend_P","Defend_P","Defend_P","Defend_P","Eruption","Vigilance","Conclude","FlyingSleeves","BowlingBash","Omniscience+1","ThirdEye","Consecrate","DevaForm+1","Conclude"],"relics":["PureWater","Ornamental Fan","Pen Nib","Bronze Scales"],"acts_visited":["Exordium"],"potions_floor_usage":[16,16],"damage_taken":[{"damage":8.0,"enemies":"Jaw Worm","floor":1.0,"turns":4.0},{"damage":0.0,"enemies":"Cultist","floor":2.0,"turns":3.0},{"damage":5.0,"enemies":"Small Slimes","floor":4.0,"turns":3.0},{"damage":0.0,"enemies":"3 Louse","floor":5.0,"turns":1.0},{"damage":26.0,"enemies":"3 Sentries","floor":6.0,"turns":9.0},{"damage":15.0,"enemies":"Blue Slaver","floor":8.0,"turns":3.0},{"damage":7.0,"enemies":"Large Slime","floor":10.0,"turns":3.0},{"damage":21.0,"enemies":"Lagavulin","floor":12.0,"turns":5.0},{"damage":0.0,"enemies":"3 Louse","floor":14.0,"turns":1.0},{"damage":31,"enemies":"The Guardian","floor":16,"turns":9}],"seed_played":"-1309143999263063648","potions_obtained":[{"floor":1.0,"key":"Regen Potion"},{"floor":2.0,"key":"LiquidBronze"},{"floor":5.0,"key":"Energy Potion"},{"floor":10.0,"key":"EssenceOfSteel"}],"is_trial":false,"path_per_floor":["M","M","?","M","M","E","$","M","T","M","?","E","R","M","R","B"],"character_chosen":"WATCHER","items_purchased":["Pen Nib"],"campfire_rested":1,"item_purchase_floors":[7],"current_hp_per_floor":[71,71,79,74,74,48,48,38,38,31,31,10,33,33,33,2,2],"gold":149,"neow_bonus":"TEN_PERCENT_HP_BONUS","is_daily":false,"chose_seed":false,"campfire_upgraded":1,"win_rate":0.0,"timestamp":1613586412,"path_taken":["M","M","?","?","M","E","$","M","T","M","?","E","R","M","R","BOSS"],"items_purchased_type":["Relic"],"build_version":"2020-12-22","purchased_purges":0,"victory":false,"max_hp_per_floor":[79,79,79,79,79,79,79,79,79,79,79,79,79,79,79,79,79],"card_choices":[{"not_picked":["Adaptation","Sanctity"],"picked":"Conclude","floor":1.0},{"not_picked":["Halt","SashWhip"],"picked":"Adaptation","floor":2.0},{"not_picked":["BowlingBash","Indignation"],"picked":"FlyingSleeves","floor":4.0},{"not_picked":["ThirdEye","BattleHymn"],"picked":"BowlingBash","floor":5.0},{"not_picked":["Vengeance","Halt"],"picked":"Omniscience","floor":6.0},{"not_picked":["DeceiveReality","PathToVictory"],"picked":"ThirdEye","floor":8.0},{"not_picked":["PathToVictory","Crescendo"],"picked":"Consecrate","floor":10.0},{"not_picked":["FollowUp","CrushJoints"],"picked":"DevaForm","floor":12.0},{"not_picked":["CrushJoints","FlurryOfBlows"],"picked":"Conclude","floor":14.0}],"player_experience":301101,"relics_obtained":[{"floor":6.0,"key":"Ornamental Fan"},{"floor":12.0,"key":"Bronze Scales"}],"event_choices":[{"cards_removed":["Adaptation"],"damage_healed":8.0,"max_hp_gain":0.0,"max_hp_loss":0.0,"gold_gain":0.0,"event_name":"Bonfire Elementals","player_choice":"Offered Uncommon","floor":3.0,"gold_loss":0.0,"damage_taken":0.0},{"damage_healed":0.0,"max_hp_gain":0.0,"max_hp_loss":0.0,"gold_gain":0.0,"event_name":"Accursed Blacksmith","player_choice":"Forge","floor":11.0,"gold_loss":0.0,"damage_taken":0.0,"cards_upgraded":["Omniscience"]}],"is_beta":false,"boss_relics":[],"items_purged_floors":[],"is_endless":false,"potions_floor_spawned":[1,2,5,10],"killed_by":"The Guardian","ascension_level":0}}