{"host":"q6l9o5ad25lrm2yj","time":1613575137,"event":{"mods":["BaseMod","BetterRewards","Colored Powertips","Marisa£®ÏF”Í°°ƒß¿Ì…≥£©","Minty Spire (QoL Compilation)","Replay The Spire","StSLib","[IsaacMod]“‘»ˆº‚À˛"],"gold_per_floor":[119,135,135,154,170,170,202,202,202,202,218,231,255,271,271,375,375,385,405,430,430,495,537,207,239,239,271,282,282,296,325,325,443,443,463,565,590,440,0,0,42,42,42,108,155,155,183,210,210,210],"floor_reached":51,"language":"ZHS","playtime":4171,"items_purged":[],"score":753,"play_id":"eaa00d85-2ae3-4153-8ddc-34eb504a6ea1","local_time":"20210217231857","is_ascension_mode":false,"campfire_choices":[{"data":"DC","floor":6.0,"key":"SMITH"},{"data":"EpicFetus","floor":10.0,"key":"SMITH"},{"data":"MillisecondPulsars","floor":29.0,"key":"SMITH"},{"floor":32.0,"key":"DIG"},{"data":"OortCloud","floor":40,"key":"SMITH"},{"data":"BinaryStars","floor":42,"key":"SMITH"},{"floor":46,"key":"REST"},{"data":"GravityBeat","floor":49,"key":"SMITH"}],"circlet_count":0,"master_deck":["Strike_MRS","Strike_MRS","Strike_MRS","Strike_MRS","Defend_MRS","Defend_MRS","Defend_MRS","Defend_MRS","MasterSpark","UpSweep","EpicFetus+1","DC+1","PowerUp+1","BinaryStars+1","DoubleSpark","DoubleSpark+1","6A","MysteriousBeam","GalacticHalo","BlazeAway","MillisecondPulsars+1","WitchOfGreed","MilkyWay","FairyDestructionRay","GravityBeat+1","RefractionSpark+1","PropBag+1","Injury","Acceleration","WitchLeyline+1","AsteroidBelt","TreasureHunter","NonDirectionalLaser","PulseMagic+1","ManaConvection+1","OrrerysSun","OortCloud+1","ShootTheMoon","Acceleration","Delirium","ReplayTheSpireMod:IOU","6A+1","PowerUp","Injury"],"relics":["MiniHakkero","HushsDoor","YumHeart","Frozen Eye","HowToJump","DeathBook","Vajra","Cursed Key","Garlic","MealTicket","Pet Ghost","Replay:Wax Seal","CaptainsWheel","Darkstone Periapt","Oddly Smooth Stone","SlaversCollar","ClockworkSouvenir","Red Mask","BelialBook","TungstenRod","Replay:PocketPolymizer","Centennial Puzzle"],"acts_visited":["Exordium","TheCity","TheBeyond"],"potions_floor_usage":[37,41,47,50,50],"damage_taken":[{"damage":0.0,"enemies":"Small Slimes","floor":1.0,"turns":2.0},{"damage":0.0,"enemies":"2 Louse","floor":2.0,"turns":1.0},{"damage":0.0,"enemies":"Jaw Worm","floor":4.0,"turns":1.0},{"damage":10.0,"enemies":"Looter","floor":5.0,"turns":2.0},{"damage":14.0,"enemies":"Gremlin Nob","floor":7.0,"turns":3.0},{"damage":0.0,"enemies":"Blue Slaver","floor":11.0,"turns":1.0},{"damage":4.0,"enemies":"Exordium Thugs","floor":12.0,"turns":3.0},{"damage":0.0,"enemies":"2 Fungi Beasts","floor":14.0,"turns":2.0},{"damage":8.0,"enemies":"Fading Forest","floor":16.0,"turns":11.0},{"damage":1.0,"enemies":"Shell Parasite","floor":18.0,"turns":3.0},{"damage":0.0,"enemies":"Spheric Guardian","floor":19.0,"turns":2.0},{"damage":0.0,"enemies":"Shelled Parasite and Fungi","floor":20.0,"turns":1.0},{"damage":4.0,"enemies":"Hiden Room Battle","floor":22.0,"turns":5.0},{"damage":31.0,"enemies":"Slavers","floor":23.0,"turns":5.0},{"damage":0.0,"enemies":"3 Cultists","floor":25.0,"turns":4.0},{"damage":15.0,"enemies":"Sentry and Sphere","floor":27.0,"turns":4.0},{"damage":0.0,"enemies":"Snecko","floor":28.0,"turns":3.0},{"damage":5.0,"enemies":"Centurion and Healer","floor":30.0,"turns":2.0},{"damage":4.0,"enemies":"Shelled Parasite and Fungi","floor":31.0,"turns":4.0},{"damage":14.0,"enemies":"Champ","floor":33.0,"turns":5.0},{"damage":7.0,"enemies":"Orb Walker","floor":35.0,"turns":2.0},{"damage":15,"enemies":"3 Darklings","floor":37,"turns":6},{"damage":27,"enemies":"Giant Head","floor":41,"turns":8},{"damage":5,"enemies":"2 Orb Walkers","floor":44,"turns":4},{"damage":14,"enemies":"Jaw Worm Horde","floor":47,"turns":3},{"damage":6,"enemies":"Sphere and 2 Shapes","floor":48,"turns":2},{"damage":49,"enemies":"Time Eater","floor":50,"turns":7}],"seed_played":"-7880549608023268565","potions_obtained":[{"floor":1.0,"key":"Weak Potion"},{"floor":2.0,"key":"FearPotion"},{"floor":5.0,"key":"SteroidPotion"},{"floor":16.0,"key":"Adrenaline Potion"},{"floor":20.0,"key":"Adrenaline Potion"},{"floor":22.0,"key":"EssenceOfSteel"},{"floor":23.0,"key":"SteroidPotion"},{"floor":25.0,"key":"ColorlessPotion"},{"floor":25.0,"key":"LiquidMemories"},{"floor":27.0,"key":"Milkshake"},{"floor":30.0,"key":"Adrenaline Potion"},{"floor":31.0,"key":"FairyPotion"},{"floor":33.0,"key":"Swift Potion"},{"floor":37,"key":"Regen Potion"},{"floor":41,"key":"Death Potion"},{"floor":44,"key":"Ancient Potion"},{"floor":47,"key":"Languid Potion"}],"is_trial":false,"path_per_floor":["M","M","?","M","M","R","E","?","T","R","M","M","T","M","R","B",null,"M","M","M","?","?","E","$","M","T","M","M","R","M","M","R","B",null,"M","?","M","$","?","R","E","R","T","?","T","R","M","M","R","B",null],"character_chosen":"MARISA","items_purchased":["Frozen Eye","DC","Replay:Wax Seal","CaptainsWheel","ClockworkSouvenir"],"campfire_rested":1,"item_purchase_floors":[0,0,24,24,38],"current_hp_per_floor":[65,65,65,65,55,55,41,41,41,66,66,62,62,62,75,71,75,74,74,74,60,56,50,65,65,65,50,50,50,45,66,66,52,80,73,79,64,79,79,79,64,64,70,65,71,104,90,84,90,66],"gold":210,"neow_bonus":"","is_daily":false,"chose_seed":false,"campfire_upgraded":6,"win_rate":0.0,"timestamp":1613575137,"path_taken":["M","M","?","M","M","R","E","?","T","R","M","M","?","?","R","BOSS","M","M","M","?","?","E","$","M","T","M","?","R","M","M","R","BOSS","M","?","M","$","?","R","E","R","T","?","?","R","M","?","R","BOSS"],"items_purchased_type":["Relic","Card","Relic","Relic","Relic"],"build_version":"2020-12-22","purchased_purges":0,"victory":true,"max_hp_per_floor":[75,75,75,75,75,75,75,75,75,75,75,75,75,75,75,75,75,75,75,75,80,80,80,80,80,80,80,80,80,80,80,80,80,80,80,86,86,86,86,86,86,86,92,92,98,104,104,104,110,110],"card_choices":[{"not_picked":[],"picked":"EpicFetus","floor":0.0},{"not_picked":["OpenUniverse","MysteriousBeam"],"picked":"PowerUp","floor":1.0},{"not_picked":["GalacticHalo","Bomb"],"picked":"BinaryStars","floor":2.0},{"not_picked":["AlicesGift","ShootingEcho"],"picked":"DoubleSpark","floor":4.0},{"not_picked":["OrrerysSun","6A"],"picked":"DoubleSpark","floor":5.0},{"not_picked":["LuminesStrike","OpenUniverse"],"picked":"6A","floor":7.0},{"not_picked":["Singularity","PowerUp"],"picked":"MysteriousBeam","floor":11.0},{"not_picked":["MeteoricShower","ShootingEcho"],"picked":"GalacticHalo","floor":12.0},{"not_picked":["DC","StarDustReverie"],"picked":"BlazeAway","floor":14.0},{"not_picked":["StarDustReverie","FinalSpark"],"picked":"MillisecondPulsars","floor":16.0},{"not_picked":["StarBarrage","SporeBomb"],"picked":"WitchOfGreed","floor":18.0},{"not_picked":["DoubleSpark","6A"],"picked":"MilkyWay","floor":19.0},{"not_picked":["ShootingEcho","NonDirectionalLaser"],"picked":"FairyDestructionRay","floor":20.0},{"not_picked":["AlicesGift+1","SprinkleStarSeal+1"],"picked":"GravityBeat","floor":22.0},{"not_picked":["DC","MachineGunSpark"],"picked":"RefractionSpark+1","floor":23.0},{"not_picked":["ShootingEcho","DoubleSpark"],"picked":"PropBag+1","floor":25.0},{"not_picked":["DC","UnstableBomb"],"picked":"Acceleration","floor":27.0},{"not_picked":["BinaryStars","DoubleSpark"],"picked":"WitchLeyline+1","floor":28.0},{"not_picked":["DC","DarkSpark","DarkMatter"],"picked":"SKIP","floor":30.0},{"not_picked":["MeteoricShower","Occultation"],"picked":"AsteroidBelt","floor":31.0},{"not_picked":["JA","SuperNova"],"picked":"TreasureHunter","floor":33.0},{"not_picked":["DC+1","DarkMatter"],"picked":"NonDirectionalLaser","floor":35.0},{"not_picked":["Acceleration+1","SprinkleStarSeal+1"],"picked":"PulseMagic+1","floor":36.0},{"not_picked":["UnstableBomb","SuperPerseids+1"],"picked":"ManaConvection+1","floor":36.0},{"not_picked":["StarBarrage+1","Orbital+1"],"picked":"OrrerysSun","floor":36.0},{"not_picked":["WitchOfGreed","Acceleration+1"],"picked":"OortCloud","floor":37},{"not_picked":["FairyDestructionRay","BlazeAway"],"picked":"ShootTheMoon","floor":41},{"not_picked":["DC+1","EnergyRecoil"],"picked":"Acceleration","floor":44},{"not_picked":["DarkMatter+1","DoubleSpark"],"picked":"6A+1","floor":47},{"not_picked":["MilkyWay","BigCrunch"],"picked":"PowerUp","floor":48}],"player_experience":14378,"relics_obtained":[{"floor":7.0,"key":"HowToJump"},{"floor":9.0,"key":"DeathBook"},{"floor":13.0,"key":"Vajra"},{"floor":22.0,"key":"Garlic"},{"floor":22.0,"key":"MealTicket"},{"floor":23.0,"key":"Pet Ghost"},{"floor":26.0,"key":"Darkstone Periapt"},{"floor":32.0,"key":"Oddly Smooth Stone"},{"floor":41,"key":"BelialBook"},{"floor":43,"key":"TungstenRod"},{"floor":44,"key":"Replay:PocketPolymizer"},{"floor":45,"key":"Centennial Puzzle"}],"event_choices":[{"damage_healed":0.0,"max_hp_gain":0.0,"max_hp_loss":0.0,"gold_gain":0.0,"event_name":"Golden Wing","player_choice":"Ignored","floor":3.0,"gold_loss":0.0,"damage_taken":0.0},{"damage_healed":0.0,"max_hp_gain":5.0,"max_hp_loss":0.0,"gold_gain":0.0,"event_name":"Forgotten Altar","player_choice":"Shed Blood","floor":21.0,"gold_loss":0.0,"damage_taken":19.0},{"damage_healed":0.0,"max_hp_gain":0.0,"max_hp_loss":0.0,"gold_gain":0.0,"event_name":"HidenRoomEvent","player_choice":"Fight","floor":22.0,"gold_loss":0.0,"damage_taken":0.0},{"damage_healed":0,"gold_gain":0,"player_choice":"Paid","damage_taken":0,"relics_obtained":["Red Mask"],"max_hp_gain":0,"max_hp_loss":0,"event_name":"Tomb of Lord Red Mask","floor":39,"gold_loss":440},{"damage_healed":0,"gold_gain":0,"player_choice":"Fight","damage_taken":0,"max_hp_gain":0,"max_hp_loss":0,"event_name":"Mysterious Sphere","floor":44,"gold_loss":0}],"is_beta":false,"boss_relics":[{"not_picked":["Replay:Drink Me","Philosopher\u0027s Stone"],"picked":"Cursed Key"},{"not_picked":[]},{"not_picked":["Snecko Eye","ReplayTheSpireMod:DimensionalGlitch"],"picked":"SlaversCollar"},{"not_picked":[]}],"items_purged_floors":[],"is_endless":false,"potions_floor_spawned":[1,2,5,16,20,25,30,31,44],"ascension_level":0}}