{"host":"a3oe3gstxz77c7qu","time":1613564408,"event":{"mods":["2.2 Compatiblity","Act Like it!","Astrologer","BaseMod","Bestiary","Better Altar","Better Match","Better Note","Better Skull","Better Third Choice","Block Reminder","Curses Come First","Custom Start","Dark Map","Downfall","Friendly Minions","GifTheSpireLib","Hermit","Jorbs\u0027s Wanderer Trilogy","Lobotomy","LobotomyExtend","Marisa????????","Minty Spire (QoL Compilation)","Permanent Neow","Quick Restart","Relic Filter Mod","Relic Stats","Reliquary","Replay The Spire","Ruina","Smile Girya","Spire Arcade","StSLib","The Bug Knight","The Cursed","The Disciple","Uncapped","Unknown Chances","Wandering Minibosses"],"gold_per_floor":[110,110,110,110,126,126,126,126,202,202,212,188,113,145,145,247,347,360,360,360,375,388,388,420,420,420,420,431,457,774,774,774,869,869,886,586,605,605,605,605,655,655,655,655,655,667,667,696,696,696,696],"floor_reached":52,"language":"ENG","playtime":3128,"items_purged":["Parasite"],"score":1399,"play_id":"ddd3d065-4c9e-460f-abd4-0a63c339fede","local_time":"20210217122008","is_ascension_mode":true,"campfire_choices":[],"circlet_count":0,"master_deck":["WhiteNight","SpecialBullet","SpecialBullet","SpecialBullet","SpecialBullet","SpecialBullet","SpecialBullet","SpecialBullet","CentralCode","ExtractionCode","DaCapo+1","SoundOfStar","Regret_ego","Harvest","MagicBullet","ScreamingWedge","FourthMatchFlame","SecurityCode","Twilight","MHz","GoldRush","SomewhereSpear","FourthMatchFlame","SpiderBud","SomewhereSpear","HereticApostle","TrainingCode","LifeForTheDareDevil","Diffraction+1","Adoration","WristCuter+1","Moonlight+1","GrinderMk4","CENSORED_ego","LongBird"],"relics":["CogitoBucket","RabbitCall","LetterFromLob","ShedSkin_r","Mirror","Replay:Grab Bag","Replay:Wanted Poster","Coffee Dripper","sneckomod:SneckoTalon","SkinProphecy","ruina:PrescriptsGrace","Centennial Puzzle","reliquary:WeakTea","MealTicket","TreeSap","Replay:Ancient Bell","Guardian:PocketSentry","reliquary:WeakTea","Ginger","PreservedInsect","Happy Flower","DeathAngel","Durian","Ice Cream","AtMidnight","ChangeAnything","Garlic"],"acts_visited":["Exordium","Exordium","TheBeyond"],"potions_floor_usage":[16,38,50,50],"damage_taken":[{"damage":11.0,"enemies":"Jaw Worm","floor":1.0,"turns":6.0},{"damage":10.0,"enemies":"2 Louse","floor":5.0,"turns":3.0},{"damage":0,"enemies":"Cultist","floor":11,"turns":4},{"damage":1,"enemies":"Looter","floor":12,"turns":4},{"damage":19,"enemies":"Large Slime","floor":14,"turns":8},{"damage":12,"enemies":"Fading Forest","floor":16,"turns":11},{"damage":0,"enemies":"ruina:BadWolf","floor":18,"turns":4},{"damage":0,"enemies":"ruina:2_Scarecrows","floor":21,"turns":2},{"damage":0,"enemies":"ruina:KingOfGreed","floor":22,"turns":2},{"damage":0,"enemies":"ruina:ServantOfWrath","floor":24,"turns":4},{"damage":0,"enemies":"ruina:Woodsman","floor":28,"turns":2},{"damage":0,"enemies":"ruina:Mountain","floor":29,"turns":4},{"damage":0,"enemies":"ruina:QueenOfHate","floor":30,"turns":6},{"damage":1,"enemies":"ruina:Red_and_Wolf","floor":33,"turns":8},{"damage":0,"enemies":"3 Darklings","floor":35,"turns":2},{"damage":9,"enemies":"3 Shapes","floor":37,"turns":3},{"damage":0,"enemies":"Transient","floor":38,"turns":12},{"damage":0,"enemies":"Mind Bloom Boss Battle","floor":41,"turns":3},{"damage":0,"enemies":"Transient","floor":46,"turns":4},{"damage":0,"enemies":"Nemesis","floor":48,"turns":3},{"damage":0,"enemies":"Time Eater","floor":50,"turns":12}],"seed_played":"-5321250357817721263","potions_obtained":[{"floor":14,"key":"Swift Potion"},{"floor":16,"key":"SteroidPotion"},{"floor":21,"key":"Adrenaline Potion"},{"floor":38,"key":"SpeedPotion"}],"is_trial":false,"path_per_floor":["M","?","?","?","M","R","M","R","T","R","M","M","$","M","R","B",null,"M","?","?","M","M","R","E","R","T","R","M","E","M","?","R","B",null,"M","$","M","M","?","R","?","R","T","?","?","M","R","E","R","B",null,null],"character_chosen":"Angela","items_purchased":["PreservedInsect","Happy Flower"],"campfire_rested":0,"item_purchase_floors":[36,36],"current_hp_per_floor":[52,38,54,54,44,44,25,25,25,25,25,24,24,5,5,9,53,57,57,57,65,73,73,85,85,85,85,87,89,81,81,81,88,93,93,93,103,107,107,107,109,109,109,109,109,118,118,124,124,128,128],"gold":696,"neow_bonus":"ONE_RANDOM_RARE_CARD","is_daily":false,"chose_seed":false,"campfire_upgraded":0,"win_rate":0.0,"timestamp":1613564408,"path_taken":["M","?","?","?","M","R","M","R","T","R","M","?","$","M","R","BOSS","M","?","?","M","M","R","E","R","T","R","M","E","M","?","R","BOSS","M","$","M","M","?","R","?","R","T","?","?","?","R","E","R","BOSS"],"items_purchased_type":["Relic","Relic"],"build_version":"2020-12-22","purchased_purges":1,"victory":true,"max_hp_per_floor":[70,70,70,70,70,70,70,70,70,70,70,70,67,67,67,67,67,71,71,71,77,79,79,85,85,85,85,87,89,93,93,93,95,95,101,101,103,107,107,107,114,114,114,114,114,122,122,124,124,128,128],"relic_stats":{"Centennial Puzzle":[6],"Happy Flower":[13],"counters":[26,112],"MealTicket":0,"PreservedInsect":50,"Ginger":[1],"obtain_stats":[{"Ice Cream":43,"RabbitCall":0,"Ginger":34,"SkinProphecy":18,"Replay:Wanted Poster":17,"Frozen Eye":21,"CogitoBucket":0,"Centennial Puzzle":24,"TreeSap":30,"MealTicket":29,"ruina:Prescript":19,"ruina:PrescriptsGrace":24,"Happy Flower":36,"Replay:Grab Bag":17,"PreservedInsect":36,"Replay:Ancient Bell":34,"Guardian:PocketSentry":34,"reliquary:WeakTea":26,"DeathAngel":38,"sneckomod:SneckoTalon":17,"AtMidnight":46,"RedMistMask":1,"reliquary:SculptingSteel":34,"LetterFromLob":1,"Coffee Dripper":17,"Durian":41,"Garlic":48,"ChangeAnything":46,"Mirror":9,"ShedSkin_r":7},{"Ice Cream":21,"RabbitCall":0,"Ginger":16,"SkinProphecy":8,"Replay:Wanted Poster":6,"Frozen Eye":8,"CogitoBucket":0,"Centennial Puzzle":11,"TreeSap":15,"MealTicket":13,"ruina:Prescript":8,"ruina:PrescriptsGrace":11,"Happy Flower":17,"Replay:Grab Bag":6,"PreservedInsect":17,"Replay:Ancient Bell":16,"Guardian:PocketSentry":16,"reliquary:WeakTea":11,"DeathAngel":20,"sneckomod:SneckoTalon":6,"AtMidnight":23,"RedMistMask":1,"reliquary:SculptingSteel":16,"LetterFromLob":1,"Coffee Dripper":6,"Durian":21,"Garlic":24,"ChangeAnything":23,"Mirror":2,"ShedSkin_r":2},{"Ice Cream":91,"RabbitCall":0,"Ginger":70,"SkinProphecy":41,"Replay:Wanted Poster":36,"Frozen Eye":41,"CogitoBucket":0,"Centennial Puzzle":49,"TreeSap":62,"MealTicket":55,"ruina:Prescript":41,"ruina:PrescriptsGrace":49,"Happy Flower":72,"Replay:Grab Bag":36,"PreservedInsect":72,"Replay:Ancient Bell":70,"Guardian:PocketSentry":70,"reliquary:WeakTea":49,"DeathAngel":88,"sneckomod:SneckoTalon":36,"AtMidnight":96,"RedMistMask":6,"reliquary:SculptingSteel":70,"LetterFromLob":6,"Coffee Dripper":36,"Durian":91,"Garlic":99,"ChangeAnything":96,"Mirror":9,"ShedSkin_r":9}]},"card_choices":[{"not_picked":["CherryBlossom"],"picked":"FourthMatchFlame","floor":1.0},{"not_picked":["Penitence","Wingbeat"],"picked":"SKIP","floor":1.0},{"not_picked":["Penitence","CherryBlossom"],"picked":"SKIP","floor":5.0},{"not_picked":["Wingbeat","FrostShard"],"picked":"SKIP","floor":5.0},{"not_picked":["Horn"],"picked":"SoundOfStar","floor":11},{"not_picked":["Hypocrisy"],"picked":"Regret_ego","floor":11},{"not_picked":["Regret_ego"],"picked":"Harvest","floor":11},{"not_picked":["FeatherOfHonor"],"picked":"MagicBullet","floor":12},{"not_picked":["WristCuter","Lamp"],"picked":"SKIP","floor":12},{"not_picked":["Regret_ego"],"picked":"ScreamingWedge","floor":14},{"not_picked":["Noise"],"picked":"FourthMatchFlame","floor":14},{"not_picked":["GoldRush"],"picked":"Twilight","floor":16},{"not_picked":["Wellcheers","SnowQueen"],"picked":"MHz","floor":18},{"not_picked":["Noise"],"picked":"GoldRush","floor":18},{"not_picked":["FeatherOfHonor","Loneliness"],"picked":"SKIP","floor":18},{"not_picked":["CUTE","Gaze"],"picked":"SKIP","floor":18},{"not_picked":["GreenStem+1"],"picked":"SomewhereSpear","floor":21},{"not_picked":["Loneliness"],"picked":"FourthMatchFlame","floor":21},{"not_picked":["Alriune","FieryBird"],"picked":"SpiderBud","floor":21},{"not_picked":["RapturousDream","Wingbeat"],"picked":"SKIP","floor":22},{"not_picked":["Noise"],"picked":"SomewhereSpear","floor":24},{"not_picked":["WhitesApple","CherryBlossoms"],"picked":"Variant","floor":24},{"not_picked":["Lantern+1"],"picked":"GoldRush","floor":24},{"not_picked":["Justitia","Noise"],"picked":"SKIP","floor":28},{"not_picked":["CrimsonScar"],"picked":"LifeForTheDareDevil","floor":29},{"not_picked":["Noise+1"],"picked":"Diffraction+1","floor":29},{"not_picked":["Hypocrisy","BearPaw"],"picked":"SKIP","floor":30},{"not_picked":["DaCapo"],"picked":"Adoration","floor":33},{"not_picked":["Spreading Infection"],"picked":"downfall:Haunted","floor":34},{"not_picked":["Doubt"],"picked":"CommonCold","floor":34},{"not_picked":["ReplayTheSpireMod:Restless Dread"],"picked":"Doubt","floor":34},{"not_picked":["LaLuna","Porccubus"],"picked":"WhiteNight","floor":35},{"not_picked":["Galaxy","ScreamingWedge+1"],"picked":"SKIP","floor":35},{"not_picked":["Hypocrisy"],"picked":"WristCuter+1","floor":37},{"not_picked":["Loneliness+1","Tough+1"],"picked":"Moonlight+1","floor":41},{"not_picked":["SomewhereSpear+1","Wingbeat"],"picked":"GrinderMk4","floor":41},{"not_picked":["Lantern+1","Penitence"],"picked":"CENSORED_ego","floor":46},{"not_picked":["BlackSwan","SingingMachine"],"picked":"LongBird","floor":46},{"not_picked":["LittlePrince","BeautyBeast","MeatLantern"],"picked":"Singing Bowl","floor":48},{"not_picked":["Horn","Mimicry","SomewhereSpear"],"picked":"SKIP","floor":48}],"player_experience":1164445,"relics_obtained":[{"floor":1.0,"key":"LetterFromLob"},{"floor":1.0,"key":"RedMistMask"},{"floor":9,"key":"Mirror"},{"floor":24,"key":"Centennial Puzzle"},{"floor":26,"key":"reliquary:WeakTea"},{"floor":29,"key":"MealTicket"},{"floor":38,"key":"DeathAngel"},{"floor":41,"key":"Durian"},{"floor":43,"key":"Ice Cream"},{"floor":46,"key":"AtMidnight"},{"floor":48,"key":"Garlic"}],"event_choices":[{"damage_healed":0.0,"max_hp_gain":0.0,"max_hp_loss":0.0,"gold_gain":0.0,"event_name":"Shining Light","player_choice":"Entered Light","floor":2.0,"gold_loss":0.0,"damage_taken":14.0,"cards_upgraded":["DaCapo","FourthMatchFlame"]},{"cards_removed":["InformationCode"],"damage_healed":0.0,"max_hp_gain":0.0,"max_hp_loss":0.0,"gold_gain":0.0,"event_name":"Purifier","player_choice":"Purged","floor":4.0,"gold_loss":0.0,"damage_taken":0.0},{"damage_healed":0,"gold_gain":0,"player_choice":"Ignored","damage_taken":0,"max_hp_gain":0,"max_hp_loss":0,"event_name":"Tomb of Lord Red Mask","floor":39,"gold_loss":0},{"damage_healed":0,"gold_gain":0,"player_choice":"Fight","damage_taken":0,"max_hp_gain":0,"max_hp_loss":0,"event_name":"MindBloom","floor":41,"gold_loss":0},{"damage_healed":0,"gold_gain":0,"player_choice":"Memory 1","damage_taken":0,"max_hp_gain":0,"max_hp_loss":0,"event_name":"SensoryStone","floor":44,"gold_loss":0},{"cards_removed":["Variant"],"damage_healed":0,"gold_gain":0,"player_choice":"Removed Skill","damage_taken":0,"max_hp_gain":0,"max_hp_loss":0,"event_name":"Falling","floor":45,"gold_loss":0}],"is_beta":false,"boss_relics":[{"not_picked":["reliquary:KinkedSpring","Runic Pyramid"],"picked":"Replay:Grab Bag"},{"not_picked":["Busted Crown","Painkiller Herb"],"picked":"Replay:Wanted Poster"},{"not_picked":["reliquary:Ember","Cursed Key"],"picked":"Coffee Dripper"},{"not_picked":["Replay:Drink Me","Ring of Chaos"],"picked":"sneckomod:SneckoTalon"},{"not_picked":["Honey Jar","reliquary:RedPaperclip"],"picked":"Replay:Ancient Bell"},{"not_picked":["hexamod:BolsterEngine","Nunchaku"],"picked":"Guardian:PocketSentry"},{"not_picked":["Frozen Egg 2","reliquary:PurpleTingedLeaf"],"picked":"reliquary:SculptingSteel"},{"not_picked":["Peace Pipe","Replay:PocketPolymizer"],"picked":"Ginger"}],"items_purged_floors":[13],"is_endless":false,"potions_floor_spawned":[14,16,21,22,30,33,37,38,46],"ascension_level":11}}