{"host":"ue7jlgf7uv134an9","time":1613522584,"event":{"mods":["BaseMod","Better Third Choice","Colored Map","Defuse TimeMaze Blight","Minty Spire (QoL Compilation)","Quick Restart","Rare Cards Sparkle","Relic Stats","StSLib","UnlockEverythingMod"],"gold_per_floor":[113,113,130,95,113,138,138,138,138,138,159,184,203,276,288,424,436,473,485,512,524,91,91,106,140,215,215,228,228,269,293,293,418,418,433,458,458,53,386,386,412,412,412,412,412,427,455,106,106,106],"floor_reached":51,"language":"ENG","playtime":3660,"items_purged":["Strike_G","Strike_G","Strike_G"],"score":738,"play_id":"0c5b55dd-10e3-4cb6-a6f0-41a9ee1938b5","local_time":"20210216194304","is_ascension_mode":false,"campfire_choices":[{"data":"Dash","floor":7.0,"key":"SMITH"},{"floor":10.0,"key":"REST"},{"data":"Terror","floor":15.0,"key":"SMITH"},{"floor":23.0,"key":"REST"},{"data":"Apotheosis","floor":27.0,"key":"SMITH"},{"floor":32.0,"key":"REST"},{"data":"Accuracy","floor":40,"key":"SMITH"},{"data":"Cloak And Dagger","floor":42,"key":"SMITH"},{"data":"Adrenaline","floor":44,"key":"SMITH"},{"floor":49,"key":"REST"}],"circlet_count":0,"master_deck":["Strike_G+1","Defend_G+1","Defend_G","Defend_G","Defend_G","Defend_G","Survivor","Neutralize","Backflip","Dash+1","Sucker Punch","Predator+1","Slice+1","Terror+1","Cloak And Dagger+1","Adrenaline+1","CurseOfTheBell","Slice+1","Necronomicurse","Apotheosis+1","Finisher+1","Good Instincts","Backflip","All Out Attack+1","Blade Dance","Accuracy+1","Deflect","Escape Plan","Leg Sweep+1"],"relics":["Ring of the Snake","Molten Egg 2","Pear","MawBank","Calling Bell","PreservedInsect","Sundial","Mango","Necronomicon","Lizard Tail","Meat on the Bone","Smiling Mask","Philosopher\u0027s Stone","Pantograph","Boot","Toxic Egg 2","Turnip","Sling"],"acts_visited":["Exordium","TheCity","TheBeyond"],"potions_floor_usage":[47,47,50,50,50],"damage_taken":[{"damage":2.0,"enemies":"Small Slimes","floor":1.0,"turns":5.0},{"damage":0.0,"enemies":"2 Louse","floor":3.0,"turns":3.0},{"damage":4.0,"enemies":"Jaw Worm","floor":5.0,"turns":5.0},{"damage":10.0,"enemies":"Gremlin Nob","floor":6.0,"turns":4.0},{"damage":0.0,"enemies":"3 Louse","floor":11.0,"turns":4.0},{"damage":4.0,"enemies":"2 Fungi Beasts","floor":12.0,"turns":4.0},{"damage":2.0,"enemies":"Exordium Wildlife","floor":13.0,"turns":4.0},{"damage":3.0,"enemies":"3 Sentries","floor":14.0,"turns":6.0},{"damage":17.0,"enemies":"Hexaghost","floor":16.0,"turns":8.0},{"damage":8.0,"enemies":"Shell Parasite","floor":18.0,"turns":4.0},{"damage":7.0,"enemies":"2 Thieves","floor":20.0,"turns":3.0},{"damage":2.0,"enemies":"Cultist and Chosen","floor":24.0,"turns":3.0},{"damage":0.0,"enemies":"Gremlin Leader","floor":25.0,"turns":3.0},{"damage":0.0,"enemies":"Snake Plant","floor":28.0,"turns":3.0},{"damage":7.0,"enemies":"Book of Stabbing","floor":30.0,"turns":3.0},{"damage":1.0,"enemies":"Centurion and Healer","floor":31.0,"turns":3.0},{"damage":62.0,"enemies":"Champ","floor":33.0,"turns":8.0},{"damage":3.0,"enemies":"Orb Walker","floor":35.0,"turns":2.0},{"damage":3,"enemies":"3 Shapes","floor":36,"turns":4},{"damage":8,"enemies":"Transient","floor":46,"turns":5},{"damage":31,"enemies":"Nemesis","floor":47,"turns":4},{"damage":63,"enemies":"Time Eater","floor":50,"turns":14}],"seed_played":"-7071251527639880861","potions_obtained":[{"floor":5.0,"key":"GamblersBrew"},{"floor":6.0,"key":"DuplicationPotion"},{"floor":11.0,"key":"CultistPotion"},{"floor":12.0,"key":"Strength Potion"},{"floor":14.0,"key":"CunningPotion"},{"floor":25.0,"key":"SkillPotion"},{"floor":33.0,"key":"AttackPotion"},{"floor":36,"key":"SteroidPotion"}],"is_trial":false,"path_per_floor":["M","?","M","?","M","E","R","?","T","R","M","M","M","?","R","B",null,"M","?","M","?","$","R","M","E","T","R","M","?","E","M","R","B",null,"M","M","?","$","?","R","T","R","T","R","?","M","E","$","R","B",null],"character_chosen":"THE_SILENT","items_purchased":["Apotheosis","Finisher+1","Good Instincts","Deflect","Escape Plan","Pantograph","Sling","LiquidBronze","EssenceOfSteel"],"campfire_rested":4,"item_purchase_floors":[22,22,22,38,38,38,48,48,48],"current_hp_per_floor":[68,54,54,70,66,56,56,39,49,73,73,69,67,64,64,47,94,86,70,63,63,63,91,89,89,89,89,89,70,63,62,91,41,99,96,93,93,93,93,93,93,93,93,93,93,85,54,54,83,48],"gold":106,"neow_bonus":"THREE_CARDS","is_daily":false,"chose_seed":false,"campfire_upgraded":6,"win_rate":0.0,"timestamp":1613522584,"path_taken":["M","?","M","?","M","E","R","?","T","R","M","M","M","?","R","BOSS","M","?","M","?","$","R","M","E","T","R","M","?","E","M","R","BOSS","M","M","?","?","?","R","?","R","T","R","?","M","E","?","R","BOSS"],"items_purchased_type":["Card","Card","Card","Card","Card","Relic","Relic","Potion","Potion"],"build_version":"2020-12-22","purchased_purges":3,"victory":true,"max_hp_per_floor":[70,70,70,70,70,70,70,70,80,80,80,80,80,80,80,80,94,94,94,94,94,94,94,94,94,94,94,94,99,99,99,99,99,99,99,99,99,99,99,99,99,99,99,99,99,99,99,99,99,99],"relic_stats":{"counters":[22,102],"PreservedInsect":132,"MawBank":96,"Smiling Mask":125,"Boot":[55],"Lizard Tail":0,"Sundial":[4],"Pantograph":16,"Turnip":[0],"Necronomicon":[25],"obtain_stats":[{"Pear":9,"Golden Idol":8,"Mango":17,"PreservedInsect":17,"MawBank":14,"Smiling Mask":30,"Boot":41,"Sling":48,"Calling Bell":17,"Lizard Tail":25,"Sundial":17,"Pantograph":38,"Molten Egg 2":6,"Philosopher\u0027s Stone":34,"Turnip":47,"Necronomicon":19,"Toxic Egg 2":43,"Ring of the Snake":0,"Meat on the Bone":26},{"Pear":4,"Golden Idol":4,"Mango":9,"PreservedInsect":9,"MawBank":8,"Smiling Mask":15,"Boot":19,"Sling":21,"Calling Bell":9,"Lizard Tail":13,"Sundial":9,"Pantograph":19,"Molten Egg 2":4,"Philosopher\u0027s Stone":17,"Turnip":21,"Necronomicon":10,"Toxic Egg 2":19,"Ring of the Snake":0,"Meat on the Bone":13},{"Pear":17,"Golden Idol":17,"Mango":43,"PreservedInsect":43,"MawBank":35,"Smiling Mask":62,"Boot":79,"Sling":88,"Calling Bell":43,"Lizard Tail":56,"Sundial":43,"Pantograph":79,"Molten Egg 2":17,"Philosopher\u0027s Stone":73,"Turnip":88,"Necronomicon":47,"Toxic Egg 2":79,"Ring of the Snake":0,"Meat on the Bone":56}],"Ring of the Snake":[44],"Meat on the Bone":24},"card_choices":[{"not_picked":["Deflect","Choke"],"picked":"Backflip","floor":0.0},{"not_picked":["Deadly Poison","Quick Slash"],"picked":"Dash","floor":1.0},{"not_picked":["Backflip","Bouncing Flask"],"picked":"Sucker Punch","floor":3.0},{"not_picked":["Underhanded Strike","Flechettes"],"picked":"Flying Knee","floor":5.0},{"not_picked":["Acrobatics","Bouncing Flask"],"picked":"Predator+1","floor":6.0},{"not_picked":["Accuracy","Acrobatics"],"picked":"Slice+1","floor":11.0},{"not_picked":["Backflip","Well Laid Plans"],"picked":"Terror","floor":12.0},{"not_picked":["Slice+1","Reflex"],"picked":"Cloak And Dagger","floor":13.0},{"not_picked":["Burst","Wraith Form v2"],"picked":"Adrenaline","floor":16.0},{"not_picked":["Flying Knee+1","Backflip"],"picked":"Slice+1","floor":18.0},{"not_picked":["Prepared+1","Dagger Spray+1","Deadly Poison"],"picked":"SKIP","floor":20.0},{"not_picked":["Endless Agony+1","Eviscerate+1"],"picked":"Backflip","floor":24.0},{"not_picked":["Choke+1","Outmaneuver"],"picked":"All Out Attack+1","floor":25.0},{"not_picked":["Tactician","Eviscerate+1","Masterful Stab+1"],"picked":"SKIP","floor":28.0},{"not_picked":["Cloak And Dagger","Backflip"],"picked":"Blade Dance","floor":30.0},{"not_picked":["Crippling Poison","Wraith Form v2"],"picked":"Accuracy","floor":31.0},{"not_picked":["Poisoned Stab+1","Dagger Spray+1","Dagger Throw+1"],"picked":"SKIP","floor":35.0},{"not_picked":["Quick Slash+1","Deadly Poison","Bane+1"],"picked":"SKIP","floor":36},{"not_picked":["Slice+1","All Out Attack+1","Bouncing Flask+1"],"picked":"SKIP","floor":46},{"not_picked":["Concentrate+1","Dodge and Roll+1"],"picked":"Leg Sweep+1","floor":47}],"player_experience":75703,"relics_obtained":[{"floor":6.0,"key":"Molten Egg 2"},{"floor":9.0,"key":"Pear"},{"floor":14.0,"key":"MawBank"},{"floor":17.0,"key":"PreservedInsect"},{"floor":17.0,"key":"Sundial"},{"floor":17.0,"key":"Mango"},{"floor":19.0,"key":"Necronomicon"},{"floor":25.0,"key":"Lizard Tail"},{"floor":26.0,"key":"Meat on the Bone"},{"floor":30.0,"key":"Smiling Mask"},{"floor":41,"key":"Boot"},{"floor":43,"key":"Toxic Egg 2"},{"floor":47,"key":"Turnip"}],"event_choices":[{"damage_healed":68.0,"max_hp_gain":0.0,"max_hp_loss":70.0,"gold_gain":0.0,"event_name":"betterThird:BetterShining","player_choice":"Upgrade","floor":2.0,"gold_loss":0.0,"damage_taken":14.0,"cards_upgraded":["Defend_G","Strike_G"]},{"damage_healed":17.0,"max_hp_gain":0.0,"max_hp_loss":0.0,"gold_gain":0.0,"event_name":"The Cleric","player_choice":"Healed","floor":4.0,"gold_loss":35.0,"damage_taken":0.0},{"damage_healed":0.0,"max_hp_gain":0.0,"max_hp_loss":0.0,"gold_gain":0.0,"event_name":"Golden Idol","player_choice":"Take Damage","floor":8.0,"gold_loss":0.0,"damage_taken":17.0,"relics_obtained":["Golden Idol"]},{"damage_healed":0.0,"max_hp_gain":0.0,"max_hp_loss":0.0,"gold_gain":0.0,"event_name":"Dead Adventurer","player_choice":"Searched \u00271\u0027 times","floor":14.0,"gold_loss":0.0,"damage_taken":0.0},{"damage_healed":0.0,"max_hp_gain":0.0,"max_hp_loss":0.0,"gold_gain":0.0,"event_name":"Cursed Tome","player_choice":"Obtained Book","floor":19.0,"gold_loss":0.0,"damage_taken":16.0},{"damage_healed":0.0,"max_hp_gain":0.0,"max_hp_loss":0.0,"gold_gain":0.0,"event_name":"Vampires","player_choice":"Ignored","floor":21.0,"gold_loss":0.0,"damage_taken":0.0},{"damage_healed":0.0,"max_hp_gain":5.0,"max_hp_loss":0.0,"gold_gain":0.0,"event_name":"Forgotten Altar","player_choice":"Shed Blood","floor":29.0,"gold_loss":0.0,"damage_taken":24.0},{"cards_removed":["Strike_G"],"damage_healed":0,"gold_gain":0,"player_choice":"Offered Basic","damage_taken":0,"max_hp_gain":0,"max_hp_loss":0,"event_name":"Bonfire Elementals","floor":37,"gold_loss":0},{"damage_healed":0,"gold_gain":333,"player_choice":"Gave Idol","damage_taken":0,"max_hp_gain":0,"max_hp_loss":0,"event_name":"The Moai Head","floor":39,"relics_lost":["Golden Idol"],"gold_loss":0},{"cards_removed":["Flying Knee"],"damage_healed":0,"gold_gain":0,"player_choice":"Removed Attack","damage_taken":0,"max_hp_gain":0,"max_hp_loss":0,"event_name":"Falling","floor":45,"gold_loss":0}],"is_beta":false,"boss_relics":[{"not_picked":["SacredBark","Runic Dome"],"picked":"Calling Bell"},{"not_picked":["Busted Crown","Coffee Dripper"],"picked":"Philosopher\u0027s Stone"}],"items_purged_floors":[22,38,48],"is_endless":false,"potions_floor_spawned":[5,6,11,12,14,25,28,33,36],"ascension_level":0}}