{"host":"373g0ui1bgeshz9m","time":1613524866,"event":{"mods":["Act Like it!","Aspiration","BaseMod","Beaked The Cultist","Better Third Choice","Colored Map","Conspire","Downfall","Halation","Hermit","Hubris","Infinite Spire","Jorbs\u0027s Wanderer Trilogy","Minty Spire (QoL Compilation)","Pale of the Ancients","Permanent Neow","Quick Restart","Replay The Spire","Shade Mod","Shop Mod","Spikes Relics","StSLib","The Animator","The Bladedancer","The Bug Knight","The Construct","The Cursed","The Florist","The Jungle","The Necromancer","The Sage","The Wild Card","Trackpad"],"gold_per_floor":[115,115,115,115,128,128,161,161,187,199,199,225,235,248,248,347,347,333,204,204,204,216,216,216,67,67,67,85,85,85,85,85,189,189,203,218,233,247,247,247],"floor_reached":39,"language":"ENG","playtime":2011,"items_purged":["Strike_B","Strike_B"],"score":414,"play_id":"8d738c71-b281-4f8e-8bd0-b3a3bacd9c5f","local_time":"20210216202106","is_ascension_mode":false,"campfire_choices":[{"data":"Zap","floor":6,"key":"SMITH"},{"data":"ReplayTheSpireMod:Dual Polarity","floor":8,"key":"SMITH"},{"data":"Dualcast","floor":11,"key":"SMITH"},{"data":"Beam Cell","floor":15,"key":"SMITH"},{"data":"Fission","floor":23,"key":"SMITH"},{"data":"Tempest","floor":27,"key":"SMITH"},{"data":"FIFO Queue","floor":29,"key":"SMITH"},{"data":"Sweeping Beam","floor":32,"key":"SMITH"}],"circlet_count":0,"master_deck":["Strike_B","Strike_B","Defend_B","Defend_B","Defend_B","Defend_B","Zap+1","Dualcast+1","Conserve Battery","Reinforced Body","ReplayTheSpireMod:Dual Polarity+1","Gash","Beam Cell+1","Glacier","Ball Lightning","Fission+1","Sweeping Beam+1","Cold Snap","Tempest+1","FIFO Queue+1","infinitespire:Fortify","Redo+1","Streamline+1"],"relics":["Cracked Core","NeowsBlessing","hubris:Icosahedron","Bag of Marbles","Regal Pillow","Boot","Iron Hammer","Pet Ghost"],"acts_visited":["Exordium","TheCity","TheBeyond"],"potions_floor_usage":[33,37],"damage_taken":[{"damage":0.0,"enemies":"Small Slimes","floor":1.0,"turns":1.0},{"damage":0,"enemies":"2 Louse","floor":5,"turns":1},{"damage":0,"enemies":"3 Sentries","floor":7,"turns":1},{"damage":0,"enemies":"Cultist","floor":10,"turns":3},{"damage":18,"enemies":"Lagavulin","floor":12,"turns":6},{"damage":0,"enemies":"Large Slime","floor":13,"turns":3},{"damage":0,"enemies":"Looter","floor":14,"turns":3},{"damage":7,"enemies":"The Guardian","floor":16,"turns":12},{"damage":14,"enemies":"2 Thieves","floor":18,"turns":4},{"damage":0,"enemies":"3 Byrds","floor":22,"turns":6},{"damage":0,"enemies":"Snake Plant","floor":28,"turns":4},{"damage":24,"enemies":"Automaton","floor":33,"turns":9},{"damage":0,"enemies":"3 Shapes","floor":35,"turns":5},{"damage":19,"enemies":"3 Darklings","floor":36,"turns":7},{"damage":25,"enemies":"Jaw Worm Horde","floor":37,"turns":3},{"damage":15,"enemies":"Writhing Mass","floor":38,"turns":4},{"damage":21,"enemies":"Spire Growth","floor":39,"turns":4}],"seed_played":"7774186929623781343","potions_obtained":[{"floor":1.0,"key":"FocusPotion"},{"floor":10,"key":"sneckomod:MuddlingPotion"},{"floor":14,"key":"hexamod:SoulburnPotion"},{"floor":36,"key":"Toxic Potion"},{"floor":37,"key":"BlessingOfTheForge"}],"is_trial":false,"path_per_floor":["M","?","?","?","M","R","E","R","T","M","R","E","M","M","R","B",null,"M","$","?","AVR","M","R","?","$","T","R","M","R","?","T","R","B",null,"M","M","M","M","M"],"character_chosen":"DEFECT","items_purchased":["Cold Snap","Boot"],"campfire_rested":0,"item_purchase_floors":[19,25],"current_hp_per_floor":[75,75,75,75,75,75,75,75,75,75,75,57,57,57,57,50,75,61,61,75,75,75,75,75,75,75,75,75,75,58,58,58,34,75,75,56,31,16,0,0],"gold":247,"neow_bonus":"THREE_ENEMY_KILL","is_daily":false,"chose_seed":false,"campfire_upgraded":8,"win_rate":0.0,"timestamp":1613524866,"path_taken":["M","?","?","?","M","R","E","R","T","M","R","E","M","M","R","BOSS","M","$","?","AVR","?","R","?","$","T","R","M","R","?","?","R","BOSS","M","M","?","M","M"],"items_purchased_type":["Card","Relic"],"build_version":"2020-12-22","purchased_purges":2,"victory":false,"max_hp_per_floor":[75,75,75,75,75,75,75,75,75,75,75,75,75,75,75,75,75,75,75,75,75,75,75,75,75,75,75,75,75,75,75,75,75,75,75,75,75,75,75,75],"card_choices":[{"not_picked":["Scrape","Hologram"],"picked":"Conserve Battery","floor":1.0},{"not_picked":["Compile Driver","Stack"],"picked":"Reinforced Body","floor":5},{"not_picked":["Gash","Sweeping Beam"],"picked":"ReplayTheSpireMod:Dual Polarity","floor":7},{"not_picked":["hubris:SpecializedCircuitry","Leap"],"picked":"Gash","floor":10},{"not_picked":["Conserve Battery","Stack"],"picked":"Beam Cell","floor":12},{"not_picked":["Redo","Skim"],"picked":"Glacier","floor":13},{"not_picked":["Barrage","Turbo"],"picked":"Ball Lightning","floor":14},{"not_picked":["hubris:SpecializedCircuitry","Machine Learning"],"picked":"Fission","floor":16},{"not_picked":["Compile Driver","Coolheaded"],"picked":"Sweeping Beam","floor":18},{"not_picked":["Compile Driver","Rip and Tear"],"picked":"Tempest","floor":22},{"not_picked":["Beam Cell","Cold Snap+1"],"picked":"FIFO Queue","floor":28},{"not_picked":["Replay:Fractal Strike","infinitespire:FinalStrike"],"picked":"infinitespire:Fortify","floor":30},{"not_picked":["Stack+1","Skim"],"picked":"Redo+1","floor":35},{"not_picked":["Chaos","BasicCrystalCard"],"picked":"Streamline+1","floor":36},{"not_picked":["Recycle","Conserve Battery+1","DiskWipe"],"picked":"SKIP","floor":37},{"not_picked":["Go for the Eyes","Sunder+1","BasicCrystalCard+1"],"picked":"SKIP","floor":38}],"player_experience":362460,"relics_obtained":[{"floor":7,"key":"Bag of Marbles"},{"floor":12,"key":"Regal Pillow"},{"floor":26,"key":"Iron Hammer"},{"floor":31,"key":"Pet Ghost"}],"event_choices":[{"damage_healed":0.0,"max_hp_gain":0.0,"max_hp_loss":0.0,"gold_gain":0.0,"event_name":"conspire:LoneGhost","player_choice":"Disagree","floor":2.0,"gold_loss":0.0,"damage_taken":0.0},{"damage_healed":14,"gold_gain":0,"player_choice":"Full Heal","damage_taken":0,"max_hp_gain":0,"max_hp_loss":0,"event_name":"Wheel of Change","floor":20,"gold_loss":0},{"damage_healed":0,"gold_gain":0,"player_choice":"Leave","damage_taken":0,"max_hp_gain":0,"max_hp_loss":0,"event_name":"conspire:Investor","floor":24,"gold_loss":0}],"is_beta":false,"boss_relics":[{"not_picked":["halation:ForbiddenBikini","Coffee Dripper","hubris:VirtuousBlindfold"]},{"not_picked":["Replay:Bronze Core","Replay:Fungal Core","aspiration:IroncladSkillbook"]}],"items_purged_floors":[19,21],"is_endless":false,"potions_floor_spawned":[1,10,14,16,18,22,28,36,37,38],"killed_by":"Spire Growth","ascension_level":0}}