{"host":"zdcz0a6aak4rnx0s","time":1613605232,"event":{"mods":["AchievementEnabler","BaseMod","Colored Map","Colored Powertips","Minty Spire (QoL Compilation)","StSLib"],"gold_per_floor":[116,41,55,55,13,40,40,57,80,100,112,125,137,157,157,234,234,245,62,62,74,74,74,32,0,0,0,0,16,34,34,34,34,34],"floor_reached":33,"language":"ENG","playtime":1357,"items_purged":["Strike_R","Strike_R"],"score":546,"play_id":"7640ce47-f875-49f2-a361-4a89d653c677","local_time":"20210217174032","is_ascension_mode":true,"campfire_choices":[{"data":"Whirlwind","floor":7.0,"key":"SMITH"},{"data":"True Grit","floor":15.0,"key":"SMITH"},{"data":"Power Through","floor":23,"key":"SMITH"},{"data":"Rampage","floor":28,"key":"SMITH"},{"floor":32,"key":"REST"}],"circlet_count":0,"master_deck":["AscendersBane","Strike_R+1","Strike_R+1","Defend_R","Defend_R","Defend_R","Defend_R","Bash","Battle Trance","Headbutt","Whirlwind+1","Combust","Power Through+1","Evolve","True Grit+1","Fire Breathing","Writhe","Rampage+1"],"relics":["Burning Blood","NeowsBlessing","Happy Flower","Whetstone","Busted Crown","Mango","The Courier","MutagenicStrength"],"acts_visited":["Exordium","TheCity"],"potions_floor_usage":[16,18,18,33],"damage_taken":[{"damage":0.0,"enemies":"Small Slimes","floor":1.0,"turns":1.0},{"damage":0.0,"enemies":"Cultist","floor":3.0,"turns":1.0},{"damage":0.0,"enemies":"Lagavulin","floor":6.0,"turns":1.0},{"damage":0.0,"enemies":"2 Louse","floor":8.0,"turns":1.0},{"damage":0.0,"enemies":"Exordium Wildlife","floor":10.0,"turns":2.0},{"damage":0.0,"enemies":"Large Slime","floor":11.0,"turns":4.0},{"damage":4.0,"enemies":"3 Louse","floor":12.0,"turns":2.0},{"damage":0.0,"enemies":"Red Slaver","floor":13.0,"turns":4.0},{"damage":3.0,"enemies":"Blue Slaver","floor":14.0,"turns":3.0},{"damage":57,"enemies":"The Guardian","floor":16,"turns":13},{"damage":27,"enemies":"Shell Parasite","floor":18,"turns":5},{"damage":13,"enemies":"Spheric Guardian","floor":21,"turns":5},{"damage":28,"enemies":"3 Cultists","floor":29,"turns":4},{"damage":17,"enemies":"Chosen and Byrds","floor":30,"turns":5},{"damage":96,"enemies":"Automaton","floor":33,"turns":8}],"seed_played":"2156059234278587517","potions_obtained":[{"floor":3.0,"key":"Swift Potion"},{"floor":6.0,"key":"ColorlessPotion"},{"floor":14.0,"key":"BloodPotion"},{"floor":16,"key":"SkillPotion"},{"floor":30,"key":"BlessingOfTheForge"}],"is_trial":false,"path_per_floor":["M","$","M","?","$","E","R","M","T","M","M","M","M","M","R","B",null,"M","$","?","M","?","R","$","?","T","?","R","M","M","?","R","B"],"character_chosen":"IRONCLAD","items_purchased":["Whirlwind","Fire Breathing","Rampage"],"campfire_rested":1,"item_purchase_floors":[5,19,24],"current_hp_per_floor":[74,74,75,75,75,75,75,75,75,75,75,75,75,75,75,24,62,56,56,70,63,63,63,63,63,63,99,99,77,66,66,95,0,0],"gold":34,"neow_bonus":"THREE_ENEMY_KILL","is_daily":false,"chose_seed":false,"campfire_upgraded":4,"win_rate":0.0,"timestamp":1613605232,"path_taken":["M","$","M","?","$","E","R","?","T","M","M","M","M","M","R","BOSS","M","$","?","M","?","R","$","?","T","?","R","M","?","?","R","BOSS"],"items_purchased_type":["Card","Card","Card"],"build_version":"2020-12-22","purchased_purges":2,"victory":false,"max_hp_per_floor":[75,75,75,75,75,75,75,75,75,75,75,75,75,75,75,75,75,75,75,89,89,89,89,89,89,89,99,99,99,99,99,99,99,99],"card_choices":[{"not_picked":["Armaments","Clash"],"picked":"Battle Trance","floor":1.0},{"not_picked":["Thunderclap","Clothesline"],"picked":"Headbutt","floor":3.0},{"not_picked":["Reckless Charge","Perfected Strike"],"picked":"Combust","floor":6.0},{"not_picked":["Hemokinesis","Inflame"],"picked":"Power Through","floor":8.0},{"not_picked":["Warcry","Clothesline","Bludgeon"],"picked":"SKIP","floor":10.0},{"not_picked":["Clothesline","Sword Boomerang","Warcry"],"picked":"SKIP","floor":11.0},{"not_picked":["Clothesline","Sever Soul"],"picked":"Evolve","floor":12.0},{"not_picked":["Sword Boomerang","Clash","Twin Strike"],"picked":"SKIP","floor":13.0},{"not_picked":["Twin Strike","Flex"],"picked":"True Grit","floor":14.0},{"not_picked":["Exhume","Limit Break"],"picked":"Immolate","floor":16},{"not_picked":["Cleave"],"picked":"SKIP","floor":18},{"not_picked":["Armaments"],"picked":"SKIP","floor":21},{"not_picked":["Reckless Charge"],"picked":"SKIP","floor":29},{"not_picked":["Dual Wield"],"picked":"SKIP","floor":30}],"player_experience":1037437,"relics_obtained":[{"floor":6.0,"key":"Happy Flower"},{"floor":9.0,"key":"Whetstone"},{"floor":26,"key":"The Courier"}],"event_choices":[{"cards_removed":["Strike_R"],"damage_healed":0.0,"max_hp_gain":0.0,"max_hp_loss":0.0,"gold_gain":0.0,"event_name":"Purifier","player_choice":"Purged","floor":4.0,"gold_loss":0.0,"damage_taken":0.0},{"damage_healed":0,"gold_gain":0,"player_choice":"Opened","damage_taken":0,"relics_obtained":["Mango"],"max_hp_gain":0,"max_hp_loss":0,"event_name":"The Mausoleum","floor":20,"gold_loss":0,"cards_obtained":["Writhe"]},{"damage_healed":0,"gold_gain":0,"player_choice":"Ignored","damage_taken":0,"max_hp_gain":0,"max_hp_loss":0,"event_name":"Vampires","floor":22,"gold_loss":0},{"damage_healed":0,"gold_gain":0,"player_choice":"Paid Fearfully","damage_taken":0,"max_hp_gain":0,"max_hp_loss":0,"event_name":"Masked Bandits","floor":25,"gold_loss":32},{"cards_removed":["Immolate"],"damage_healed":26,"gold_gain":0,"player_choice":"Offered Rare","damage_taken":0,"max_hp_gain":10,"max_hp_loss":0,"event_name":"Bonfire Elementals","floor":27,"gold_loss":0},{"damage_healed":0,"gold_gain":0,"player_choice":"Inject Mutagens","damage_taken":0,"relics_obtained":["MutagenicStrength"],"max_hp_gain":0,"max_hp_loss":0,"event_name":"Drug Dealer","floor":31,"gold_loss":0}],"is_beta":false,"boss_relics":[{"not_picked":["Ectoplasm","Runic Pyramid"],"picked":"Busted Crown"}],"items_purged_floors":[2,19],"is_endless":false,"potions_floor_spawned":[3,6,11,14,16,30],"killed_by":"Automaton","ascension_level":18}}