{"host":"ypphcgdomtfqpc2w","time":1613569209,"event":{"mods":["BaseMod","Marisa（霧雨　魔理沙）","Minty Spire (QoL Compilation)","StSLib"],"gold_per_floor":[119,149,174,174,205,205,252,252,278,278,59,108,160,240,240,354,354,395,395,452,2,69,130,130,222,234,285,212,224,288,362,374,501,513,651,799,15,15,149,234,67,172,247,247,375,482,84,174,174,204,324,324,324,13,63,63],"floor_reached":57,"language":"ENG","playtime":7088,"items_purged":["Strike_MRS","Pain","Strike_MRS+1","Robbery"],"score":3065,"play_id":"a98094ac-290f-4f98-a896-73b88422fb84","local_time":"20210217224009","is_ascension_mode":true,"campfire_choices":[{"data":"MasterSpark","floor":6.0,"key":"SMITH"},{"data":"6A","floor":8.0,"key":"SMITH"},{"floor":10.0,"key":"REST"},{"data":"MagicChant","floor":15.0,"key":"SMITH"},{"floor":24.0,"key":"REST"},{"floor":32.0,"key":"RECALL"},{"floor":44.0,"key":"DIG"},{"floor":49.0,"key":"DIG"},{"floor":53,"key":"DIG"}],"circlet_count":0,"master_deck":["AscendersBane","Strike_MRS+1","Defend_MRS+1","Defend_MRS","Defend_MRS","Defend_MRS","MasterSpark+1","UpSweep+1","EarthLightRay+1","SprinkleStarSeal","6A+1","LuminesStrike+1","WitchOfGreed","ShootTheMoon","MagicChant+1","CasketOfStar","MagicChant","FairyDestructionRay","GravityBeat+1","BlazeAway","UltimateShortwave","Acceleration+1","Orbital","EventHorizon","AsteroidBelt","SuperNova","CurseOfTheBell","MagicChant","EnergyFlow","MagicChant","DarkMatter+1","GasGiant","ManaConvection","MilkyWay+1","Acceleration+1","GravityBeat+1","SuperPerseids","MeteoricShower","DarkMatter","GravityBeat"],"relics":["MiniHakkero","War Paint","ClockworkSouvenir","Happy Flower","Anchor","Fusion Hammer","Gambling Chip","Prayer Wheel","MawBank","AmplifyWand","HornCleat","WarpedTongs","Bronze Scales","Calling Bell","Blood Vial","Meat on the Bone","Shovel","BreadOfAWashokuLover","Frozen Eye","Nunchaku","Toy Ornithopter","DollysMirror","Bottled Tornado","Pantograph","Bag of Marbles","Membership Card","PreservedInsect","CeramicFish","Vajra","Eternal Feather","Whetstone","HandDrill","Akabeko"],"acts_visited":["Exordium","TheCity","TheBeyond","TheEnding"],"potions_floor_usage":[55,56,56],"damage_taken":[{"damage":4.0,"enemies":"Small Slimes","floor":1.0,"turns":3.0},{"damage":2.0,"enemies":"2 Louse","floor":2.0,"turns":2.0},{"damage":1.0,"enemies":"Cultist","floor":3.0,"turns":3.0},{"damage":7.0,"enemies":"Red Slaver","floor":5.0,"turns":5.0},{"damage":5.0,"enemies":"3 Sentries","floor":7.0,"turns":5.0},{"damage":24.0,"enemies":"Gremlin Nob","floor":12.0,"turns":5.0},{"damage":0.0,"enemies":"Gremlin Gang","floor":13.0,"turns":5.0},{"damage":9.0,"enemies":"3 Sentries","floor":14.0,"turns":6.0},{"damage":50.0,"enemies":"Hexaghost","floor":16.0,"turns":11.0},{"damage":8.0,"enemies":"2 Thieves","floor":18.0,"turns":4.0},{"damage":4.0,"enemies":"Chosen","floor":20.0,"turns":3.0},{"damage":18.0,"enemies":"Snake Plant","floor":22.0,"turns":4.0},{"damage":32.0,"enemies":"Slavers","floor":23.0,"turns":6.0},{"damage":0.0,"enemies":"Gremlin Leader","floor":25.0,"turns":6.0},{"damage":2.0,"enemies":"3 Cultists","floor":27.0,"turns":4.0},{"damage":3.0,"enemies":"Snecko","floor":30.0,"turns":5.0},{"damage":15.0,"enemies":"Slavers","floor":31.0,"turns":4.0},{"damage":31.0,"enemies":"Collector","floor":33.0,"turns":6.0},{"damage":3.0,"enemies":"3 Shapes","floor":35.0,"turns":8.0},{"damage":27.0,"enemies":"3 Darklings","floor":36.0,"turns":10.0},{"damage":10.0,"enemies":"Maw","floor":39.0,"turns":7.0},{"damage":27.0,"enemies":"Reptomancer","floor":40.0,"turns":4.0},{"damage":1.0,"enemies":"Jaw Worm Horde","floor":42.0,"turns":5.0},{"damage":12.0,"enemies":"Giant Head","floor":45.0,"turns":5.0},{"damage":1.0,"enemies":"Writhing Mass","floor":46.0,"turns":5.0},{"damage":0.0,"enemies":"Nemesis","floor":48.0,"turns":5.0},{"damage":27,"enemies":"Time Eater","floor":50,"turns":11},{"damage":1,"enemies":"Awakened One","floor":51,"turns":6},{"damage":24,"enemies":"Shield and Spear","floor":55,"turns":4},{"damage":40,"enemies":"The Heart","floor":56,"turns":7}],"seed_played":"-5200799159226870155","potions_obtained":[{"floor":1.0,"key":"Dexterity Potion"},{"floor":3.0,"key":"Block Potion"},{"floor":5.0,"key":"Fire Potion"},{"floor":7.0,"key":"PowerPotion"},{"floor":12.0,"key":"SneckoOil"},{"floor":13.0,"key":"PowerPotion"},{"floor":14.0,"key":"Fruit Juice"},{"floor":16.0,"key":"Energy Potion"},{"floor":16.0,"key":"BottledSpark"},{"floor":18.0,"key":"Fire Potion"},{"floor":20.0,"key":"SteroidPotion"},{"floor":22.0,"key":"Regen Potion"},{"floor":23.0,"key":"PowerPotion"},{"floor":25.0,"key":"Explosive Potion"},{"floor":25.0,"key":"SmokeBomb"},{"floor":27.0,"key":"Weak Potion"},{"floor":30.0,"key":"Dexterity Potion"},{"floor":31.0,"key":"StarNLove"},{"floor":31.0,"key":"AttackPotion"},{"floor":33.0,"key":"SpeedPotion"},{"floor":35.0,"key":"DuplicationPotion"},{"floor":36.0,"key":"DistilledChaos"},{"floor":39.0,"key":"Explosive Potion"},{"floor":40.0,"key":"SkillPotion"},{"floor":42.0,"key":"BlessingOfTheForge"},{"floor":42.0,"key":"Explosive Potion"},{"floor":45.0,"key":"Swift Potion"},{"floor":46.0,"key":"BlessingOfTheForge"},{"floor":55,"key":"Fire Potion"}],"is_trial":false,"path_per_floor":["M","M","M","?","M","R","E","R","T","R","$","E","M","E","R","B",null,"M","?","M","$","M","E","R","E","T","M","?","?","M","E","R","B",null,"M","M","$","?","M","E","$","M","T","R","E","M","$","E","R","B","B",null,"R","$","E","B",null],"character_chosen":"MARISA","items_purchased":["WitchOfGreed","ClockworkSouvenir","Gambling Chip","GravityBeat","GasGiant","BreadOfAWashokuLover","Frozen Eye","Nunchaku","DollysMirror","Membership Card","PreservedInsect","Fruit Juice","SkillPotion","Whetstone","MeteoricShower","HandDrill","DarkMatter"],"campfire_rested":2,"item_purchase_floors":[11,11,21,21,37,37,37,37,41,47,47,47,47,54,54,54,54],"current_hp_per_floor":[59,57,60,39,36,36,35,35,35,56,56,38,44,41,41,2,57,55,55,51,51,39,28,50,56,56,60,60,60,63,54,54,29,64,69,50,50,50,51,41,41,54,54,54,52,73,80,93,93,72,92,93,93,93,69,64],"gold":63,"neow_bonus":"UPGRADE_CARD","is_daily":false,"chose_seed":false,"campfire_upgraded":3,"win_rate":0.0,"timestamp":1613569209,"path_taken":["M","M","M","?","M","R","E","R","T","R","$","E","M","E","R","BOSS","M","?","M","$","M","E","R","E","T","M","?","?","?","E","R","BOSS","M","M","$","?","?","E","$","M","T","R","E","M","$","E","R","BOSS","BOSS","R","$","E","BOSS"],"items_purchased_type":["Card","Relic","Relic","Card","Card","Relic","Relic","Relic","Relic","Relic","Relic","Potion","Potion","Relic","Card","Relic","Card"],"build_version":"2020-12-22","purchased_purges":4,"victory":true,"max_hp_per_floor":[70,70,70,70,70,70,70,70,70,70,70,70,70,70,70,75,75,75,75,75,75,75,75,75,75,75,75,75,75,75,75,75,75,75,75,75,75,75,75,75,75,75,75,75,75,75,80,93,93,93,93,93,93,93,93,93],"card_choices":[{"not_picked":["DarkMatter","Acceleration"],"picked":"Robbery","floor":1.0},{"not_picked":["StarBarrage","PowerUp"],"picked":"EarthLightRay","floor":2.0},{"not_picked":["DC","IllusionStar"],"picked":"SprinkleStarSeal","floor":3.0},{"not_picked":["UnstableBomb","MysteriousBeam"],"picked":"6A","floor":5.0},{"not_picked":["ManaConvection","PowerUp"],"picked":"LuminesStrike","floor":7.0},{"not_picked":["LuminesStrike","GravityBeat"],"picked":"ShootTheMoon","floor":12.0},{"not_picked":["MysteriousBeam","DoubleSpark"],"picked":"MagicChant","floor":13.0},{"not_picked":["WitchOfGreed","GasGiant","IllusionStar"],"picked":"SKIP","floor":14.0},{"not_picked":["ManaRampage","SatelliteIllusion"],"picked":"CasketOfStar","floor":16.0},{"not_picked":["DragonMeteor","StarBarrage"],"picked":"MagicChant","floor":18.0},{"not_picked":["PowerUp","Orbital"],"picked":"FairyDestructionRay","floor":20.0},{"not_picked":["DC","UnstableBomb+1"],"picked":"BlazeAway","floor":22.0},{"not_picked":["OrrerysSun","PulseMagic"],"picked":"UltimateShortwave","floor":23.0},{"not_picked":["EnergyFlow","MagicAbsorber"],"picked":"Acceleration+1","floor":25.0},{"not_picked":["ChargingUp","MachineGunSpark"],"picked":"Orbital","floor":27.0},{"not_picked":["IllusionStar","DarkSpark"],"picked":"EventHorizon","floor":27.0},{"not_picked":["WitchLeyline","MagicAbsorber"],"picked":"AsteroidBelt","floor":30.0},{"not_picked":["WitchOfGreed","PropBag","WitchLeyline"],"picked":"SKIP","floor":30.0},{"not_picked":["IllusionStar","ShootTheMoon","EscapeVelocity"],"picked":"SKIP","floor":31.0},{"not_picked":["TreasureHunter","SatelliteIllusion"],"picked":"SuperNova","floor":33.0},{"not_picked":["LuminesStrike","CollectingQuirk"],"picked":"MagicChant","floor":35.0},{"not_picked":["LuminesStrike","ChargingUp"],"picked":"EnergyFlow","floor":35.0},{"not_picked":["DragonMeteor","UnstableBomb"],"picked":"MagicChant","floor":36.0},{"not_picked":["WitchLeyline+1","MysteriousBeam"],"picked":"DarkMatter+1","floor":36.0},{"not_picked":["AsteroidBelt","MysteriousBeam+1"],"picked":"MilkyWay+1","floor":39.0},{"not_picked":["DoubleSpark","SporeBomb","IllusionStar+1"],"picked":"SKIP","floor":39.0},{"not_picked":["Robbery","StarlightTyphoon+1","MaximisePower"],"picked":"SKIP","floor":40.0},{"not_picked":["Acceleration","AsteroidBelt"],"picked":"GravityBeat+1","floor":42.0},{"not_picked":["Robbery","FairyDestructionRay+1"],"picked":"SuperPerseids","floor":42.0},{"not_picked":["6A","Acceleration","TreasureHunter"],"picked":"SKIP","floor":45.0},{"not_picked":["OpenUniverse","IllusionStar","WitchOfGreed+1"],"picked":"SKIP","floor":46.0},{"not_picked":["SporeBomb","ShootTheMoon","GalacticHalo"],"picked":"SKIP","floor":46.0},{"not_picked":["FinalSpark","6A+1","MysteriousBeam"],"picked":"SKIP","floor":48.0},{"not_picked":["GravityBeat","MachineGunSpark","ChargeUpSpray+1"],"picked":"SKIP","floor":55},{"not_picked":["MachineGunSpark","ChargeUpSpray+1"],"picked":"GravityBeat","floor":55}],"player_experience":3315484,"relics_obtained":[{"floor":7.0,"key":"War Paint"},{"floor":12.0,"key":"Happy Flower"},{"floor":14.0,"key":"Anchor"},{"floor":23.0,"key":"Prayer Wheel"},{"floor":25.0,"key":"MawBank"},{"floor":26.0,"key":"AmplifyWand"},{"floor":31.0,"key":"Bronze Scales"},{"floor":34.0,"key":"Blood Vial"},{"floor":34.0,"key":"Meat on the Bone"},{"floor":34.0,"key":"Shovel"},{"floor":40.0,"key":"Toy Ornithopter"},{"floor":43.0,"key":"Bottled Tornado"},{"floor":44.0,"key":"Pantograph"},{"floor":45.0,"key":"Bag of Marbles"},{"floor":48.0,"key":"CeramicFish"},{"floor":49.0,"key":"Vajra"},{"floor":53,"key":"Eternal Feather"},{"floor":55,"key":"Akabeko"}],"event_choices":[{"damage_healed":0.0,"max_hp_gain":0.0,"max_hp_loss":0.0,"gold_gain":0.0,"event_name":"Shining Light","player_choice":"Entered Light","floor":4.0,"gold_loss":0.0,"damage_taken":21.0,"cards_upgraded":["Strike_MRS","Strike_MRS"]},{"damage_healed":0.0,"max_hp_gain":0.0,"max_hp_loss":0.0,"gold_gain":0.0,"event_name":"Ghosts","player_choice":"Ignored","floor":19.0,"gold_loss":0.0,"damage_taken":0.0},{"damage_healed":0.0,"max_hp_gain":0.0,"max_hp_loss":0.0,"gold_gain":0.0,"event_name":"Addict","player_choice":"Obtained Relic","floor":28.0,"gold_loss":85.0,"damage_taken":0.0,"relics_obtained":["HornCleat"]},{"damage_healed":0.0,"max_hp_gain":0.0,"max_hp_loss":0.0,"gold_gain":0.0,"event_name":"Accursed Blacksmith","player_choice":"Rummage","floor":29.0,"gold_loss":0.0,"damage_taken":0.0,"relics_obtained":["WarpedTongs"],"cards_obtained":["Pain"]},{"damage_healed":0.0,"max_hp_gain":0.0,"max_hp_loss":0.0,"gold_gain":0.0,"cards_transformed":["Strike_MRS"],"event_name":"Transmorgrifier","player_choice":"Transformed","floor":38.0,"gold_loss":0.0,"damage_taken":0.0,"cards_obtained":["ManaConvection"]}],"is_beta":false,"boss_relics":[{"not_picked":["Pandora\u0027s Box","Astrolabe"],"picked":"Fusion Hammer"},{"not_picked":["ExperimentalFamiliar","Sozu"],"picked":"Calling Bell"}],"items_purged_floors":[21,37,47,54],"is_endless":false,"potions_floor_spawned":[1,3,5,7,16,22,25,30,31,36,42,45,46,48],"ascension_level":20}}