{"host":"1445u9fdo06cpl2a","time":1613590461,"event":{"mods":["AchievementEnabler","Aspiration","Astrologer","Bard","BaseMod","Better Skull","BetterRewards","Colored Map","Colored Powertips","Conspire","Curses Come First","DeckTracker","Duelist Mod","GifTheSpireLib","GungeonMod","Halation","Hermit","Highlight Path","Hubris","Infinite Spire","Minty Spire (QoL Compilation)","Permanent Neow","Random Character Button","Rare Cards Sparkle","Replay The Spire","Shop Mod","Spire Arcade","StSLib","Stuff the Spire","Td1madao Mod","The Blackbeard","The Bladedancer","The Construct","The Cursed","The Forsaken","The Gatherer","The Hierophant","The Marked","The Mystic","The Necromancer","The Poker Player","The Runesmith","The Saiyan"],"gold_per_floor":[117,129,129,54,70,104,104,119,119,119,146,165,192,204,204,309,309,325,344,344,344,344,374,390,390,413,444,457,457,473,483,483,587,587,600,620,620,630,704,704,714,714,714,744,744,763,763,780,780,780,780],"floor_reached":50,"language":"ENG","playtime":4753,"items_purged":["mysticmod:Strike_Mystic"],"score":536,"play_id":"5f4a7637-1fbb-495d-a30f-cb5029578332","local_time":"20210217193421","is_ascension_mode":false,"campfire_choices":[{"data":"mysticmod:Haste","floor":7.0,"key":"SMITH"},{"floor":15.0,"key":"DIG"},{"data":"mysticmod:GreaterInvisibility","floor":25.0,"key":"SMITH"},{"data":"mysticmod:Strike_Mystic","floor":32.0,"key":"PURGE"},{"data":"mysticmod:PunishingArmor","floor":40,"key":"SMITH"},{"data":"mysticmod:MightyMagic","floor":42,"key":"SMITH"},{"data":"ReplayTheSpireMod:Black Plague","floor":45,"key":"SMITH"},{"floor":49,"key":"REST"}],"circlet_count":0,"master_deck":["mysticmod:Strike_Mystic","mysticmod:Strike_Mystic","mysticmod:Defend_Mystic","mysticmod:Defend_Mystic","mysticmod:Defend_Mystic","mysticmod:Defend_Mystic","mysticmod:ArcaneDodge","mysticmod:ShockingGrasp","mysticmod:PowerSlash","infinitespire:Fortify","mysticmod:SuddenClarity","mysticmod:Haste+1","mysticmod:LightningBolt","mysticmod:Spellstrike+1","mysticmod:PunishingArmor+1","mysticmod:Lunge+1","mysticmod:PreparedCaster+1","mysticmod:GreaterInvisibility+1","mysticmod:Sideswipe+1","mysticmod:MagicWeapon+1","mysticmod:Riposte","mysticmod:BladedDash+1","mysticmod:MightyMagic+1","ReplayTheSpireMod:Black Plague+1"],"relics":["mysticmod:SpellBook","aspiration:Nostalgia","StuffTheSpire:OccultApparatus","aspiration:FetidBarrel","StuffTheSpire:PointBlank","Replay:Wax Seal","DemoMod:DecoyRelic","StuffTheSpire:OldFever","halation:ForbiddenBikini","infinitespire:EmpoweringShard","Boot","Anchor","hubris:ScarierMask","hubris:TenFootPole","Replay:Bottled Steam","Bronze Scales"],"acts_visited":["Exordium","TheCity","TheBeyond"],"potions_floor_usage":[38,50],"damage_taken":[{"damage":4.0,"enemies":"Cultist","floor":1.0,"turns":4.0},{"damage":0.0,"enemies":"Small Slimes","floor":2.0,"turns":4.0},{"damage":0.0,"enemies":"Jaw Worm","floor":5.0,"turns":4.0},{"damage":10.0,"enemies":"3 Sentries","floor":6.0,"turns":10.0},{"damage":0.0,"enemies":"Looter","floor":8.0,"turns":3.0},{"damage":3.0,"enemies":"Lagavulin","floor":11.0,"turns":9.0},{"damage":0.0,"enemies":"Large Slime","floor":12.0,"turns":5.0},{"damage":16.0,"enemies":"Gremlin Nob","floor":13.0,"turns":4.0},{"damage":0.0,"enemies":"Red Slaver","floor":14.0,"turns":2.0},{"damage":11.0,"enemies":"Fading Forest","floor":16.0,"turns":11.0},{"damage":4.0,"enemies":"Chosen","floor":18.0,"turns":4.0},{"damage":1.0,"enemies":"3 Byrds","floor":19.0,"turns":4.0},{"damage":4.0,"enemies":"Nightmare","floor":23.0,"turns":8.0},{"damage":1.0,"enemies":"Centurion and Healer","floor":24.0,"turns":6.0},{"damage":7.0,"enemies":"Slavers","floor":27.0,"turns":5.0},{"damage":0.0,"enemies":"Cultist and Chosen","floor":28.0,"turns":3.0},{"damage":20.0,"enemies":"Snecko","floor":30.0,"turns":6.0},{"damage":14.0,"enemies":"Snake Plant","floor":31.0,"turns":5.0},{"damage":2.0,"enemies":"Champ","floor":33.0,"turns":11.0},{"damage":12,"enemies":"3 Shapes","floor":35,"turns":4},{"damage":0,"enemies":"3 Darklings","floor":36,"turns":4},{"damage":5,"enemies":"Maw","floor":38,"turns":8},{"damage":0,"enemies":"Spire Growth","floor":41,"turns":5},{"damage":9,"enemies":"Nightmare","floor":44,"turns":9},{"damage":0,"enemies":"3 Darklings","floor":46,"turns":3},{"damage":0,"enemies":"Sphere and 2 Shapes","floor":48,"turns":2},{"damage":94,"enemies":"LordOfAnnihilation","floor":50,"turns":10}],"seed_played":"-9023105866704529335","potions_obtained":[{"floor":5.0,"key":"Weak Potion"},{"floor":6.0,"key":"DemoMod:LeadSkinPotion"},{"floor":11.0,"key":"AttackPotion"},{"floor":12.0,"key":"Adrenaline Potion"},{"floor":23.0,"key":"Dexterity Potion"},{"floor":36,"key":"Block Potion"}],"is_trial":false,"path_per_floor":["M","M","?","$","M","E","R","M","T","?","E","M","E","M","R_BF","B",null,"M","M","?","?","$","NM","M","R","T","E","M","?","M","M","R_BF","B",null,"M","M","$","M","?","R","M","R","T","NM","R","M","$","M","R","B"],"character_chosen":"MYSTIC_CLASS","items_purchased":[],"campfire_rested":1,"item_purchase_floors":[],"current_hp_per_floor":[73,73,73,73,73,63,63,63,63,63,60,60,44,44,44,39,77,73,72,72,72,72,68,67,67,67,60,60,60,40,26,26,24,77,65,65,65,60,41,41,41,41,41,32,32,32,32,32,55,0,0],"gold":780,"neow_bonus":"NOSTALGIA","is_daily":false,"chose_seed":false,"campfire_upgraded":5,"win_rate":0.0,"timestamp":1613590461,"path_taken":["M","M","?","$","M","E","R","?","T","?","E","M","E","M","R_BF","BOSS","M","M","?","?","$","NM","M","R","T","E","M","?","?","M","R_BF","BOSS","M","M","?","?","?","R","M","R","T","NM","R","M","$","M","R","BOSS"],"items_purchased_type":[],"build_version":"2020-12-22","purchased_purges":1,"victory":false,"max_hp_per_floor":[77,77,77,77,77,77,77,77,77,77,77,77,77,77,77,77,77,77,77,77,77,77,77,77,77,77,77,77,77,77,77,77,77,77,77,77,77,77,77,77,77,77,77,77,77,77,77,77,77,77,77],"card_choices":[{"not_picked":["mysticmod:Disengage","mysticmod:HeavyStrike"],"picked":"mysticmod:SuddenClarity","floor":1.0},{"not_picked":["mysticmod:PureInstinct","mysticmod:CorrosiveTouch"],"picked":"mysticmod:PowerSlash","floor":2.0},{"not_picked":["mysticmod:PowerAttack","mysticmod:FloatingDisk"],"picked":"mysticmod:SuddenClarity","floor":5.0},{"not_picked":["mysticmod:ComponentsPouch","mysticmod:Shield"],"picked":"mysticmod:Haste","floor":6.0},{"not_picked":["mysticmod:Shield","mysticmod:DiviningBlow"],"picked":"mysticmod:LightningBolt","floor":8.0},{"not_picked":["mysticmod:Daze","mysticmod:HeavyStrike","mysticmod:AllIn"],"picked":"SKIP","floor":11.0},{"not_picked":["mysticmod:PureInstinct","mysticmod:Alacrity"],"picked":"mysticmod:Spellstrike","floor":12.0},{"not_picked":["mysticmod:CureLightWounds","mysticmod:PowerSlash"],"picked":"mysticmod:PunishingArmor","floor":13.0},{"not_picked":["mysticmod:Daze","mysticmod:BladeMaster","mysticmod:Snowball"],"picked":"SKIP","floor":14.0},{"not_picked":["mysticmod:ClosingBarrage","mysticmod:EnchantedMoulinet"],"picked":"mysticmod:Lunge","floor":16.0},{"not_picked":["mysticmod:BulkUp","mysticmod:SpellCombat","mysticmod:Disengage"],"picked":"SKIP","floor":18.0},{"not_picked":["mysticmod:Haste","mysticmod:Flourish"],"picked":"mysticmod:PreparedCaster+1","floor":19.0},{"not_picked":["mysticmod:CorrosiveTouch","mysticmod:EarthenWall+1"],"picked":"mysticmod:GreaterInvisibility","floor":23.0},{"not_picked":["mysticmod:Fireball","mysticmod:EnergizedRift","mysticmod:BulkUp"],"picked":"SKIP","floor":24.0},{"not_picked":["mysticmod:EnergizedRift+1","mysticmod:Snowball"],"picked":"mysticmod:Sideswipe+1","floor":27.0},{"not_picked":["mysticmod:PureInstinct","mysticmod:Sideswipe","mysticmod:CorrosiveTouch+1"],"picked":"SKIP","floor":28.0},{"not_picked":["mysticmod:Grapple+1","mysticmod:ComponentsPouch"],"picked":"mysticmod:MagicWeapon+1","floor":30.0},{"not_picked":["mysticmod:IllusionOfCalm","mysticmod:Snowball","mysticmod:BladeMaster"],"picked":"SKIP","floor":31.0},{"not_picked":["mysticmod:IllusionOfCalm+1","mysticmod:TomeOfSpells","mysticmod:ComponentsPouch"],"picked":"SKIP","floor":35},{"not_picked":["mysticmod:CorrosiveTouch","mysticmod:MirrorStrike+1"],"picked":"mysticmod:Riposte","floor":36},{"not_picked":["mysticmod:ChargedParry","mysticmod:PureInstinct+1","mysticmod:HeavyStrike"],"picked":"SKIP","floor":38},{"not_picked":["mysticmod:Snowball+1","mysticmod:IllusionOfCalm"],"picked":"mysticmod:BladedDash+1","floor":39},{"not_picked":["mysticmod:DiviningBlow","mysticmod:EarthenWall"],"picked":"mysticmod:MightyMagic","floor":41},{"not_picked":["infinitespire:Starlight","infinitespire:NeuralNetwork"],"picked":"ReplayTheSpireMod:Black Plague","floor":44},{"not_picked":["mysticmod:CorrosiveTouch","mysticmod:EnergizedRift+1","mysticmod:RapidCaster"],"picked":"SKIP","floor":44},{"not_picked":["mysticmod:Disengage+1","mysticmod:Snowball","mysticmod:Shield"],"picked":"SKIP","floor":46},{"not_picked":["mysticmod:CorrosiveTouch","mysticmod:ArcaneAccuracy","mysticmod:KeenEdge+1"],"picked":"SKIP","floor":48}],"player_experience":235082,"relics_obtained":[{"floor":6.0,"key":"aspiration:FetidBarrel"},{"floor":9.0,"key":"StuffTheSpire:PointBlank"},{"floor":11.0,"key":"Replay:Wax Seal"},{"floor":13.0,"key":"DemoMod:DecoyRelic"},{"floor":15.0,"key":"StuffTheSpire:OldFever"},{"floor":23.0,"key":"infinitespire:EmpoweringShard"},{"floor":26.0,"key":"Boot"},{"floor":27.0,"key":"Anchor"},{"floor":39,"key":"hubris:TenFootPole"},{"floor":43,"key":"Replay:Bottled Steam"},{"floor":44,"key":"Bronze Scales"}],"event_choices":[{"cards_removed":["mysticmod:SuddenClarity"],"damage_healed":0.0,"max_hp_gain":0.0,"max_hp_loss":0.0,"gold_gain":0.0,"event_name":"NoteForYourself","player_choice":"Took Card","floor":3.0,"gold_loss":0.0,"damage_taken":0.0,"cards_obtained":["infinitespire:Fortify"]},{"damage_healed":0.0,"max_hp_gain":0.0,"max_hp_loss":0.0,"gold_gain":0.0,"event_name":"Accursed Blacksmith","player_choice":"Forge","floor":29.0,"gold_loss":0.0,"damage_taken":0.0,"cards_upgraded":["mysticmod:Lunge"]}],"is_beta":false,"boss_relics":[{"not_picked":["hubris:VirtuousBlindfold","hubris:BlackHole"],"picked":"halation:ForbiddenBikini"},{"not_picked":["Replay:Drink Me","halation:PinkAlligatorPlush"],"picked":"hubris:ScarierMask"}],"items_purged_floors":[4],"is_endless":true,"potions_floor_spawned":[5,6,11,12,13,18,23,28,31,36],"killed_by":"LordOfAnnihilation","ascension_level":0}}