{"host":"8d3fefv2347kqkpz","time":1613542568,"event":{"mods":["AchievementEnabler","Aspiration","BaseMod","Better Vampires","BetterRewards","Colored Map","Colored Powertips","Downfall","Emptier Cage","Highlight Path","Marked Mod","Minty Spire (QoL Compilation)","Permanent Neow","Quick Restart","Rare Cards Sparkle","Relic Stats","Say the Spire","Spicy Shops","StSLib","Waifu the Spire"],"gold_per_floor":[0,19,4,15,32,60,114,114,140,40,58,158,158,68,85,185,185,185,199,84,84,98,118,118,103,119,138,157,191,191,204,222,318,318,118,133,143,157,207,222,222,240,340,360,360,360,360,184,184,184,184],"floor_reached":49,"language":"ZHS","playtime":3333,"items_purged":["champ:Strike","champ:Strike","champ:Strike"],"score":503,"play_id":"d5752422-0765-4f9e-b307-819e4a12217a","local_time":"20210217141608","is_ascension_mode":false,"campfire_choices":[{"data":"champ:Taunt","floor":1.0,"key":"SMITH"},{"data":"champ:SkillfulDodge","floor":8,"key":"SMITH"},{"data":"champ:HoldFirm","floor":10,"key":"SMITH"},{"floor":13,"key":"REST"},{"floor":18,"key":"RECALL"},{"data":"champ:ShieldWall","floor":30,"key":"SMITH"},{"data":"champ:PreemptiveStrike","floor":35,"key":"SMITH"},{"floor":46,"key":"REST"}],"circlet_count":0,"master_deck":["champ:Strike","champ:Defend","champ:Defend","champ:Defend","champ:Execute","champ:Taunt+1","champ:SkillfulDodge+1","champ:PreemptiveStrike+1","champ:ShieldWall+1","champ:BringItOn","champ:HoldFirm+1","champ:ArenaPreparation","champ:EnchantCrown","champ:MurderStrike","champ:Circumvent","champ:EnchantShield","champ:RageSigil","champ:CalledShot+1","champ:CalledShot+1","champ:MurderStrike","champ:IgnorePain","champ:DefensiveStyle"],"relics":["champ:ChampionCrown","Slimebound:PreparedRelic","Lantern","Bag of Preparation","downfall:HeartBlessingGreen","Runic Dome","Nloth\u0027s Gift","Red Mask","SlaversCollar","downfall:HeartBlessingRed","downfall:HeartBlessingBlue","Shovel","Pear","PreservedInsect"],"acts_visited":["Exordium","TheCity","TheBeyond"],"potions_floor_usage":[],"damage_taken":[{"damage":28.0,"enemies":"Cultist","floor":2.0,"turns":5.0},{"damage":20.0,"enemies":"downfall:FleeingMerchant","floor":3.0,"turns":4.0},{"damage":18.0,"enemies":"Jaw Worm","floor":4.0,"turns":4.0},{"damage":10.0,"enemies":"2 Louse","floor":5.0,"turns":2.0},{"damage":26,"enemies":"Lagavulin","floor":6,"turns":9},{"damage":26,"enemies":"Gremlin Nob","floor":9,"turns":5},{"damage":0,"enemies":"Exordium Wildlife","floor":11,"turns":4},{"damage":8,"enemies":"Exordium Wildlife","floor":12,"turns":11},{"damage":15,"enemies":"downfall:FleeingMerchant","floor":14,"turns":4},{"damage":10,"enemies":"2 Fungi Beasts","floor":15,"turns":3},{"damage":2,"enemies":"DF_ARCHETYPE_STREAMLINE","floor":16,"turns":11},{"damage":0,"enemies":"Shell Parasite","floor":19,"turns":3},{"damage":0,"enemies":"downfall:FleeingMerchant","floor":20,"turns":4},{"damage":6,"enemies":"downfall:LooterAlt2","floor":22,"turns":5},{"damage":10,"enemies":"Snecko","floor":23,"turns":7},{"damage":39,"enemies":"downfall:FleeingMerchant","floor":25,"turns":4},{"damage":10,"enemies":"Sentry and Sphere","floor":26,"turns":7},{"damage":68,"enemies":"Cultist and Chosen","floor":27,"turns":8},{"damage":0,"enemies":"Centurion and Healer","floor":28,"turns":14},{"damage":0,"enemies":"Masked Bandits","floor":29,"turns":7},{"damage":13,"enemies":"Chosen and Byrds","floor":31,"turns":6},{"damage":6,"enemies":"Shelled Parasite and Fungi","floor":32,"turns":7},{"damage":28,"enemies":"SI_MIRROR_ARCHETYPE","floor":33,"turns":15},{"damage":10,"enemies":"Orb Walker","floor":36,"turns":4},{"damage":17,"enemies":"3 Darklings","floor":37,"turns":6},{"damage":13,"enemies":"4 Shapes","floor":38,"turns":9},{"damage":0,"enemies":"4 Shapes","floor":39,"turns":11},{"damage":138,"enemies":"Sphere and 2 Shapes","floor":40,"turns":16},{"damage":18,"enemies":"Transient","floor":42,"turns":5},{"damage":5,"enemies":"Maw","floor":44,"turns":11},{"damage":0,"enemies":"downfall:FleeingMerchant","floor":48,"turns":4},{"damage":49,"enemies":"Spire Growth","floor":49,"turns":4}],"seed_played":"-2658361131297067764","potions_obtained":[{"floor":4.0,"key":"AttackPotion"},{"floor":5.0,"key":"Strength Potion"},{"floor":11,"key":"BlessingOfTheForge"},{"floor":27,"key":"Dexterity Potion"},{"floor":31,"key":"FairyPotion"},{"floor":42,"key":"Explosive Potion"}],"is_trial":false,"path_per_floor":["R","M","$","M","M","E","T","R","E","R","M","?","R","$","M","B",null,"R","M","$","?","M","M","T","$","M","M","M","?","R","M","M","B",null,"R","M","M","M","?","M","T","M","?","M","T","R","?","$","M"],"character_chosen":"THE_CHAMP","items_purchased":["champ:DefensiveStyle"],"campfire_rested":2,"item_purchase_floors":[48],"current_hp_per_floor":[108,100,100,92,92,76,76,76,60,60,60,52,84,84,84,82,108,108,108,108,108,102,102,102,98,98,50,50,50,50,47,41,13,108,118,118,111,108,108,18,28,10,10,10,10,48,48,48,0,0,0],"gold":184,"neow_bonus":"TWENTY_PERCENT_HP_BONUS","is_daily":false,"chose_seed":false,"campfire_upgraded":5,"win_rate":0.0,"timestamp":1613542568,"path_taken":["R","M","?","M","M","E","T","R","E","R","M","?","R","$","M","BOSS","R","M","$","?","M","?","T","$","M","M","M","?","R","M","M","BOSS","R","M","M","M","?","M","T","M","?","?","?","R","?","$","M"],"items_purchased_type":["Card"],"build_version":"2020-12-22","purchased_purges":3,"victory":false,"max_hp_per_floor":[108,108,108,108,108,108,108,108,108,108,108,108,108,108,108,108,108,108,108,108,108,108,108,108,108,108,108,108,108,108,108,108,108,108,118,118,118,118,118,118,128,128,128,128,128,128,128,128,128,128,128],"relic_stats":{"Shovel":0,"counters":[32,219],"PreservedInsect":0,"Bag of Preparation":[52],"Nloth\u0027s Gift":4,"obtain_stats":[{"Lantern":7,"Pear":41,"downfall:HeartBlessingRed":35,"champ:ChampionCrown":0,"downfall:HeartBlessingGreen":10,"PreservedInsect":45,"Bag of Preparation":9,"CloakClasp":12,"Runic Dome":17,"SlaversCollar":34,"Shovel":39,"downfall:HeartBlessingBlue":35,"Slimebound:PreparedRelic":6,"Nloth\u0027s Gift":21,"Red Mask":29},{"Lantern":5,"Pear":28,"downfall:HeartBlessingRed":23,"champ:ChampionCrown":0,"downfall:HeartBlessingGreen":6,"PreservedInsect":30,"Bag of Preparation":6,"CloakClasp":8,"Runic Dome":11,"SlaversCollar":23,"Shovel":27,"downfall:HeartBlessingBlue":23,"Slimebound:PreparedRelic":5,"Nloth\u0027s Gift":13,"Red Mask":20},{"Lantern":24,"Pear":195,"downfall:HeartBlessingRed":149,"champ:ChampionCrown":0,"downfall:HeartBlessingGreen":29,"PreservedInsect":211,"Bag of Preparation":29,"CloakClasp":44,"Runic Dome":62,"SlaversCollar":149,"Shovel":179,"downfall:HeartBlessingBlue":149,"Slimebound:PreparedRelic":24,"Nloth\u0027s Gift":69,"Red Mask":121}]},"card_choices":[{"not_picked":["champ:CrownThrow","champ:Backstep"],"picked":"champ:SkillfulDodge","floor":2.0},{"not_picked":["champ:EnragedBash","champ:BladeFlurry"],"picked":"champ:PreemptiveStrike","floor":3.0},{"not_picked":["champ:ShieldSigil","champ:TornadoPunch"],"picked":"champ:ShieldWall","floor":4.0},{"not_picked":["champ:CalledShot","champ:UltimateStance"],"picked":"champ:BringItOn","floor":5.0},{"not_picked":["champ:Parry","champ:AdrenalArmor","champ:PerfectedStrike"],"picked":"SKIP","floor":6},{"not_picked":["champ:AdrenalArmor","champ:RecklessLeap"],"picked":"champ:HoldFirm","floor":9},{"not_picked":["champ:RisingSlash","champ:GutPunch","champ:PreciseThrust"],"picked":"SKIP","floor":11},{"not_picked":["champ:FanOfKnives","champ:Encircle"],"picked":"champ:ArenaPreparation","floor":12},{"not_picked":["champ:ArenaPreparation","champ:FaceSlap"],"picked":"champ:EnchantCrown","floor":14},{"not_picked":["champ:StanceDance","champ:AdrenalArmor","champ:FlashCut"],"picked":"SKIP","floor":15},{"not_picked":["champ:DancingMaster","champ:UltimateStance"],"picked":"champ:MurderStrike","floor":16},{"not_picked":["champ:ShieldSlam+1","champ:SetATrap"],"picked":"champ:Circumvent","floor":19},{"not_picked":["champ:ShieldSlam","champ:CalledShot","champ:Shatter+1"],"picked":"SKIP","floor":20},{"not_picked":["champ:SetATrap+1","champ:Endure+1","champ:GladiatorForm"],"picked":"SKIP","floor":22},{"not_picked":["champ:StanceDance","champ:VampiricStrike"],"picked":"champ:EnchantShield","floor":23},{"not_picked":["champ:PreciseThrust+1","champ:SetATrap","champ:BladeFlurry+1"],"picked":"SKIP","floor":25},{"not_picked":["champ:ViciousMockery","champ:EndlessRage+1","champ:CheapShot"],"picked":"SKIP","floor":26},{"not_picked":["champ:FanOfKnives+1","champ:AdrenalArmor","champ:GutPunch"],"picked":"SKIP","floor":27},{"not_picked":["champ:Shatter","champ:BerserkersShout","champ:RecklessLeap+1"],"picked":"SKIP","floor":28},{"not_picked":["champ:DefensiveShout","champ:StanceDance"],"picked":"champ:RageSigil","floor":29},{"not_picked":["champ:PreciseThrust","champ:ShieldSigil","champ:GutPunch"],"picked":"SKIP","floor":31},{"not_picked":["champ:DeathBlow","champ:FlashCut","champ:BringItOn+1"],"picked":"SKIP","floor":32},{"not_picked":["champ:Encircle","champ:ShieldSigil+1","champ:EnragedBash"],"picked":"SKIP","floor":36},{"not_picked":["champ:Backstep+1","champ:Circumvent+1"],"picked":"champ:CalledShot+1","floor":37},{"not_picked":["champ:SwordSigil+1","champ:Duel+1"],"picked":"champ:CalledShot+1","floor":38},{"not_picked":["champ:BerserkersShout","champ:SetATrap+1","champ:RisingSlash"],"picked":"SKIP","floor":40},{"not_picked":["champ:StanceDance+1","champ:ShieldSlam"],"picked":"champ:MurderStrike","floor":42},{"not_picked":["champ:Haymaker","champ:EnGarde+1","champ:Shatter"],"picked":"SKIP","floor":44},{"not_picked":["champ:GutPunch+1","champ:EndlessRage+1"],"picked":"champ:IgnorePain","floor":48}],"player_experience":437493,"relics_obtained":[{"floor":6,"key":"Slimebound:PreparedRelic"},{"floor":7,"key":"Lantern"},{"floor":9,"key":"Bag of Preparation"},{"floor":12,"key":"CloakClasp"},{"floor":29,"key":"Red Mask"},{"floor":39,"key":"Shovel"},{"floor":41,"key":"Pear"},{"floor":45,"key":"PreservedInsect"}],"event_choices":[{"damage_healed":0,"gold_gain":0,"player_choice":"Fought Bandits","damage_taken":0,"max_hp_gain":0,"max_hp_loss":0,"event_name":"Masked Bandits","floor":29,"gold_loss":0},{"cards_removed":["champ:Defend"],"damage_healed":0,"gold_gain":0,"player_choice":"Removed Skill","damage_taken":0,"max_hp_gain":0,"max_hp_loss":0,"event_name":"Falling","floor":47,"gold_loss":0}],"is_beta":false,"boss_relics":[{"not_picked":["Calling Bell","Astrolabe"],"picked":"Runic Dome"},{"not_picked":["bronze:MakeshiftBattery","aspiration:DefectSkillbook"],"picked":"SlaversCollar"}],"items_purged_floors":[14,20,48],"is_endless":false,"potions_floor_spawned":[4,5,11,19,23,27,28,31,36,42,44],"killed_by":"Spire Growth","ascension_level":0}}