{"host":"pqs17sqrgflf4eqa","time":1613597365,"event":{"mods":["AchievementEnabler","BaseMod","Bestiary","Better Altar","Better Match","Better Skull","Block Reminder","Bossed Relics","Colored Map","Colored Powertips","Curses Come First","Dark Map","DeckTracker","Defective Defect","Displayed Cursed Tome","Emptier Cage","Googly Eyes","Highlight Path","Minty Spire (QoL Compilation)","Quick Restart","Slay-I","StSLib","SuperFastMode","Synergy Search","Thieving Mod","Transform Curses","everything is the same but u backflip on backflip","slay the spire mod where everything is the same but ironclad has a cowboy hat"],"gold_per_floor":[117,292,292,15,115,149,164,200,249,284,284,298,298,312,312,312,312],"floor_reached":16,"language":"ENG","playtime":258,"items_purged":["Doubt"],"score":186,"play_id":"fa6a94fe-b1d7-4832-9349-86ccfe026d09","local_time":"20210217162925","is_ascension_mode":true,"campfire_choices":[{"data":"Eruption","floor":11,"key":"SMITH"},{"data":"Vigilance","floor":13,"key":"SMITH"},{"data":"Ragnarok","floor":15,"key":"SMITH"}],"circlet_count":0,"master_deck":["Strike_P","Strike_P","Strike_P","Strike_P","Defend_P","Defend_P","Defend_P","Defend_P","Eruption+1","Vigilance+1","Swivel","Ragnarok+1","LikeWater","EmptyFist","Judgement","SashWhip","Brilliance","Sanctity","Halt"],"relics":["PureWater","NeowsBlessing","Golden Idol","Bag of Marbles","Darkstone Periapt","Akabeko","Strawberry"],"acts_visited":["Exordium"],"potions_floor_usage":[12,16,16],"damage_taken":[{"damage":0,"enemies":"Jaw Worm","floor":1,"turns":1},{"damage":0,"enemies":"3 Sentries","floor":6,"turns":2},{"damage":0,"enemies":"Small Slimes","floor":7,"turns":1},{"damage":22,"enemies":"Gremlin Nob","floor":8,"turns":4},{"damage":12,"enemies":"3 Sentries","floor":10,"turns":5},{"damage":0,"enemies":"2 Louse","floor":12,"turns":1},{"damage":0,"enemies":"Gremlin Gang","floor":14,"turns":2},{"damage":44,"enemies":"Slime Boss","floor":16,"turns":8}],"seed_played":"-2162144790545441428","potions_obtained":[{"floor":1,"key":"Ancient Potion"},{"floor":7,"key":"LiquidBronze"},{"floor":10,"key":"Explosive Potion"}],"is_trial":false,"path_per_floor":["M","?","?","$","?","E","M","E","T","E","R","M","R","M","R","B"],"character_chosen":"WATCHER","items_purchased":["Ragnarok","LikeWater"],"campfire_rested":0,"item_purchase_floors":[4,4],"current_hp_per_floor":[65,65,65,65,65,65,65,43,43,38,38,38,38,38,38,0,0],"gold":312,"neow_bonus":"THREE_ENEMY_KILL","is_daily":false,"chose_seed":false,"campfire_upgraded":3,"win_rate":0.0,"timestamp":1613597365,"path_taken":["M","?","?","$","?","E","M","E","T","E","R","?","R","M","R","BOSS"],"items_purchased_type":["Card","Card"],"build_version":"2020-12-22","purchased_purges":1,"victory":false,"max_hp_per_floor":[72,72,67,67,67,67,67,67,67,74,74,74,74,74,74,74,74],"card_choices":[{"not_picked":["EmptyBody","ThirdEye"],"picked":"Swivel","floor":1},{"not_picked":["Crescendo","Meditate"],"picked":"EmptyFist","floor":6},{"not_picked":["FollowUp","Halt"],"picked":"Judgement","floor":7},{"not_picked":["EmptyBody","FlyingSleeves"],"picked":"SashWhip","floor":8},{"not_picked":["FlyingSleeves","ClearTheMind"],"picked":"Brilliance","floor":10},{"not_picked":["EmptyBody","Indignation"],"picked":"Sanctity","floor":12},{"not_picked":["ThirdEye","EmptyFist"],"picked":"Halt","floor":14}],"player_experience":225926,"relics_obtained":[{"floor":6,"key":"Bag of Marbles"},{"floor":8,"key":"Darkstone Periapt"},{"floor":9,"key":"Akabeko"},{"floor":10,"key":"Strawberry"}],"event_choices":[{"damage_healed":0,"gold_gain":175,"player_choice":"AGREE","damage_taken":0,"max_hp_gain":0,"max_hp_loss":0,"event_name":"Liars Game","floor":2,"gold_loss":0,"cards_obtained":["Doubt"]},{"damage_healed":0,"gold_gain":0,"player_choice":"Lose Max HP","damage_taken":0,"relics_obtained":["Golden Idol"],"max_hp_gain":0,"max_hp_loss":5,"event_name":"Golden Idol","floor":3,"gold_loss":0},{"damage_healed":0,"gold_gain":100,"player_choice":"Pray","damage_taken":0,"max_hp_gain":0,"max_hp_loss":0,"event_name":"Golden Shrine","floor":5,"gold_loss":0}],"is_beta":false,"boss_relics":[],"items_purged_floors":[4],"is_endless":false,"potions_floor_spawned":[1,7,10],"killed_by":"Slime Boss","ascension_level":6}}