{"host":"07a2fkusd33ogvuu","time":1613567805,"event":{"mods":["BaseMod","Bestiary","Colored Powertips","Highlight Path","Minty Spire (QoL Compilation)","Relic Stats"],"gold_per_floor":[112,125,125,125,37,72,104,116,151,178,190,216,262,287,299,390,402,434,464,476,500,530,542,554,554],"floor_reached":24,"language":"ENG","playtime":2648,"items_purged":[],"score":520,"play_id":"d1d37a99-462a-447c-b6de-3132b3a19a0f","local_time":"20210217131645","is_ascension_mode":true,"campfire_choices":[{"data":"Zap","floor":8.0,"key":"SMITH"},{"floor":11.0,"key":"REST"},{"data":"Dualcast","floor":15,"key":"SMITH"},{"floor":23,"key":"REST"}],"circlet_count":0,"master_deck":["AscendersBane","Strike_B","Strike_B","Strike_B","Strike_B","Defend_B","Defend_B+1","Defend_B","Defend_B","Zap+1","Dualcast+1","Finesse+1","Beam Cell","Streamline+1","All For One","Machine Learning","Rebound","Hello World","White Noise","Static Discharge","Reboot","Coolheaded","Hologram","Sweeping Beam+1"],"relics":["FrozenCore","MawBank","War Paint","StoneCalendar"],"acts_visited":["TheCity"],"potions_floor_usage":[13,13,19,21,21],"damage_taken":[{"damage":1.0,"enemies":"Cultist","floor":1.0,"turns":3.0},{"damage":8.0,"enemies":"Small Slimes","floor":2.0,"turns":3.0},{"damage":23.0,"enemies":"Lagavulin","floor":6.0,"turns":5.0},{"damage":0.0,"enemies":"2 Louse","floor":7.0,"turns":2.0},{"damage":6.0,"enemies":"Lots of Slimes","floor":10.0,"turns":4.0},{"damage":23.0,"enemies":"Exordium Thugs","floor":12.0,"turns":3.0},{"damage":11,"enemies":"3 Sentries","floor":13,"turns":5},{"damage":6,"enemies":"3 Louse","floor":14,"turns":3},{"damage":0,"enemies":"Slime Boss","floor":16,"turns":7},{"damage":7,"enemies":"Shell Parasite","floor":18,"turns":6},{"damage":2,"enemies":"3 Byrds","floor":19,"turns":5},{"damage":24,"enemies":"Snake Plant","floor":21,"turns":4},{"damage":24,"enemies":"Snecko","floor":22,"turns":6},{"damage":25,"enemies":"Shelled Parasite and Fungi","floor":24,"turns":1}],"seed_played":"4274410060313441742","potions_obtained":[{"floor":7.0,"key":"Strength Potion"},{"floor":12.0,"key":"Regen Potion"},{"floor":13,"key":"Swift Potion"},{"floor":16,"key":"Swift Potion"},{"floor":19,"key":"SkillPotion"},{"floor":22,"key":"Ancient Potion"}],"is_trial":false,"path_per_floor":["M","M","?","?","$","E","M","R","T","M","R","M","E","M","R","B",null,"M","M","$","M","M","R","M"],"character_chosen":"DEFECT","items_purchased":["All For One"],"campfire_rested":2,"item_purchase_floors":[5],"current_hp_per_floor":[63,55,55,55,55,32,32,32,32,26,47,24,27,21,21,21,59,52,50,50,26,2,23,0,0],"gold":554,"neow_bonus":"RANDOM_COLORLESS","is_daily":false,"chose_seed":false,"campfire_upgraded":2,"win_rate":0.0,"timestamp":1613567805,"path_taken":["M","M","?","?","$","E","M","R","T","M","R","M","E","M","R","BOSS","M","M","$","M","M","R","M"],"items_purchased_type":["Card"],"build_version":"2020-12-22","purchased_purges":0,"victory":false,"max_hp_per_floor":[71,71,71,71,71,71,71,71,71,71,71,71,71,71,71,71,71,71,71,71,71,71,71,71,71],"relic_stats":{"counters":[14,57],"StoneCalendar":[0],"War Paint":["Defend_B","Finesse"],"MawBank":216,"obtain_stats":[{"StoneCalendar":13,"War Paint":9,"Cracked Core":0,"MawBank":6,"FrozenCore":17},{"StoneCalendar":7,"War Paint":4,"Cracked Core":0,"MawBank":3,"FrozenCore":9},{"StoneCalendar":25,"War Paint":13,"Cracked Core":0,"MawBank":11,"FrozenCore":35}],"FrozenCore":[12]},"card_choices":[{"not_picked":["Enlightenment","Madness"],"picked":"Finesse","floor":0.0},{"not_picked":["Sweeping Beam","Chaos"],"picked":"Beam Cell","floor":1.0},{"not_picked":["Sweeping Beam","Gash"],"picked":"Streamline","floor":2.0},{"not_picked":["Meteor Strike","Fusion"],"picked":"Machine Learning","floor":6.0},{"not_picked":["Barrage","Rip and Tear"],"picked":"Rebound","floor":7.0},{"not_picked":["Tempest","Streamline","Doom and Gloom"],"picked":"SKIP","floor":10.0},{"not_picked":["Turbo","Cold Snap"],"picked":"Hello World","floor":12.0},{"not_picked":["Hello World","Sweeping Beam"],"picked":"White Noise","floor":13},{"not_picked":["BootSequence","Redo"],"picked":"Static Discharge","floor":14},{"not_picked":["Multi-Cast","Thunder Strike"],"picked":"Reboot","floor":16},{"not_picked":["Darkness","Cold Snap"],"picked":"Coolheaded","floor":18},{"not_picked":["Streamline","Reprogram","Barrage"],"picked":"SKIP","floor":19},{"not_picked":["BootSequence","Leap"],"picked":"Hologram","floor":21},{"not_picked":["Streamline","Compile Driver"],"picked":"Sweeping Beam+1","floor":22}],"player_experience":1255026,"relics_obtained":[{"floor":6.0,"key":"MawBank"},{"floor":9.0,"key":"War Paint"},{"floor":13,"key":"StoneCalendar"}],"event_choices":[{"damage_healed":0.0,"max_hp_gain":0.0,"max_hp_loss":0.0,"gold_gain":0.0,"event_name":"The Cleric","player_choice":"Leave","floor":3.0,"gold_loss":0.0,"damage_taken":0.0},{"damage_healed":0.0,"max_hp_gain":0.0,"max_hp_loss":0.0,"gold_gain":0.0,"event_name":"Living Wall","player_choice":"Grow","floor":4.0,"gold_loss":0.0,"damage_taken":0.0,"cards_upgraded":["Streamline"]}],"is_beta":false,"boss_relics":[{"not_picked":["Snecko Eye","Philosopher\u0027s Stone"],"picked":"FrozenCore"}],"items_purged_floors":[],"is_endless":false,"potions_floor_spawned":[7,12,13,16,19,22],"killed_by":"Shelled Parasite and Fungi","ascension_level":20}}