{"host":"f8toxsj3bk02pkeu","time":1613550639,"event":{"mods":["BaseMod","Minty Spire (QoL Compilation)","Permanent Neow","Quick Restart","StSLib","SuperFastMode"],"gold_per_floor":[114,128,23,23,23,23,58,70,161,173,185,210,250,262,274,286,286],"floor_reached":16,"language":"ENG","playtime":238,"items_purged":["Strike_G"],"score":262,"play_id":"24c138e6-ada2-44ea-b062-9084d6451718","local_time":"20210217013039","is_ascension_mode":true,"campfire_choices":[{"data":"Blade Dance","floor":6,"key":"SMITH"},{"data":"Neutralize","floor":8,"key":"SMITH"},{"data":"Escape Plan","floor":11,"key":"SMITH"},{"data":"Envenom","floor":15,"key":"SMITH"}],"circlet_count":0,"master_deck":["AscendersBane","Strike_G","Strike_G","Strike_G","Defend_G","Defend_G","Defend_G+1","Defend_G","Defend_G","Survivor","Neutralize+1","Dagger Throw","Escape Plan+1","Blade Dance+1","Acrobatics+1","Envenom+1"],"relics":["Ring of the Snake","NeowsBlessing","MawBank","The Courier","Regal Pillow"],"acts_visited":["Exordium"],"potions_floor_usage":[13],"damage_taken":[{"damage":0,"enemies":"Cultist","floor":1,"turns":1},{"damage":0,"enemies":"Jaw Worm","floor":2,"turns":1},{"damage":0,"enemies":"Gremlin Nob","floor":7,"turns":1},{"damage":0,"enemies":"Small Slimes","floor":12,"turns":3},{"damage":20,"enemies":"Lagavulin","floor":13,"turns":6},{"damage":36,"enemies":"Slime Boss","floor":16,"turns":7}],"seed_played":"-6466011711940844720","potions_obtained":[{"floor":7,"key":"Strength Potion"}],"is_trial":false,"path_per_floor":["M","M","$","?","$","R","E","R","T","?","R","M","E","?","R","B"],"character_chosen":"THE_SILENT","items_purchased":["Blade Dance"],"campfire_rested":0,"item_purchase_floors":[3],"current_hp_per_floor":[59,59,59,59,59,59,59,59,59,64,64,64,44,23,23,0,0],"gold":286,"neow_bonus":"THREE_ENEMY_KILL","is_daily":false,"chose_seed":false,"campfire_upgraded":4,"win_rate":0.0,"timestamp":1613550639,"path_taken":["M","?","$","?","?","R","E","R","T","?","R","M","E","?","R","BOSS"],"items_purchased_type":["Card"],"build_version":"2020-12-22","purchased_purges":1,"victory":false,"max_hp_per_floor":[66,66,66,66,66,66,66,66,66,71,71,71,71,71,71,71,71],"card_choices":[{"not_picked":["Prepared","Dodge and Roll"],"picked":"Dagger Throw","floor":1},{"not_picked":["Finisher","Prepared"],"picked":"Escape Plan","floor":2},{"not_picked":["Endless Agony","Bane","Outmaneuver"],"picked":"SKIP","floor":7},{"not_picked":["Prepared","PiercingWail"],"picked":"Acrobatics","floor":12},{"not_picked":["Dodge and Roll","Leg Sweep"],"picked":"Envenom","floor":13}],"player_experience":992378,"relics_obtained":[{"floor":7,"key":"MawBank"},{"floor":9,"key":"The Courier"},{"floor":13,"key":"Regal Pillow"}],"event_choices":[{"cards_removed":["Strike_G"],"damage_healed":0,"gold_gain":0,"player_choice":"Purged","damage_taken":0,"max_hp_gain":0,"max_hp_loss":0,"event_name":"Purifier","floor":4,"gold_loss":0},{"damage_healed":0,"gold_gain":0,"player_choice":"Donut","damage_taken":0,"max_hp_gain":5,"max_hp_loss":0,"event_name":"Big Fish","floor":10,"gold_loss":0},{"damage_healed":0,"gold_gain":0,"player_choice":"Entered Light","damage_taken":21,"max_hp_gain":0,"max_hp_loss":0,"event_name":"Shining Light","floor":14,"gold_loss":0,"cards_upgraded":["Defend_G","Acrobatics"]}],"is_beta":false,"boss_relics":[],"items_purged_floors":[3],"is_endless":false,"potions_floor_spawned":[7],"killed_by":"Slime Boss","ascension_level":20}}