{"host":"rm0ctv8qd8mnbkg1","time":1613583064,"event":{"mods":["BaseMod","Beaked The Cultist","BetterRewards","Colored Map","DNKmod","Dark Map","Defuse TimeMaze Blight","Downfall","Friendly Minions","Hubris","Marisa????????","Minty Spire (QoL Compilation)","MostiFishMod","Permanent Neow","Rare Cards Sparkle","Relic Sorter","Reliquary","Replay The Spire","RumiaBox-????????","Shade Mod","Shop Mod","Spicy Shops","Spire Arcade","StSLib","The Construct","The Servant 0.9.4","TheVacant","Wandering Minibosses","??????REMEMod"],"gold_per_floor":[10000,10016,10016,8277,8377,8692,8692,8692,8707,8735,8735,8735],"floor_reached":10,"language":"ENG","playtime":356,"items_purged":[],"score":139,"play_id":"5bd3b1c1-2e03-4039-8e94-c355b95e0afa","local_time":"20210217173104","is_ascension_mode":false,"campfire_choices":[{"data":"bronze:InfiniteLoop","floor":1,"key":"SMITH"},{"data":"REME_HeartOfCthun","floor":8,"key":"SMITH"}],"circlet_count":0,"master_deck":["bronze:Strike","bronze:Strike","bronze:Strike","bronze:Strike","bronze:Defend","bronze:Defend","bronze:Defend","bronze:Defend","bronze:Replicate","bronze:Goto","bronze:InfiniteLoop+1","bronze:Turbo","bronze:Boost","bronze:FineTuning","bronze:Goto","bronze:Overheat","bronze:Repair","bronze:SpaghettiCode","hubris:Insight","hubris:Disease","bronze:CutThrough","bronze:Iterate","REME_HeartOfCthun+1","bronze:FineTuning"],"relics":["bronze:BronzeCore","REME_ComplimentaryCards","DaveBox","Nloth\u0027s Gift","BirthdayGift-Tetrahedron","hexamod:CandleOfCauterizing","GodSword1","downfall:GremlinSack","BargainBundle","Oddly Smooth Stone","ReplayTheSpireMod:TigerMarble","Question Card","reliquary:SharkskinSheath"],"acts_visited":["Exordium"],"potions_floor_usage":[],"damage_taken":[{"damage":0,"enemies":"2 Louse","floor":2,"turns":2},{"damage":0,"enemies":"downfall:FleeingMerchant","floor":4,"turns":4},{"damage":2,"enemies":"downfall:FleeingMerchant","floor":5,"turns":2},{"damage":5,"enemies":"downfall:FleeingMerchant","floor":6,"turns":3},{"damage":2,"enemies":"Cultist","floor":9,"turns":2},{"damage":4,"enemies":"3 Sentries","floor":10,"turns":3}],"seed_played":"-5346374598957535483","potions_obtained":[{"floor":0,"key":"bronze:BuildAFunctionPotion"},{"floor":0,"key":"LifebloodPotion"},{"floor":5,"key":"AttackPotion"}],"is_trial":false,"path_per_floor":["R","M","?","$","?","$","T","R","M","E"],"character_chosen":"THE_AUTOMATON","items_purchased":["BirthdayGift-Tetrahedron","hexamod:CandleOfCauterizing","bronze:FineTuning","GodSword1","BargainBundle","Oddly Smooth Stone","REME_HeartOfCthun","ReplayTheSpireMod:TigerMarble"],"campfire_rested":0,"item_purchase_floors":[4,4,4,4,6,6,6,6],"current_hp_per_floor":[1000,1000,1000,1000,998,997,997,997,998,998,998,998],"gold":8735,"neow_bonus":"THREE_SMALL_POTIONS","is_daily":false,"chose_seed":false,"campfire_upgraded":2,"win_rate":0.0,"timestamp":1613583064,"path_taken":["R","M","?","?","?","$","T","R","M","E"],"items_purchased_type":["Relic","Relic","Card","Relic","Relic","Relic","Card","Relic"],"build_version":"2020-12-22","purchased_purges":0,"victory":false,"max_hp_per_floor":[1000,1000,1000,1000,1000,1000,1000,1000,1000,1000,1000,1000],"card_choices":[{"not_picked":["bronze:BitShift","bronze:BugBarrage"],"picked":"bronze:Turbo","floor":2},{"not_picked":["bronze:Fortify","bronze:Shield"],"picked":"bronze:Boost","floor":4},{"not_picked":["bronze:FollowUp","bronze:BugBarrage"],"picked":"bronze:CutThrough","floor":5},{"not_picked":["bronze:Overheat","bronze:InfiniteBeams"],"picked":"bronze:Iterate","floor":6},{"not_picked":["bronze:WildBeam","bronze:CutThrough","bronze:DarkDash","bronze:BitShift"],"picked":"SKIP","floor":9},{"not_picked":["bronze:Constructor","bronze:RecursiveStrike","bronze:Shield"],"picked":"bronze:FineTuning","floor":10}],"player_experience":364871,"relics_obtained":[{"floor":5,"key":"downfall:GremlinSack"},{"floor":7,"key":"Question Card"},{"floor":10,"key":"reliquary:SharkskinSheath"}],"event_choices":[],"is_beta":false,"boss_relics":[],"items_purged_floors":[],"is_endless":false,"potions_floor_spawned":[5,10],"killed_by":"3 Sentries","ascension_level":0}}