{"host":"rspt8ghchagqewrq","time":1613595258,"event":{"mods":["AchievementEnabler","BaseMod","Colored Map","Colored Powertips","Minty Spire (QoL Compilation)","Quick Restart"],"gold_per_floor":[118,129,304,254,264,264,276,276,302,318,336,347,200,220,220,315,315,315,315,315,73,73,73,73,73,73,73,73,73,73,73,73,73,73],"floor_reached":33,"language":"FRA","playtime":4764,"items_purged":[],"score":302,"play_id":"f77b99c7-e855-4777-89e3-45300dfacad4","local_time":"20210217215418","is_ascension_mode":false,"campfire_choices":[{"data":"Wild Strike","floor":6,"key":"SMITH"},{"data":"Feed","floor":8,"key":"SMITH"},{"data":"Carnage","floor":15,"key":"SMITH"},{"data":"Power Through","floor":25,"key":"SMITH"},{"floor":28,"key":"REST"},{"floor":32,"key":"REST"}],"circlet_count":0,"master_deck":["Defend_R","Defend_R","Defend_R+1","Defend_R","Bash","Wild Strike+1","Pummel","Shrug It Off+1","Feed+1","Carnage+1","Rampage","Battle Trance","Barricade","Power Through+1","Dramatic Entrance","Body Slam+1","Sword Boomerang+1","Cleave+1","Bite","Bite","Bite","Bite","Bite"],"relics":["Burning Blood","War Paint","Whetstone","Ectoplasm","Lee\u0027s Waffle","Red Mask","Paper Frog","Smiling Mask","Tiny Chest","Sundial"],"acts_visited":["TheCity"],"potions_floor_usage":[7,22,24,29,29],"damage_taken":[{"damage":12.0,"enemies":"2 Louse","floor":1.0,"turns":3.0},{"damage":9,"enemies":"Small Slimes","floor":2,"turns":4},{"damage":15,"enemies":"Jaw Worm","floor":5,"turns":4},{"damage":12,"enemies":"Looter","floor":7,"turns":3},{"damage":9,"enemies":"Large Slime","floor":10,"turns":10},{"damage":0,"enemies":"2 Fungi Beasts","floor":11,"turns":3},{"damage":7,"enemies":"3 Louse","floor":12,"turns":3},{"damage":0,"enemies":"Looter","floor":14,"turns":2},{"damage":44,"enemies":"Slime Boss","floor":16,"turns":11},{"damage":8,"enemies":"Shell Parasite","floor":18,"turns":6},{"damage":5,"enemies":"Spheric Guardian","floor":20,"turns":3},{"damage":34,"enemies":"Masked Bandits","floor":22,"turns":8},{"damage":0,"enemies":"Snake Plant","floor":24,"turns":1},{"damage":62,"enemies":"Book of Stabbing","floor":27,"turns":6},{"damage":53,"enemies":"Gremlin Leader","floor":29,"turns":8},{"damage":125,"enemies":"Automaton","floor":33,"turns":10}],"seed_played":"-6976116011167824388","potions_obtained":[{"floor":2,"key":"SmokeBomb"},{"floor":5,"key":"SkillPotion"},{"floor":16,"key":"BlessingOfTheForge"},{"floor":18,"key":"ColorlessPotion"},{"floor":22,"key":"FairyPotion"},{"floor":27,"key":"PowerPotion"}],"is_trial":false,"path_per_floor":["M","M","?","?","M","R","M","R","T","M","M","M","$","M","R","B",null,"M","?","M","$","?","$","M","R","T","E","R","E","?","?","R","B"],"character_chosen":"IRONCLAD","items_purchased":["Whetstone","Lee\u0027s Waffle","Dramatic Entrance"],"campfire_rested":2,"item_purchase_floors":[13,21,21],"current_hp_per_floor":[82,79,79,79,70,70,64,64,64,65,75,78,78,84,84,50,104,102,102,103,111,87,87,93,93,93,37,71,24,24,24,48,0,0],"gold":73,"neow_bonus":"TEN_PERCENT_HP_BONUS","is_daily":false,"chose_seed":false,"campfire_upgraded":4,"win_rate":0.0,"timestamp":1613595258,"path_taken":["M","M","?","?","M","R","M","R","T","M","M","M","$","M","R","BOSS","M","?","M","$","?","$","M","R","T","E","R","E","?","?","R","BOSS"],"items_purchased_type":["Relic","Relic","Card"],"build_version":"2020-12-22","purchased_purges":0,"victory":false,"max_hp_per_floor":[88,88,88,88,88,88,88,88,88,92,96,100,100,100,100,104,104,104,104,104,111,115,115,115,115,115,115,115,115,80,80,80,80,80],"card_choices":[{"not_picked":["Body Slam","Feel No Pain"],"picked":"Wild Strike","floor":1.0},{"not_picked":["Dual Wield","Reckless Charge"],"picked":"Pummel","floor":2},{"not_picked":["Twin Strike","Iron Wave"],"picked":"Shrug It Off","floor":5},{"not_picked":["Perfected Strike","Flame Barrier"],"picked":"Feed","floor":7},{"not_picked":["Iron Wave","Havoc"],"picked":"Carnage","floor":10},{"not_picked":["Body Slam","Feel No Pain"],"picked":"Rampage","floor":11},{"not_picked":["Thunderclap","Second Wind","Uppercut"],"picked":"SKIP","floor":12},{"not_picked":["Body Slam","Twin Strike"],"picked":"Battle Trance","floor":14},{"not_picked":["Berserk","Double Tap"],"picked":"Barricade","floor":16},{"not_picked":["Uppercut","Pummel","Rampage"],"picked":"SKIP","floor":18},{"not_picked":["Feel No Pain","Wild Strike"],"picked":"Power Through","floor":20},{"not_picked":["Burning Pact+1","Evolve+1"],"picked":"Body Slam+1","floor":22},{"not_picked":["Hemokinesis","Twin Strike"],"picked":"Sword Boomerang+1","floor":27},{"not_picked":["Perfected Strike","Disarm"],"picked":"Cleave+1","floor":29}],"player_experience":87800,"relics_obtained":[{"floor":9,"key":"War Paint"},{"floor":22,"key":"Red Mask"},{"floor":26,"key":"Paper Frog"},{"floor":27,"key":"Smiling Mask"},{"floor":29,"key":"Tiny Chest"}],"event_choices":[{"damage_healed":0,"gold_gain":175,"player_choice":"AGREE","damage_taken":0,"max_hp_gain":0,"max_hp_loss":0,"event_name":"Liars Game","floor":3,"gold_loss":0,"cards_obtained":["Doubt"]},{"cards_removed":["Doubt"],"damage_healed":0,"gold_gain":0,"player_choice":"Card Removal","damage_taken":0,"max_hp_gain":0,"max_hp_loss":0,"event_name":"The Cleric","floor":4,"gold_loss":50},{"damage_healed":0,"gold_gain":0,"player_choice":"Ignored","damage_taken":0,"max_hp_gain":0,"max_hp_loss":0,"event_name":"Ghosts","floor":19,"gold_loss":0},{"damage_healed":0,"gold_gain":0,"player_choice":"Fought Bandits","damage_taken":0,"max_hp_gain":0,"max_hp_loss":0,"event_name":"Masked Bandits","floor":22,"gold_loss":0},{"damage_healed":0,"gold_gain":0,"player_choice":"Became a vampire","damage_taken":0,"max_hp_gain":0,"max_hp_loss":35,"event_name":"Vampires","floor":30,"gold_loss":0,"cards_obtained":["Bite","Bite","Bite","Bite","Bite"]},{"damage_healed":0,"gold_gain":0,"player_choice":"Opened","damage_taken":0,"relics_obtained":["Sundial"],"max_hp_gain":0,"max_hp_loss":0,"event_name":"The Mausoleum","floor":31,"gold_loss":0}],"is_beta":false,"boss_relics":[{"not_picked":["SlaversCollar","Empty Cage"],"picked":"Ectoplasm"}],"items_purged_floors":[],"is_endless":false,"potions_floor_spawned":[2,5,16,18,22,27],"killed_by":"Automaton","ascension_level":0}}