{"host":"gl5rgsfncjl28cj1","time":1613524525,"event":{"mods":["BaseMod","Colored Map","Highlight Path","Minty Spire (QoL Compilation)","Permanent Neow","StSLib"],"gold_per_floor":[212,137,153,164,13,13,31,47,115,115,115,115,133,460,460,460,460],"floor_reached":16,"language":"KOR","playtime":734,"items_purged":["Defend_G","Defend_G"],"score":204,"play_id":"83f531b0-574b-4957-806e-0cf12969cfab","local_time":"20210217101525","is_ascension_mode":true,"campfire_choices":[{"data":"Cloak And Dagger","floor":6,"key":"SMITH"},{"data":"Adrenaline","floor":10,"key":"SMITH"},{"data":"Neutralize","floor":12,"key":"SMITH"},{"floor":15,"key":"REST"}],"circlet_count":0,"master_deck":["AscendersBane","Strike_G","Strike_G","Strike_G","Strike_G","Strike_G","Defend_G","Defend_G","Defend_G","Survivor","Neutralize+1","PiercingWail","Reflex+1","Cloak And Dagger+1","Adrenaline+1","Deadly Poison","Tactician"],"relics":["Ring of the Snake","Paper Crane","Old Coin"],"acts_visited":["Exordium"],"potions_floor_usage":[8],"damage_taken":[{"damage":0,"enemies":"2 Louse","floor":1,"turns":3},{"damage":8,"enemies":"Cultist","floor":3,"turns":5},{"damage":2,"enemies":"Small Slimes","floor":4,"turns":5},{"damage":0,"enemies":"2 Fungi Beasts","floor":7,"turns":4},{"damage":0,"enemies":"Red Slaver","floor":8,"turns":3},{"damage":9,"enemies":"Large Slime","floor":13,"turns":8},{"damage":26,"enemies":"3 Sentries","floor":14,"turns":10},{"damage":35,"enemies":"The Guardian","floor":16,"turns":14}],"seed_played":"8438540506211377746","potions_obtained":[{"floor":1,"key":"CunningPotion"},{"floor":14,"key":"FearPotion"}],"is_trial":false,"path_per_floor":["M","$","M","M","$","R","M","M","T","R","?","R","M","E","R","B"],"character_chosen":"THE_SILENT","items_purchased":["Cloak And Dagger"],"campfire_rested":1,"item_purchase_floors":[5],"current_hp_per_floor":[59,59,51,49,49,49,49,49,49,49,49,49,40,14,33,0,0],"gold":460,"neow_bonus":"HUNDRED_GOLD","is_daily":false,"chose_seed":false,"campfire_upgraded":3,"win_rate":0.0,"timestamp":1613524525,"path_taken":["M","$","M","M","$","R","M","M","T","R","?","R","?","E","R","BOSS"],"items_purchased_type":["Card"],"build_version":"2020-12-22","purchased_purges":2,"victory":false,"max_hp_per_floor":[66,66,66,66,66,66,66,66,66,66,66,66,66,66,66,66,66],"card_choices":[{"not_picked":["Caltrops","Bane"],"picked":"PiercingWail","floor":1},{"not_picked":["Deflect","Prepared","Flying Knee"],"picked":"SKIP","floor":3},{"not_picked":["Escape Plan","Sucker Punch"],"picked":"Reflex","floor":4},{"not_picked":["Sucker Punch","Underhanded Strike","Choke"],"picked":"SKIP","floor":7},{"not_picked":["Flechettes","Prepared"],"picked":"Adrenaline","floor":8},{"not_picked":["Endless Agony","Underhanded Strike"],"picked":"Deadly Poison","floor":13},{"not_picked":["Quick Slash","Well Laid Plans"],"picked":"Tactician","floor":14}],"player_experience":1042896,"relics_obtained":[{"floor":9,"key":"Paper Crane"},{"floor":14,"key":"Old Coin"}],"event_choices":[{"damage_healed":0,"gold_gain":0,"player_choice":"Upgraded","damage_taken":0,"max_hp_gain":0,"max_hp_loss":0,"event_name":"Upgrade Shrine","floor":11,"gold_loss":0,"cards_upgraded":["Reflex"]}],"is_beta":false,"boss_relics":[],"items_purged_floors":[2,5],"is_endless":false,"potions_floor_spawned":[1,14],"killed_by":"The Guardian","ascension_level":20}}