{"host":"c8qonrr5ytpjhapa","time":1613534174,"event":{"mods":["2.2 Compatiblity","Act Like it!","BaseMod","Better Third Choice","BetterRewards","Colored Powertips","Downfall","GifTheSpireLib","Hermit","Infinite Spire","Minty Spire (QoL Compilation)","Quick Restart","Rare Cards Sparkle","Robot Space Explorer","Shop Mod","Spicy Shops","StSLib","The Alterego","The Hayseed","The Hierophant","The Necromancer","The Poker Player"],"gold_per_floor":[99,119,131,144,160,160,235,248,248,248,279,292,309,339,357,456,456,456,470,482,482,494,494,564,584,584,601,0,13,0,14,30,30,30,30],"floor_reached":33,"language":"ENG","playtime":3912,"items_purged":["hexamod:Strike"],"score":267,"play_id":"72a133c1-d150-449a-91c2-dbe9295eff45","local_time":"20210216225614","is_ascension_mode":false,"campfire_choices":[{"data":"hexamod:Float","floor":1,"key":"SMITH"},{"data":"hexamod:NightmareStrike","floor":6,"key":"SMITH"},{"data":"hexamod:ThermalTransfer","floor":9,"key":"SMITH"},{"data":"hexamod:Hexaguard","floor":18,"key":"SMITH"},{"floor":23,"key":"REST"},{"floor":26,"key":"RECALL"}],"circlet_count":0,"master_deck":["hexamod:Strike","hexamod:Strike","hexamod:Strike","hexamod:Defend","hexamod:Defend","hexamod:Defend","hexamod:Defend","hexamod:Sear","hexamod:Float+1","hexamod:NightmareStrike+1","hexamod:BurningTouch","hexamod:EmpoweredFlame","hexamod:HeatMetal","hexamod:ThermalTransfer+1","hexamod:HexaLevel","hexamod:CatchUp","hexamod:Hexaguard+1","hexamod:InspiringFlames","hexamod:NecessarySacrifice","hexamod:AdvancingGuard","hexamod:VolcanoVisage+1","hexamod:HeatCrush","hexamod:SwordOfDarkness","hexamod:Rewind","hexamod:VolcanoVisage+1","expansioncontent:DashGenerateEvil","hexamod:SpectersWail","Shame","hexamod:ShieldOfDarkness","hexamod:GhostLash+1"],"relics":["hexamod:SpiritBrand","Gremlin Horn","Smiling Mask","Happy Flower","Busted Crown","Matryoshka","DollysMirror","Kunai"],"acts_visited":["Exordium","TheCity"],"potions_floor_usage":[8,11,15,16,20,25,30,31,33],"damage_taken":[{"damage":0,"enemies":"Cultist","floor":2,"turns":3},{"damage":0,"enemies":"Small Slimes","floor":3,"turns":3},{"damage":0,"enemies":"2 Louse","floor":4,"turns":2},{"damage":2,"enemies":"Blue Slaver","floor":5,"turns":3},{"damage":0,"enemies":"Lots of Slimes","floor":8,"turns":1},{"damage":8,"enemies":"Gremlin Nob","floor":11,"turns":4},{"damage":3,"enemies":"Large Slime","floor":12,"turns":3},{"damage":6,"enemies":"Exordium Wildlife","floor":13,"turns":4},{"damage":21,"enemies":"Lagavulin","floor":14,"turns":6},{"damage":0,"enemies":"2 Fungi Beasts","floor":15,"turns":3},{"damage":33,"enemies":"DF_ARCHETYPE_STREAMLINE","floor":16,"turns":11},{"damage":0,"enemies":"Chosen","floor":19,"turns":4},{"damage":23,"enemies":"3 Byrds","floor":20,"turns":5},{"damage":9,"enemies":"3 Cultists","floor":22,"turns":6},{"damage":19,"enemies":"Chosen and Byrds","floor":25,"turns":7},{"damage":21,"enemies":"Cultist and Chosen","floor":27,"turns":7},{"damage":0,"enemies":"downfall:FleeingMerchant","floor":28,"turns":4},{"damage":7,"enemies":"Centurion and Healer","floor":29,"turns":3},{"damage":0,"enemies":"downfall:FleeingMerchant","floor":30,"turns":4},{"damage":15,"enemies":"Shelled Parasite and Fungi","floor":31,"turns":5},{"damage":0,"enemies":"Snecko","floor":32,"turns":4},{"damage":7,"enemies":"IC_MUSHROOM_ARCHETYPE","floor":33,"turns":1}],"seed_played":"1218568632515564320","potions_obtained":[{"floor":2,"key":"Slimebound:ThreeZeroPotion"},{"floor":5,"key":"Weak Potion"},{"floor":13,"key":"Ancient Potion"},{"floor":14,"key":"DistilledChaos"},{"floor":19,"key":"ColorlessPotion"},{"floor":22,"key":"LiquidMemories"},{"floor":27,"key":"Block Potion"},{"floor":32,"key":"hexamod:EctoCoolerPotion"}],"is_trial":false,"path_per_floor":["R","M","M","M","M","R","T","M","R","?","E","M","M","E","M","B",null,"R","M","M","?","M","R","T","M","R","M","$","M","$","M","M","B"],"character_chosen":"THE_SPIRIT","items_purchased":["DollysMirror","expansioncontent:DashGenerateEvil","hexamod:SpectersWail","Kunai","Swift Potion"],"campfire_rested":1,"item_purchase_floors":[28,28,28,28,28],"current_hp_per_floor":[77,77,77,77,75,75,75,75,75,75,67,64,58,37,37,4,77,77,77,54,54,45,68,68,49,49,28,28,21,21,6,6,0,0,0],"gold":30,"neow_bonus":"TEN_PERCENT_HP_BONUS","is_daily":false,"chose_seed":false,"campfire_upgraded":4,"win_rate":0.0,"timestamp":1613534174,"path_taken":["R","M","M","M","M","R","T","M","R","?","E","M","M","E","M","BOSS","R","M","M","?","M","R","T","M","R","M","$","M","?","M","M","BOSS"],"items_purchased_type":["Relic","Card","Card","Relic","Potion"],"build_version":"2020-12-22","purchased_purges":1,"victory":false,"max_hp_per_floor":[77,77,77,77,77,77,77,77,77,77,77,77,77,77,77,77,77,77,77,77,77,77,77,77,77,77,77,77,77,77,77,77,77,77,77],"card_choices":[{"not_picked":["hexamod:RainOfEmbers","hexamod:Hexaguard"],"picked":"hexamod:NightmareStrike","floor":2},{"not_picked":["hexamod:Incineration","hexamod:InspiringFlames"],"picked":"hexamod:BurningTouch","floor":3},{"not_picked":["hexamod:SpectralAdrenaline","hexamod:GhostflameBarrier"],"picked":"hexamod:EmpoweredFlame","floor":4},{"not_picked":["hexamod:SecondSeal","hexamod:Firestarter"],"picked":"hexamod:HeatMetal","floor":5},{"not_picked":["hexamod:HeatMetal","hexamod:NightmareStrike"],"picked":"hexamod:ThermalTransfer","floor":8},{"not_picked":["hexamod:Rewind","hexamod:HeatShield"],"picked":"hexamod:CatchUp","floor":11},{"not_picked":["hexamod:GhostOfSpirePresent","hexamod:GhostShield"],"picked":"hexamod:Hexaguard","floor":12},{"not_picked":["hexamod:Firestarter","hexamod:GhostOfSpirePast"],"picked":"hexamod:InspiringFlames","floor":13},{"not_picked":["hexamod:SecondSeal","hexamod:Haunt"],"picked":"hexamod:NecessarySacrifice","floor":14},{"not_picked":["hexamod:Haunt","hexamod:Firestarter"],"picked":"hexamod:AdvancingGuard","floor":15},{"not_picked":["hexamod:UnleashSpirits","hexamod:GhostflameInferno"],"picked":"hexamod:VolcanoVisage","floor":16},{"not_picked":["hexamod:AdvancingGuard"],"picked":"SKIP","floor":19},{"not_picked":["hexamod:AdvancingGuard"],"picked":"SKIP","floor":20},{"not_picked":[],"picked":"hexamod:HeatCrush","floor":22},{"not_picked":[],"picked":"hexamod:SwordOfDarkness","floor":25},{"not_picked":["hexamod:Firestarter"],"picked":"SKIP","floor":27},{"not_picked":[],"picked":"hexamod:Rewind","floor":28},{"not_picked":["hexamod:StepThrough"],"picked":"SKIP","floor":29},{"not_picked":["hexamod:NightmareStrike"],"picked":"SKIP","floor":30},{"not_picked":[],"picked":"hexamod:ShieldOfDarkness","floor":31},{"not_picked":[],"picked":"hexamod:GhostLash+1","floor":32}],"player_experience":118583,"relics_obtained":[{"floor":7,"key":"Gremlin Horn"},{"floor":11,"key":"Smiling Mask"},{"floor":14,"key":"Happy Flower"},{"floor":24,"key":"Matryoshka"}],"event_choices":[],"is_beta":false,"boss_relics":[{"not_picked":["Cursed Key","Coffee Dripper"],"picked":"Busted Crown"}],"items_purged_floors":[28],"is_endless":false,"potions_floor_spawned":[2,5,13,14,19,22,27,32],"killed_by":"IC_MUSHROOM_ARCHETYPE","ascension_level":0}}