{"host":"bwbfdoghql0wyr8b","time":1613540880,"event":{"mods":["Act Like it!","BaseMod","Friendly Minions","Gensokyo","GifTheSpireLib","KinomotoSakuraMod(木之本樱)","Marisa（F雨　魔理沙）","Minty Spire (QoL Compilation)","Remilia（蕾米莉亚）","StSLib","The Servant 0.9.4"],"gold_per_floor":[113,127,146,64,83,95,129,129,156,133,170,182,210,236,248,260,260],"floor_reached":16,"language":"ZHS","playtime":1596,"items_purged":[],"score":179,"play_id":"b780ee94-e826-482e-8271-8a142e618cee","local_time":"20210217134800","is_ascension_mode":true,"campfire_choices":[{"data":"ChaoticDestiny","floor":12,"key":"SMITH"},{"data":"ScarletImprint","floor":15,"key":"SMITH"}],"circlet_count":0,"master_deck":["Strike_RM","Strike_RM","Strike_RM","Strike_RM","Defend_RM","Defend_RM","Defend_RM","Defend_RM","RedMoon","ScarletShoot","BloodRain","EternalNight","BloodyTrap","Finesse","RedNightlessCastle","ScarletImprint+1","ChaoticDestiny+1","BloodHunter"],"relics":["ScarletHat","Mango","Strawberry","MawBank","Oddly Smooth Stone"],"acts_visited":["Exordium"],"potions_floor_usage":[13],"damage_taken":[{"damage":0.0,"enemies":"Small Slimes","floor":1.0,"turns":5.0},{"damage":0.0,"enemies":"2 Louse","floor":2.0,"turns":3.0},{"damage":0.0,"enemies":"Jaw Worm","floor":3.0,"turns":5.0},{"damage":6.0,"enemies":"Lots of Slimes","floor":5.0,"turns":2.0},{"damage":0.0,"enemies":"Exordium Wildlife","floor":6.0,"turns":7.0},{"damage":37.0,"enemies":"Gremlin Nob","floor":7.0,"turns":6.0},{"damage":19,"enemies":"3 Sentries","floor":11,"turns":13},{"damage":9,"enemies":"3 Louse","floor":13,"turns":6},{"damage":0,"enemies":"2 Fungi Beasts","floor":14,"turns":3},{"damage":28,"enemies":"Slime Boss","floor":16,"turns":5}],"seed_played":"-6169250713830469013","potions_obtained":[{"floor":3.0,"key":"SpeedPotion"},{"floor":11,"key":"PowerPotion"},{"floor":13,"key":"Ancient Potion"}],"is_trial":false,"path_per_floor":["M","M","M","$","M","M","E","?","T","?","E","R","M","M","R","B"],"character_chosen":"REMILIA","items_purchased":["Finesse"],"campfire_rested":0,"item_purchase_floors":[4],"current_hp_per_floor":[70,70,74,74,69,69,50,45,45,45,26,26,19,19,19,0,0],"gold":260,"neow_bonus":"ONE_RANDOM_RARE_CARD","is_daily":false,"chose_seed":false,"campfire_upgraded":2,"win_rate":0.0,"timestamp":1613540880,"path_taken":["M","M","M","$","M","M","E","?","T","?","E","R","M","M","R","BOSS"],"items_purchased_type":["Card"],"build_version":"2020-12-22","purchased_purges":0,"victory":false,"max_hp_per_floor":[75,75,75,75,75,75,89,96,96,96,96,96,96,96,96,96,96],"card_choices":[{"not_picked":["UnderTheZenith","MiserableFate"],"picked":"EternalNight","floor":1.0},{"not_picked":["EndlessAdversity","CharismaGuard","Ultimatum"],"picked":"SKIP","floor":2.0},{"not_picked":["UnstableMagic","BlasphemousPunishment"],"picked":"BloodyTrap","floor":3.0},{"not_picked":["DevilSight","Stigmanizer"],"picked":"RedNightlessCastle","floor":5.0},{"not_picked":["Stigmanizer","CharismaGuard"],"picked":"ScarletImprint","floor":6.0},{"not_picked":["UnderTheZenith","BombardNight"],"picked":"ChaoticDestiny","floor":7.0},{"not_picked":["GlobalNightmare","ScarletDevil","BlasphemousPunishment"],"picked":"SKIP","floor":11},{"not_picked":["StarOfDavid","BloodyTrap","NightDance"],"picked":"SKIP","floor":13},{"not_picked":["Ultimatum","DiffusionOfMisfortune"],"picked":"BloodHunter","floor":14}],"player_experience":502042,"relics_obtained":[{"floor":7.0,"key":"Mango"},{"floor":9.0,"key":"MawBank"},{"floor":11,"key":"Oddly Smooth Stone"}],"event_choices":[{"damage_healed":0.0,"max_hp_gain":0.0,"max_hp_loss":0.0,"gold_gain":0.0,"event_name":"Scrap Ooze","player_choice":"Success","floor":8.0,"gold_loss":0.0,"damage_taken":12.0,"relics_obtained":["Strawberry"]},{"damage_healed":0.0,"max_hp_gain":0.0,"max_hp_loss":0.0,"gold_gain":0.0,"event_name":"World of Goop","player_choice":"Left Gold","floor":10.0,"gold_loss":35.0,"damage_taken":0.0}],"is_beta":false,"boss_relics":[],"items_purged_floors":[],"is_endless":false,"potions_floor_spawned":[3,11,13],"killed_by":"Slime Boss","ascension_level":7}}