{"host":"w5thk1acqacem6ba","time":1613545496,"event":{"mods":["AchievementEnabler","BaseMod","Colored Map","KOR Keyword Fix","Minty Spire (QoL Compilation)","SuperFastMode"],"gold_per_floor":[112,128,128,128,152,195,195,208,208,208,222,222,235,251,251,382,382,405,419,433,532,555,555,586,586,586,119,133,133,133,133,133,252,252,268,268,281,281,35,35,76,3,3,3,22,22,22,42,42,42,42],"floor_reached":50,"language":"KOR","playtime":2705,"items_purged":["Defend_P"],"score":646,"play_id":"3572762d-a2ff-41fc-a3e2-0deee58389f3","local_time":"20210217160456","is_ascension_mode":true,"campfire_choices":[{"floor":7.0,"key":"REST"},{"floor":12.0,"key":"REST"},{"floor":15.0,"key":"REST"},{"floor":23.0,"key":"REST"},{"floor":25.0,"key":"REST"},{"data":"ForeignInfluence","floor":30.0,"key":"SMITH"},{"data":"ForeignInfluence","floor":32.0,"key":"SMITH"},{"floor":40,"key":"REST"},{"data":"SignatureMove","floor":44,"key":"SMITH"},{"data":"Omniscience","floor":46,"key":"SMITH"},{"floor":49,"key":"REST"}],"circlet_count":0,"master_deck":["Strike_P","Strike_P+1","Strike_P","Defend_P+1","Defend_P","Eruption","Vigilance","TalkToTheHand","ForeignInfluence+1","SignatureMove+1","Consecrate","DeceiveReality+1","DeusExMachina+1","FlurryOfBlows","Tantrum+1","ForeignInfluence+1","FlurryOfBlows","TalkToTheHand+1","Omniscience+1","TalkToTheHand+1","Swivel+1","Pain","EmptyBody+1"],"relics":["PureWater","Art of War","Golden Idol","Ornamental Fan","TeardropLocket","Black Star","Mercury Hourglass","War Paint","FossilizedHelix","Toolbox","Gremlin Horn","Meat on the Bone","Cursed Key","Kunai","Sundial","Toxic Egg 2","Yang"],"acts_visited":["Exordium","TheCity","TheBeyond"],"potions_floor_usage":[50,50],"damage_taken":[{"damage":12.0,"enemies":"Small Slimes","floor":1.0,"turns":5.0},{"damage":0.0,"enemies":"2 Louse","floor":2.0,"turns":4.0},{"damage":3.0,"enemies":"Cultist","floor":5.0,"turns":3.0},{"damage":40.0,"enemies":"Gremlin Nob","floor":6.0,"turns":4.0},{"damage":2.0,"enemies":"Lots of Slimes","floor":8.0,"turns":6.0},{"damage":1.0,"enemies":"Gremlin Gang","floor":11.0,"turns":3.0},{"damage":3.0,"enemies":"Looter","floor":13.0,"turns":4.0},{"damage":3.0,"enemies":"Exordium Wildlife","floor":14.0,"turns":4.0},{"damage":15.0,"enemies":"Hexaghost","floor":16.0,"turns":11.0},{"damage":8.0,"enemies":"3 Byrds","floor":18.0,"turns":4.0},{"damage":0.0,"enemies":"Spheric Guardian","floor":19.0,"turns":2.0},{"damage":22.0,"enemies":"Snake Plant","floor":20.0,"turns":5.0},{"damage":0.0,"enemies":"Centurion and Healer","floor":22.0,"turns":2.0},{"damage":10.0,"enemies":"Gremlin Leader","floor":24.0,"turns":3.0},{"damage":0.0,"enemies":"Chosen and Byrds","floor":28.0,"turns":3.0},{"damage":87.0,"enemies":"Collector","floor":33.0,"turns":10.0},{"damage":24,"enemies":"3 Shapes","floor":35,"turns":4},{"damage":3,"enemies":"3 Darklings","floor":37,"turns":5},{"damage":0,"enemies":"Reptomancer","floor":41,"turns":4},{"damage":6,"enemies":"Jaw Worm Horde","floor":45,"turns":4},{"damage":9,"enemies":"Maw","floor":48,"turns":6},{"damage":145,"enemies":"Time Eater","floor":50,"turns":14}],"seed_played":"-7745234270829434202","potions_obtained":[{"floor":5.0,"key":"BottledMiracle"},{"floor":10.0,"key":"StancePotion"},{"floor":10.0,"key":"FearPotion"},{"floor":10.0,"key":"DistilledChaos"},{"floor":11.0,"key":"AttackPotion"},{"floor":14.0,"key":"Energy Potion"},{"floor":18.0,"key":"FairyPotion"},{"floor":24.0,"key":"PowerPotion"},{"floor":28.0,"key":"FairyPotion"},{"floor":35,"key":"PowerPotion"}],"is_trial":false,"path_per_floor":["M","M","?","?","M","E","R","M","T","?","M","R","M","M","R","B",null,"M","M","M","?","M","R","E","R","T","$","M","T","R","?","R","B",null,"M","?","M","?","$","R","E","$","T","R","M","R","?","M","R","B"],"character_chosen":"WATCHER","items_purchased":["Toolbox","Gremlin Horn","Kunai","Regen Potion"],"campfire_rested":7,"item_purchase_floors":[27,27,39,42],"current_hp_per_floor":[60,60,46,46,43,3,24,22,22,22,21,42,39,36,57,42,65,57,57,35,35,35,56,46,67,67,67,67,67,67,67,67,20,59,47,47,44,44,44,65,65,65,65,65,59,59,59,50,71,0,0],"gold":42,"neow_bonus":"RANDOM_COMMON_RELIC","is_daily":false,"chose_seed":false,"campfire_upgraded":4,"win_rate":0.0,"timestamp":1613545496,"path_taken":["M","M","?","?","M","E","R","M","T","?","?","R","M","?","R","BOSS","M","?","M","?","M","R","E","R","T","$","M","?","R","?","R","BOSS","M","?","M","?","$","R","E","$","T","R","M","R","?","M","R","BOSS"],"items_purchased_type":["Relic","Relic","Relic","Potion"],"build_version":"2020-12-22","purchased_purges":1,"victory":false,"max_hp_per_floor":[72,72,72,72,72,72,72,72,72,72,72,72,72,72,72,72,72,72,72,72,72,72,72,72,72,72,72,72,72,72,72,72,72,72,72,72,72,72,72,72,72,72,72,72,72,72,72,72,72,72,72],"card_choices":[{"not_picked":["JustLucky","Perseverance","PathToVictory"],"picked":"SKIP","floor":1.0},{"not_picked":["CutThroughFate","ClearTheMind"],"picked":"TalkToTheHand","floor":2.0},{"not_picked":["Consecrate","CarveReality"],"picked":"ForeignInfluence","floor":5.0},{"not_picked":["Prostrate","Evaluate"],"picked":"SignatureMove","floor":6.0},{"not_picked":["Indignation","WaveOfTheHand","CrushJoints"],"picked":"SKIP","floor":8.0},{"not_picked":["Conclude","Protect"],"picked":"Consecrate","floor":11.0},{"not_picked":["Crescendo","SashWhip"],"picked":"DeceiveReality","floor":13.0},{"not_picked":["CrushJoints","Indignation","Halt"],"picked":"SKIP","floor":14.0},{"not_picked":["Brilliance","DevaForm"],"picked":"DeusExMachina","floor":16.0},{"not_picked":["PathToVictory","FlyingSleeves","Evaluate"],"picked":"SKIP","floor":18.0},{"not_picked":["WindmillStrike","Consecrate"],"picked":"FlurryOfBlows","floor":19.0},{"not_picked":["FlyingSleeves","Halt"],"picked":"Tantrum+1","floor":20.0},{"not_picked":["JustLucky","Weave"],"picked":"ForeignInfluence","floor":22.0},{"not_picked":["SashWhip","LikeWater+1"],"picked":"FlurryOfBlows","floor":24.0},{"not_picked":["Wireheading","JustLucky+1"],"picked":"TalkToTheHand+1","floor":28.0},{"not_picked":["MasterReality","LessonLearned"],"picked":"Omniscience","floor":33.0},{"not_picked":["Perseverance+1","JustLucky+1"],"picked":"TalkToTheHand+1","floor":35},{"not_picked":["JustLucky","BowlingBash+1","Evaluate"],"picked":"SKIP","floor":37},{"not_picked":["Halt+1","Indignation+1"],"picked":"Swivel+1","floor":41},{"not_picked":["WaveOfTheHand+1","EmptyFist+1"],"picked":"EmptyBody+1","floor":45},{"not_picked":["InnerPeace+1","JustLucky+1","Study+1"],"picked":"SKIP","floor":48}],"player_experience":406065,"relics_obtained":[{"floor":6.0,"key":"Ornamental Fan"},{"floor":9.0,"key":"TeardropLocket"},{"floor":24.0,"key":"Mercury Hourglass"},{"floor":24.0,"key":"War Paint"},{"floor":26.0,"key":"FossilizedHelix"},{"floor":29.0,"key":"Meat on the Bone"},{"floor":41,"key":"Sundial"},{"floor":41,"key":"Toxic Egg 2"},{"floor":43,"key":"Yang"}],"event_choices":[{"damage_healed":0.0,"max_hp_gain":0.0,"max_hp_loss":0.0,"gold_gain":0.0,"event_name":"Shining Light","player_choice":"Entered Light","floor":3.0,"gold_loss":0.0,"damage_taken":14.0,"cards_upgraded":["Defend_P","Strike_P"]},{"damage_healed":0.0,"max_hp_gain":0.0,"max_hp_loss":0.0,"gold_gain":0.0,"event_name":"Golden Idol","player_choice":"Take Wound","floor":4.0,"gold_loss":0.0,"damage_taken":0.0,"relics_obtained":["Golden Idol"],"cards_obtained":["Injury"]},{"damage_healed":0.0,"max_hp_gain":0.0,"max_hp_loss":0.0,"gold_gain":0.0,"event_name":"Lab","player_choice":"Got Potions","floor":10.0,"gold_loss":0.0,"damage_taken":0.0},{"damage_healed":0.0,"max_hp_gain":0.0,"max_hp_loss":0.0,"gold_gain":99.0,"event_name":"Nest","player_choice":"Stole From Cult","floor":21.0,"gold_loss":0.0,"damage_taken":0.0},{"cards_removed":["Injury"],"damage_healed":0.0,"max_hp_gain":0.0,"max_hp_loss":0.0,"gold_gain":0.0,"event_name":"Back to Basics","player_choice":"Elegance","floor":31.0,"gold_loss":0.0,"damage_taken":0.0},{"damage_healed":0,"gold_gain":0,"player_choice":"Ignored","damage_taken":0,"max_hp_gain":0,"max_hp_loss":0,"event_name":"Tomb of Lord Red Mask","floor":36,"gold_loss":0},{"cards_removed":["Defend_P"],"damage_healed":0,"gold_gain":0,"player_choice":"Removed Skill","damage_taken":0,"max_hp_gain":0,"max_hp_loss":0,"event_name":"Falling","floor":38,"gold_loss":0},{"cards_removed":["Strike_P"],"damage_healed":0,"gold_gain":0,"player_choice":"Purged","damage_taken":0,"max_hp_gain":0,"max_hp_loss":0,"event_name":"Purifier","floor":47,"gold_loss":0}],"is_beta":false,"boss_relics":[{"not_picked":["Ectoplasm","Coffee Dripper"],"picked":"Black Star"},{"not_picked":["Snecko Eye","Tiny House"],"picked":"Cursed Key"}],"items_purged_floors":[27],"is_endless":false,"potions_floor_spawned":[5,11,14,18,24,28,35,48],"killed_by":"Time Eater","ascension_level":5}}