{"host":"ffqn1azj9urswy62","time":1613576588,"event":{"mods":["BaseMod","Better Third Choice","Conspire","Googly Eyes","Hubris","Minty Spire (QoL Compilation)","Replay The Spire","StSLib","Wandering Minibosses","slay the spire mod where everything is the same but ironclad has a cowboy hat"],"gold_per_floor":[116,41,71,86,86,86,117,135,184,197,197,197],"floor_reached":11,"language":"ENG","playtime":345,"items_purged":["Strike_B"],"score":84,"play_id":"95a23e43-e60b-41c4-83f9-84de5ad6d7b7","local_time":"20210217104308","is_ascension_mode":true,"campfire_choices":[{"data":"Defragment","floor":6,"key":"SMITH"}],"circlet_count":0,"master_deck":["Strike_B","Strike_B","Defend_B","Defend_B","Defend_B","Defend_B","Zap","Dualcast","Leap","Defragment+1","ReplayTheSpireMod:Repulse","Cold Snap","Glacier"],"relics":["Cracked Core","NeowsBlessing","Turnip","Replay:Towering Pillar of Hats"],"acts_visited":["Exordium"],"potions_floor_usage":[11],"damage_taken":[{"damage":0,"enemies":"2 Louse","floor":1,"turns":1},{"damage":0,"enemies":"conspire:MimicChest","floor":3,"turns":1},{"damage":0,"enemies":"Jaw Worm","floor":4,"turns":1},{"damage":42,"enemies":"3 Sentries","floor":7,"turns":8},{"damage":0,"enemies":"Cultist","floor":8,"turns":3},{"damage":9,"enemies":"3 Louse","floor":10,"turns":3},{"damage":28,"enemies":"Gremlin Nob","floor":11,"turns":5}],"seed_played":"-2409899152011204058","potions_obtained":[{"floor":3,"key":"SkillPotion"},{"floor":7,"key":"ColorlessPotion"}],"is_trial":false,"path_per_floor":["M","$","?","M","?","R","E","M","T","M","E"],"character_chosen":"DEFECT","items_purchased":[],"campfire_rested":0,"item_purchase_floors":[],"current_hp_per_floor":[75,75,75,75,75,75,33,33,33,24,0,0],"gold":197,"neow_bonus":"THREE_ENEMY_KILL","is_daily":false,"chose_seed":false,"campfire_upgraded":1,"win_rate":0.0,"timestamp":1613576588,"path_taken":["M","$","?","?","?","R","E","M","T","M","E"],"items_purchased_type":[],"build_version":"2020-12-22","purchased_purges":1,"victory":false,"max_hp_per_floor":[75,75,75,75,75,75,75,75,75,75,75,75],"card_choices":[{"not_picked":["Steam","Stack"],"picked":"Leap","floor":1},{"not_picked":["Chaos","Aggregate"],"picked":"Defragment","floor":3},{"not_picked":["Aggregate","Turbo","Panic Button"],"picked":"SKIP","floor":4},{"not_picked":["Meteor Strike","Ball Lightning"],"picked":"ReplayTheSpireMod:Repulse","floor":7},{"not_picked":["Sunder","Gash"],"picked":"Cold Snap","floor":8},{"not_picked":["Auto Shields","Streamline"],"picked":"Glacier","floor":10}],"player_experience":685847,"relics_obtained":[{"floor":3,"key":"Turnip"},{"floor":7,"key":"Replay:Towering Pillar of Hats"}],"event_choices":[{"cards_removed":["Strike_B"],"damage_healed":0,"gold_gain":0,"player_choice":"Purged","damage_taken":0,"max_hp_gain":0,"max_hp_loss":0,"event_name":"Purifier","floor":5,"gold_loss":0}],"is_beta":false,"boss_relics":[],"items_purged_floors":[2],"is_endless":false,"potions_floor_spawned":[3,7],"killed_by":"Gremlin Nob","ascension_level":3}}