{"host":"utqe55yv0jihe4d6","time":1613531917,"event":{"mods":["2.2 Compatiblity","AchievementEnabler","BaseMod","Block Reminder","Colored Map","Colored Powertips","Minty Spire (QoL Compilation)","Quick Restart","Rare Cards Sparkle","Relic Stats","SuperFastMode"],"gold_per_floor":[117,42,117,131,141,141,141,141],"floor_reached":7,"language":"ENG","playtime":158,"items_purged":[],"score":82,"play_id":"84ec2aed-8169-43ac-8218-bef7aa12f700","local_time":"20210216221837","is_ascension_mode":true,"campfire_choices":[{"data":"Bash","floor":6,"key":"SMITH"}],"circlet_count":0,"master_deck":["AscendersBane","Strike_R","Strike_R","Strike_R","Strike_R","Strike_R","Defend_R","Defend_R","Defend_R","Defend_R","Bash+1","Whirlwind","Flame Barrier"],"relics":["Burning Blood","Torii"],"acts_visited":["Exordium"],"potions_floor_usage":[7],"damage_taken":[{"damage":3,"enemies":"Jaw Worm","floor":1,"turns":5},{"damage":3,"enemies":"Small Slimes","floor":4,"turns":4},{"damage":9,"enemies":"2 Louse","floor":5,"turns":3},{"damage":76,"enemies":"Lagavulin","floor":7,"turns":8}],"seed_played":"6997661815644918066","potions_obtained":[{"floor":4,"key":"Weak Potion"}],"is_trial":false,"path_per_floor":["M","?","?","M","M","R","E"],"character_chosen":"IRONCLAD","items_purchased":[],"campfire_rested":0,"item_purchase_floors":[],"current_hp_per_floor":[71,71,60,63,60,60,0,0],"gold":141,"neow_bonus":"ONE_RARE_RELIC","is_daily":false,"chose_seed":false,"campfire_upgraded":1,"win_rate":0.0,"timestamp":1613531917,"path_taken":["M","?","?","M","M","R","E"],"items_purchased_type":[],"build_version":"2020-12-22","purchased_purges":0,"victory":false,"max_hp_per_floor":[75,75,75,75,75,75,75,75],"relic_stats":{"Torii":8,"counters":[4,20],"obtain_stats":[{"Torii":0,"Burning Blood":0},{"Torii":0,"Burning Blood":0},{"Torii":0,"Burning Blood":0}],"Burning Blood":18},"card_choices":[{"not_picked":["Pummel","Twin Strike"],"picked":"Whirlwind","floor":1},{"not_picked":["True Grit","Iron Wave"],"picked":"Flame Barrier","floor":4},{"not_picked":["Ghostly Armor","Body Slam","Sever Soul"],"picked":"SKIP","floor":5}],"player_experience":3080044,"relics_obtained":[],"event_choices":[{"cards_removed":["Injury"],"damage_healed":0,"gold_gain":0,"player_choice":"Card Removal","damage_taken":0,"max_hp_gain":0,"max_hp_loss":0,"event_name":"The Cleric","floor":2,"gold_loss":75},{"damage_healed":0,"gold_gain":75,"player_choice":"Gather Gold","damage_taken":11,"max_hp_gain":0,"max_hp_loss":0,"event_name":"World of Goop","floor":3,"gold_loss":0}],"is_beta":false,"boss_relics":[],"items_purged_floors":[],"is_endless":false,"potions_floor_spawned":[4],"killed_by":"Lagavulin","ascension_level":20}}