{"host":"dmtlrev5pkc1867p","time":1613581264,"event":{"mods":["A Magickal Journey","AchievementEnabler","BaseMod","Colored Map","Colored Powertips","Downfall","Hermit","Highlight Path","Hubris","Infinite Spire","Marisa¡]Ãú«B¡@Å]²z¨F¡^","Minty Spire (QoL Compilation)","Permanent Neow","Quick Restart","Rare Cards Sparkle","Relic Sorter","Relic Stats","Replay The Spire","StSLib","SuperFastMode","The Construct","The Cursed","The Disciple","The Hierophant","The Necromancer","The Runesmith","The Servant 0.9.4"],"gold_per_floor":[110,185,185,203,81,81,93,111,111,128,128,144,158,176,176,274,274,288,300,300,300,316,316,344,358,409,409,409],"floor_reached":27,"language":"ZHS","playtime":954,"items_purged":[],"score":330,"play_id":"556f7fb2-63c2-4c45-9930-cfd3cd5064be","local_time":"20210218010104","is_ascension_mode":true,"campfire_choices":[{"floor":6.0,"key":"REST"},{"floor":15.0,"key":"REST"},{"floor":23,"key":"REST"}],"circlet_count":0,"master_deck":["Strike_G+1","Strike_G+1","Strike_G+1","Strike_G+1","Strike_G+1","Defend_G+1","Defend_G+1","Defend_G+1","Defend_G+1","Defend_G+1","Survivor","Neutralize","Thinking Ahead","Terror","Quick Slash","Deadly Poison+1","Infinite Blades","Masterful Stab","Catalyst","Malaise","hubris:Counter","Accuracy","Dagger Spray","PiercingWail","Corpse Explosion","Prepared+1","Dodge and Roll","Catalyst","Blur+1","Cloak And Dagger","Caltrops","Delirium"],"relics":["Ring of the Snake","Ornamental Fan","Painkiller Herb","Cursed Key","DollysMirror","hubris:SlimyHat"],"acts_visited":["Exordium","TheCity"],"potions_floor_usage":[19,22,24,24],"damage_taken":[{"damage":0.0,"enemies":"Jaw Worm","floor":1.0,"turns":4.0},{"damage":1.0,"enemies":"2 Louse","floor":4.0,"turns":3.0},{"damage":0.0,"enemies":"Cultist","floor":7.0,"turns":2.0},{"damage":6.0,"enemies":"2 Fungi Beasts","floor":8.0,"turns":3.0},{"damage":0.0,"enemies":"Exordium Wildlife","floor":10.0,"turns":3.0},{"damage":17.0,"enemies":"Looter","floor":12.0,"turns":3.0},{"damage":5.0,"enemies":"Red Slaver","floor":13.0,"turns":3.0},{"damage":0.0,"enemies":"3 Louse","floor":14.0,"turns":3.0},{"damage":4.0,"enemies":"Hexaghost","floor":16.0,"turns":8.0},{"damage":5,"enemies":"Chosen","floor":18,"turns":4},{"damage":0,"enemies":"2 Thieves","floor":19,"turns":2},{"damage":0,"enemies":"Snake Plant","floor":22,"turns":3},{"damage":38,"enemies":"Gremlin Leader","floor":24,"turns":6},{"damage":24,"enemies":"Shelled Parasite and Fungi","floor":25,"turns":5},{"damage":5,"enemies":"Centurion and Healer","floor":27,"turns":3}],"seed_played":"-5940676671839693979","potions_obtained":[{"floor":8.0,"key":"LifebloodPotion"},{"floor":12.0,"key":"Swift Potion"},{"floor":14.0,"key":"SneckoOil"},{"floor":16,"key":"Languid Potion"},{"floor":18,"key":"DistilledChaos"},{"floor":19,"key":"Elixir"},{"floor":22,"key":"AttackPotion"}],"is_trial":false,"path_per_floor":["M","?","?","M","$","R","M","M","T","M","?","M","M","M","R","B",null,"?","?","AVR","?","?","T","E","?","T","?"],"character_chosen":"THE_SILENT","items_purchased":["Deadly Poison+1","Infinite Blades"],"campfire_rested":3,"item_purchase_floors":[5,5],"current_hp_per_floor":[45,34,27,26,26,47,47,41,41,41,41,24,19,19,40,36,62,57,57,57,57,57,70,32,8,8,3,3],"gold":409,"neow_bonus":"RANDOM_COLORLESS_2","is_daily":false,"chose_seed":false,"campfire_upgraded":0,"win_rate":0.0,"timestamp":1613581264,"path_taken":["M","?","?","M","$","R","M","?","T","M","?","M","M","M","R","BOSS","BOSS","?","?","AVR","?","?","T","E","?","T","?"],"items_purchased_type":["Card","Card"],"build_version":"2020-12-22","purchased_purges":0,"victory":false,"max_hp_per_floor":[70,70,70,70,70,70,70,70,70,70,70,70,70,70,70,70,70,70,70,70,70,70,70,70,70,70,70,70],"relic_stats":{"counters":[15,55],"Ornamental Fan":[56],"Cursed Key":1,"obtain_stats":[{"Ornamental Fan":9,"DollysMirror":20,"Painkiller Herb":17,"hubris:SlimyHat":24,"Cursed Key":20,"Ring of the Snake":0},{"Ornamental Fan":4,"DollysMirror":11,"Painkiller Herb":9,"hubris:SlimyHat":13,"Cursed Key":11,"Ring of the Snake":0},{"Ornamental Fan":12,"DollysMirror":38,"Painkiller Herb":32,"hubris:SlimyHat":47,"Cursed Key":38,"Ring of the Snake":0}],"Ring of the Snake":[30]},"card_choices":[{"not_picked":["Midas Touch","Violence"],"picked":"Thinking Ahead","floor":0.0},{"not_picked":["Bane","Underhanded Strike"],"picked":"Terror","floor":1.0},{"not_picked":["Blade Dance","Outmaneuver"],"picked":"Quick Slash","floor":4.0},{"not_picked":["Riddle With Holes","ReplayTheSpireMod:Scrap Shanks"],"picked":"Masterful Stab","floor":7.0},{"not_picked":["Setup","PiercingWail"],"picked":"Catalyst","floor":8.0},{"not_picked":["Blade Dance","Deflect"],"picked":"Malaise","floor":10.0},{"not_picked":["Underhanded Strike","Dodge and Roll"],"picked":"Accuracy","floor":12.0},{"not_picked":["Underhanded Strike","Dagger Throw"],"picked":"Dagger Spray","floor":13.0},{"not_picked":["Eviscerate","Endless Agony"],"picked":"PiercingWail","floor":14.0},{"not_picked":["Tools of the Trade","ReplayTheSpireMod:Necrosis"],"picked":"Corpse Explosion","floor":16},{"not_picked":["Outmaneuver","Catalyst"],"picked":"Prepared+1","floor":18},{"not_picked":["hubris:SlightOfHand","Quick Slash"],"picked":"Dodge and Roll","floor":19},{"not_picked":["hubris:Counter","Eviscerate"],"picked":"Blur+1","floor":22},{"not_picked":["ReplayTheSpireMod:The Works+1","Slice"],"picked":"Cloak And Dagger","floor":24},{"not_picked":["Outmaneuver","Sucker Punch"],"picked":"Caltrops","floor":25}],"player_experience":715674,"relics_obtained":[{"floor":9.0,"key":"Ornamental Fan"},{"floor":24,"key":"hubris:SlimyHat"}],"event_choices":[{"damage_healed":0.0,"max_hp_gain":0.0,"max_hp_loss":0.0,"gold_gain":75.0,"event_name":"World of Goop","player_choice":"Gather Gold","floor":2.0,"gold_loss":0.0,"damage_taken":11.0},{"damage_healed":0.0,"max_hp_gain":0.0,"max_hp_loss":0.0,"gold_gain":0.0,"event_name":"Wheel of Change","player_choice":"Damaged","floor":3.0,"gold_loss":0.0,"damage_taken":7.0},{"damage_healed":0,"gold_gain":0,"player_choice":"Simplicity","damage_taken":0,"max_hp_gain":0,"max_hp_loss":0,"event_name":"Back to Basics","floor":21,"gold_loss":0,"cards_upgraded":["Strike_G","Strike_G","Strike_G","Strike_G","Strike_G","Defend_G","Defend_G","Defend_G","Defend_G","Defend_G"]}],"is_beta":false,"boss_relics":[{"not_picked":["Ring of the Serpent","Ring of Chaos"],"picked":"Painkiller Herb"}],"items_purged_floors":[],"is_endless":false,"potions_floor_spawned":[8,12,14,16,18,19,22],"killed_by":"Centurion and Healer","ascension_level":6}}