{"host":"91blwi3hgehj6ch9","time":1613562818,"event":{"mods":["2.2 Compatiblity","AchievementEnabler","BaseMod","Colored Map","DeckTracker","Keyboard Shortcuts","Minty Spire (QoL Compilation)","Permanent Neow","StSLib","SuperFastMode","everything is the same but u backflip on backflip"],"gold_per_floor":[117,133,153,164,174,199,216,216,241,241,241,241,316,241,241,241,241],"floor_reached":16,"language":"KOR","playtime":372,"items_purged":[],"score":229,"play_id":"8e41ffd3-2be0-40dd-9ea8-294db28665b1","local_time":"20210217205338","is_ascension_mode":true,"campfire_choices":[{"data":"Ragnarok","floor":10,"key":"SMITH"},{"floor":12,"key":"REST"},{"floor":15,"key":"REST"}],"circlet_count":0,"master_deck":["AscendersBane","Strike_P","Strike_P","Strike_P","Defend_P","Defend_P","Defend_P","Eruption+1","Vigilance","CrushJoints","FlurryOfBlows","Perseverance","Ragnarok+1"],"relics":["PureWater","MealTicket","Blood Vial"],"acts_visited":["Exordium"],"potions_floor_usage":[16],"damage_taken":[{"damage":0.0,"enemies":"Small Slimes","floor":1.0,"turns":3.0},{"damage":0.0,"enemies":"2 Louse","floor":2.0,"turns":2.0},{"damage":1.0,"enemies":"Cultist","floor":3.0,"turns":3.0},{"damage":6.0,"enemies":"Exordium Wildlife","floor":4.0,"turns":5.0},{"damage":20.0,"enemies":"Lots of Slimes","floor":5.0,"turns":5.0},{"damage":0.0,"enemies":"Lagavulin","floor":6.0,"turns":3.0},{"damage":20,"enemies":"Gremlin Gang","floor":7,"turns":4},{"damage":47,"enemies":"Hexaghost","floor":16,"turns":9}],"seed_played":"-5830344031004975079","potions_obtained":[{"floor":4.0,"key":"StancePotion"},{"floor":5.0,"key":"FearPotion"},{"floor":7,"key":"Fire Potion"}],"is_trial":false,"path_per_floor":["M","M","M","M","M","E","M","?","T","R","?","R","?","?","R","B"],"character_chosen":"WATCHER","items_purchased":[],"campfire_rested":2,"item_purchase_floors":[],"current_hp_per_floor":[61,61,60,54,34,34,14,14,14,14,14,34,23,23,43,0,0],"gold":241,"neow_bonus":"UPGRADE_CARD","is_daily":false,"chose_seed":false,"campfire_upgraded":1,"win_rate":0.0,"timestamp":1613562818,"path_taken":["M","M","M","M","M","E","M","?","T","R","?","R","?","?","R","BOSS"],"items_purchased_type":[],"build_version":"2020-12-22","purchased_purges":0,"victory":false,"max_hp_per_floor":[68,68,68,68,68,68,68,68,68,68,68,68,68,68,68,68,68],"card_choices":[{"not_picked":["Consecrate","FlyingSleeves"],"picked":"CrushJoints","floor":1.0},{"not_picked":["EmptyMind","EmptyFist","WaveOfTheHand"],"picked":"SKIP","floor":2.0},{"not_picked":["Crescendo","BowlingBash"],"picked":"FlurryOfBlows","floor":3.0},{"not_picked":["PathToVictory","Crescendo"],"picked":"Perseverance","floor":4.0},{"not_picked":["Prostrate","Study"],"picked":"Ragnarok","floor":5.0},{"not_picked":["Wireheading","Protect","ThirdEye"],"picked":"SKIP","floor":6.0},{"not_picked":["ClearTheMind","Conclude","EmptyBody"],"picked":"SKIP","floor":7}],"player_experience":276418,"relics_obtained":[{"floor":6.0,"key":"MealTicket"},{"floor":9,"key":"Blood Vial"}],"event_choices":[{"damage_healed":0,"gold_gain":0,"player_choice":"Ignored","damage_taken":0,"max_hp_gain":0,"max_hp_loss":0,"event_name":"Shining Light","floor":8,"gold_loss":0},{"cards_removed":["Defend_P"],"damage_healed":0,"gold_gain":0,"player_choice":"Forget","damage_taken":0,"max_hp_gain":0,"max_hp_loss":0,"event_name":"Living Wall","floor":11,"gold_loss":0},{"damage_healed":0,"gold_gain":75,"player_choice":"Gather Gold","damage_taken":11,"max_hp_gain":0,"max_hp_loss":0,"event_name":"World of Goop","floor":13,"gold_loss":0},{"cards_removed":["Strike_P"],"damage_healed":0,"gold_gain":0,"player_choice":"Card Removal","damage_taken":0,"max_hp_gain":0,"max_hp_loss":0,"event_name":"The Cleric","floor":14,"gold_loss":75}],"is_beta":false,"boss_relics":[],"items_purged_floors":[],"is_endless":false,"potions_floor_spawned":[4,5,7],"killed_by":"Hexaghost","ascension_level":16}}