{"host":"kvo7eymyd21g9abd","time":1613585796,"event":{"mods":["AchievementEnabler","BaseMod","Bestiary","Colored Map","Minty Spire (QoL Compilation)","StSLib"],"gold_per_floor":[115,115,134,146,38,38,81,81,104,74,74,100,25,25,25],"floor_reached":14,"language":"ENG","playtime":433,"items_purged":["Decay"],"score":110,"play_id":"c8ac0303-f03d-437f-b92b-a39dee55528e","local_time":"20210217131636","is_ascension_mode":true,"campfire_choices":[{"floor":6,"key":"RECALL"},{"floor":8,"key":"REST"},{"data":"Prepared","floor":11,"key":"SMITH"}],"circlet_count":0,"master_deck":["Strike_G","Strike_G","Strike_G","Strike_G","Strike_G","Defend_G","Defend_G","Defend_G","Defend_G","Defend_G","Survivor","Neutralize+1","Acrobatics","Dodge and Roll","Escape Plan","All Out Attack","Tactician","Prepared+1","Tactician","Backflip"],"relics":["Ring of the Snake","CeramicFish","Regal Pillow"],"acts_visited":["Exordium"],"potions_floor_usage":[14,14],"damage_taken":[{"damage":4,"enemies":"Small Slimes","floor":1,"turns":3},{"damage":2,"enemies":"Cultist","floor":3,"turns":4},{"damage":0,"enemies":"Jaw Worm","floor":4,"turns":6},{"damage":15,"enemies":"3 Sentries","floor":7,"turns":8},{"damage":0,"enemies":"3 Louse","floor":12,"turns":2},{"damage":83,"enemies":"Gremlin Nob","floor":14,"turns":8}],"seed_played":"-7920633267012927492","potions_obtained":[{"floor":3,"key":"Regen Potion"},{"floor":7,"key":"Block Potion"}],"is_trial":false,"path_per_floor":["M","?","M","M","$","R","E","R","T","$","R","M","$","E"],"character_chosen":"THE_SILENT","items_purchased":["All Out Attack","Tactician","Tactician"],"campfire_rested":1,"item_purchase_floors":[5,5,10],"current_hp_per_floor":[66,66,64,64,64,64,49,70,70,70,70,70,70,0,0],"gold":25,"neow_bonus":"UPGRADE_CARD","is_daily":false,"chose_seed":false,"campfire_upgraded":1,"win_rate":0.0,"timestamp":1613585796,"path_taken":["M","?","?","M","$","R","E","R","T","?","R","M","$","E"],"items_purchased_type":["Card","Card","Card"],"build_version":"2020-12-22","purchased_purges":1,"victory":false,"max_hp_per_floor":[70,70,70,70,70,70,70,70,70,70,70,70,70,70,70],"card_choices":[{"not_picked":["Quick Slash","Calculated Gamble"],"picked":"Acrobatics","floor":1},{"not_picked":["Outmaneuver","Flying Knee"],"picked":"Dodge and Roll","floor":3},{"not_picked":["Backstab","Predator"],"picked":"Escape Plan","floor":4},{"not_picked":["Choke","Blade Dance"],"picked":"Prepared","floor":7},{"not_picked":["Catalyst","Dodge and Roll"],"picked":"Backflip","floor":12}],"player_experience":464507,"relics_obtained":[{"floor":7,"key":"CeramicFish"},{"floor":9,"key":"Regal Pillow"}],"event_choices":[{"damage_healed":0,"gold_gain":0,"player_choice":"Cursed","damage_taken":0,"max_hp_gain":0,"max_hp_loss":0,"event_name":"Wheel of Change","floor":2,"gold_loss":0,"cards_obtained":["Decay"]}],"is_beta":false,"boss_relics":[],"items_purged_floors":[13],"is_endless":false,"potions_floor_spawned":[3,7],"killed_by":"Gremlin Nob","ascension_level":5}}