{"host":"w5thk1acqacem6ba","time":1613550124,"event":{"mods":["AchievementEnabler","BaseMod","Colored Map","KOR Keyword Fix","Minty Spire (QoL Compilation)","SuperFastMode"],"gold_per_floor":[19,119,130,130,130,156,175,175,175,189,203,203,223,234,234,234,234],"floor_reached":16,"language":"KOR","playtime":684,"items_purged":[],"score":130,"play_id":"5d1033aa-7aeb-410a-b524-960c2b1349c0","local_time":"20210217172204","is_ascension_mode":true,"campfire_choices":[{"floor":8,"key":"REST"},{"floor":15,"key":"REST"}],"circlet_count":0,"master_deck":["Strike_P","Strike_P","Strike_P+1","Defend_P","Defend_P","Eruption+1","Vigilance","WaveOfTheHand","ForeignInfluence+1","Protect","Protect","FollowUp","Wallop","Consecrate"],"relics":["PureWater","Lizard Tail","Pantograph"],"acts_visited":["Exordium"],"potions_floor_usage":[16,16],"damage_taken":[{"damage":0,"enemies":"2 Louse","floor":1,"turns":2},{"damage":0,"enemies":"Cultist","floor":3,"turns":2},{"damage":28,"enemies":"Lagavulin","floor":6,"turns":3},{"damage":4,"enemies":"Small Slimes","floor":7,"turns":3},{"damage":0,"enemies":"2 Fungi Beasts","floor":10,"turns":1},{"damage":2,"enemies":"Gremlin Gang","floor":11,"turns":5},{"damage":2,"enemies":"Looter","floor":13,"turns":2},{"damage":4,"enemies":"Blue Slaver","floor":14,"turns":2},{"damage":73,"enemies":"Hexaghost","floor":16,"turns":15}],"seed_played":"7069580421857269158","potions_obtained":[{"floor":6,"key":"ColorlessPotion"},{"floor":7,"key":"SkillPotion"},{"floor":11,"key":"SteroidPotion"},{"floor":13,"key":"LiquidMemories"}],"is_trial":false,"path_per_floor":["M","?","M","?","?","E","M","R","T","M","M","?","M","M","R","B"],"character_chosen":"WATCHER","items_purchased":[],"campfire_rested":2,"item_purchase_floors":[],"current_hp_per_floor":[72,72,72,72,58,30,26,47,47,47,45,45,43,39,60,36,36],"gold":234,"neow_bonus":"TRANSFORM_TWO_CARDS","is_daily":false,"chose_seed":false,"campfire_upgraded":0,"win_rate":0.0,"timestamp":1613550124,"path_taken":["M","?","?","?","?","E","M","R","T","M","M","?","?","M","R","BOSS"],"items_purchased_type":[],"build_version":"2020-12-22","purchased_purges":0,"victory":false,"max_hp_per_floor":[72,72,72,72,72,72,72,72,72,72,72,72,72,72,72,72,72],"card_choices":[{"not_picked":["WindmillStrike","ThirdEye","LikeWater"],"picked":"SKIP","floor":1},{"not_picked":["Swivel","Fasting2"],"picked":"Protect","floor":3},{"not_picked":["Evaluate","WreathOfFlame"],"picked":"Protect","floor":6},{"not_picked":["ThirdEye","CrushJoints"],"picked":"FollowUp","floor":7},{"not_picked":["CutThroughFate","SashWhip"],"picked":"Wallop","floor":10},{"not_picked":["CarveReality","FlyingSleeves","Weave"],"picked":"SKIP","floor":11},{"not_picked":["Prostrate","Tantrum"],"picked":"Consecrate","floor":13},{"not_picked":["FollowUp","ConjureBlade","PathToVictory"],"picked":"SKIP","floor":14}],"player_experience":412439,"relics_obtained":[{"floor":6,"key":"Lizard Tail"},{"floor":9,"key":"Pantograph"}],"event_choices":[{"damage_healed":0,"gold_gain":100,"player_choice":"Pray","damage_taken":0,"max_hp_gain":0,"max_hp_loss":0,"event_name":"Golden Shrine","floor":2,"gold_loss":0},{"damage_healed":0,"gold_gain":0,"player_choice":"Grow","damage_taken":0,"max_hp_gain":0,"max_hp_loss":0,"event_name":"Living Wall","floor":4,"gold_loss":0,"cards_upgraded":["Eruption"]},{"damage_healed":0,"gold_gain":0,"player_choice":"Entered Light","damage_taken":14,"max_hp_gain":0,"max_hp_loss":0,"event_name":"Shining Light","floor":5,"gold_loss":0,"cards_upgraded":["Strike_P","ForeignInfluence"]},{"cards_removed":["Defend_P"],"damage_healed":0,"gold_gain":0,"player_choice":"Card Removal","damage_taken":0,"max_hp_gain":0,"max_hp_loss":0,"event_name":"Wheel of Change","floor":12,"gold_loss":0}],"is_beta":false,"boss_relics":[],"items_purged_floors":[],"is_endless":false,"potions_floor_spawned":[6,7,11,13],"killed_by":"Hexaghost","ascension_level":5}}