{"host":"8rgpnls124hwjv5t","time":1613521597,"event":{"mods":["BaseMod","Colored Map","Colored Powertips","DeckTracker","Highlight Path","Minty Spire (QoL Compilation)","Permanent Neow","Quick Restart","Relic Stats","Shop Mod","StSLib"],"gold_per_floor":[113,129,148,158,175,175,210,210,210,239,239,239,267,19,19,93,93,104,122,122,122,132,132,132,132],"floor_reached":24,"language":"ENG","playtime":1053,"items_purged":[],"score":432,"play_id":"f3046ac8-1ff0-4928-ab4c-1bd0e4d3c569","local_time":"20210216192637","is_ascension_mode":true,"campfire_choices":[{"data":"Bouncing Flask","floor":6,"key":"SMITH"},{"floor":8,"key":"REST"},{"floor":11,"key":"REST"},{"data":"Footwork","floor":15,"key":"SMITH"},{"floor":23,"key":"REST"}],"circlet_count":0,"master_deck":["AscendersBane","Strike_G","Strike_G","Strike_G","Strike_G","Strike_G","Defend_G","Defend_G","Defend_G","Defend_G","Defend_G","Survivor","Neutralize","Riddle With Holes","Poisoned Stab","Dagger Spray+1","Bouncing Flask+1","Cloak And Dagger","Terror","PiercingWail","Footwork+1","Envenom","Blade Dance","Backstab","Infinite Blades+1"],"relics":["Black Star","Tiny Chest","Tingsha","WingedGreaves","Ornamental Fan","Snake Skull","Eternal Feather","Bottled Flame","MealTicket","Runic Pyramid","Mummified Hand"],"acts_visited":["Exordium","TheCity"],"potions_floor_usage":[5,10,13,16,22],"damage_taken":[{"damage":1,"enemies":"2 Louse","floor":1,"turns":5},{"damage":1,"enemies":"Cultist","floor":2,"turns":4},{"damage":6,"enemies":"Jaw Worm","floor":3,"turns":4},{"damage":3,"enemies":"Blue Slaver","floor":4,"turns":5},{"damage":0,"enemies":"Large Slime","floor":5,"turns":6},{"damage":39,"enemies":"Lagavulin","floor":7,"turns":7},{"damage":8,"enemies":"Gremlin Nob","floor":10,"turns":3},{"damage":5,"enemies":"3 Sentries","floor":13,"turns":7},{"damage":29,"enemies":"Hexaghost","floor":16,"turns":10},{"damage":42,"enemies":"2 Thieves","floor":18,"turns":5},{"damage":0,"enemies":"Chosen","floor":19,"turns":5},{"damage":0,"enemies":"Centurion and Healer","floor":22,"turns":7},{"damage":52,"enemies":"Book of Stabbing","floor":24,"turns":5}],"seed_played":"-5702338498785861739","potions_obtained":[{"floor":1,"key":"SneckoOil"},{"floor":7,"key":"Strength Potion"},{"floor":10,"key":"Explosive Potion"},{"floor":13,"key":"AttackPotion"},{"floor":18,"key":"Dexterity Potion"}],"is_trial":false,"path_per_floor":["M","M","M","M","M","R","E","R","T","E","R","?","E","$","R","B",null,"M","M","?","T","M","R","E"],"character_chosen":"THE_SILENT","items_purchased":["MealTicket","Footwork"],"campfire_rested":3,"item_purchase_floors":[14,14],"current_hp_per_floor":[58,57,51,48,48,48,9,28,28,20,39,39,34,34,46,17,54,12,12,12,12,12,46,0,0],"gold":132,"neow_bonus":"BOSS_RELIC","is_daily":false,"chose_seed":false,"campfire_upgraded":2,"win_rate":0.0,"timestamp":1613521597,"path_taken":["M","M","M","M","M","R","E","R","T","E","R","?","E","$","R","BOSS","M","?","?","?","M","R","E"],"items_purchased_type":["Relic","Card"],"build_version":"2020-12-22","purchased_purges":0,"victory":false,"max_hp_per_floor":[66,66,66,66,66,66,66,66,66,66,66,66,66,66,66,66,66,66,66,66,66,66,66,66,66],"relic_stats":{"counters":[13,73],"Ornamental Fan":[32],"Mummified Hand":[5],"Tiny Chest":1,"Tingsha":[12],"Eternal Feather":27,"MealTicket":0,"Snake Skull":[60],"Black Star":3,"obtain_stats":[{"Bottled Flame":13,"Ornamental Fan":10,"Mummified Hand":21,"Tiny Chest":7,"Tingsha":7,"Eternal Feather":13,"MealTicket":14,"WingedGreaves":9,"Snake Skull":10,"Black Star":0,"Ring of the Snake":0,"Runic Pyramid":17},{"Bottled Flame":8,"Ornamental Fan":7,"Mummified Hand":11,"Tiny Chest":6,"Tingsha":6,"Eternal Feather":8,"MealTicket":8,"WingedGreaves":6,"Snake Skull":7,"Black Star":0,"Ring of the Snake":0,"Runic Pyramid":9},{"Bottled Flame":41,"Ornamental Fan":34,"Mummified Hand":61,"Tiny Chest":31,"Tingsha":31,"Eternal Feather":41,"MealTicket":41,"WingedGreaves":31,"Snake Skull":34,"Black Star":0,"Ring of the Snake":0,"Runic Pyramid":51}]},"card_choices":[{"not_picked":["Accuracy","Backflip"],"picked":"Riddle With Holes","floor":1},{"not_picked":["Slice","Bane"],"picked":"Poisoned Stab","floor":2},{"not_picked":["Sucker Punch","Dodge and Roll"],"picked":"Dagger Spray","floor":3},{"not_picked":["Catalyst","Flying Knee","Prepared"],"picked":"SKIP","floor":4},{"not_picked":["Skewer","Bane"],"picked":"Bouncing Flask","floor":5},{"not_picked":["Quick Slash","Phantasmal Killer"],"picked":"Cloak And Dagger","floor":7},{"not_picked":["Escape Plan","Riddle With Holes"],"picked":"Terror","floor":10},{"not_picked":["Choke","Quick Slash"],"picked":"PiercingWail","floor":13},{"not_picked":["Burst","Grand Finale"],"picked":"Envenom","floor":16},{"not_picked":["Prepared+1","Backflip"],"picked":"Blade Dance","floor":18},{"not_picked":["Dodge and Roll","Choke"],"picked":"Backstab","floor":19},{"not_picked":["Dash","Slice"],"picked":"Infinite Blades+1","floor":22}],"player_experience":601822,"relics_obtained":[{"floor":7,"key":"Tiny Chest"},{"floor":7,"key":"Tingsha"},{"floor":9,"key":"WingedGreaves"},{"floor":10,"key":"Ornamental Fan"},{"floor":10,"key":"Snake Skull"},{"floor":13,"key":"Eternal Feather"},{"floor":13,"key":"Bottled Flame"},{"floor":21,"key":"Mummified Hand"}],"event_choices":[{"damage_healed":0,"gold_gain":0,"player_choice":"Forge","damage_taken":0,"max_hp_gain":0,"max_hp_loss":0,"event_name":"Accursed Blacksmith","floor":12,"gold_loss":0,"cards_upgraded":["Dagger Spray"]},{"damage_healed":0,"gold_gain":0,"player_choice":"Ignored","damage_taken":0,"max_hp_gain":0,"max_hp_loss":0,"event_name":"Cursed Tome","floor":20,"gold_loss":0}],"is_beta":false,"boss_relics":[{"not_picked":["Empty Cage","SacredBark"],"picked":"Runic Pyramid"}],"items_purged_floors":[],"is_endless":false,"potions_floor_spawned":[1,7,10,13,18],"killed_by":"Book of Stabbing","ascension_level":20}}