{"host":"0qulokkk26x4i6bu","time":1613570598,"event":{"mods":["BaseMod","Bestiary","Block Reminder","DeckTracker","Minty Spire (QoL Compilation)","Relic Stats"],"gold_per_floor":[112,112,122,122,138,172,172,206,231,231,258,274,274,285,285,380,380,397,397,414,446,457,457,476,476,476,488,521,521,149,160,160,265,265,278,278,327,337,297,325,325,356,427,101,114,130,130,1,1,1,1,1,1,27,27],"floor_reached":56,"language":"ENG","playtime":4107,"items_purged":["Strike_G","Doubt"],"score":1421,"play_id":"7f109054-2156-4784-acde-b43d06814275","local_time":"20210217060318","is_ascension_mode":true,"campfire_choices":[{"data":"Neutralize","floor":7,"key":"SMITH"},{"data":"Backflip","floor":10,"key":"SMITH"},{"floor":13,"key":"REST"},{"data":"Strike_G","floor":15,"key":"PURGE"},{"data":"Venomology","floor":23,"key":"SMITH"},{"data":"Strike_G","floor":29,"key":"PURGE"},{"floor":32,"key":"REST"},{"data":"Storm of Steel","floor":41,"key":"SMITH"},{"floor":49,"key":"RECALL"},{"data":"Accuracy","floor":52,"key":"SMITH"}],"circlet_count":0,"master_deck":["Strike_G+1","Defend_G","Defend_G","Defend_G","Defend_G","Defend_G+1","Survivor+1","Neutralize+1","Endless Agony","Leg Sweep","Dagger Spray+1","Infinite Blades","Backflip+1","Adrenaline","Venomology+1","Accuracy+1","Accuracy","Acrobatics","Dash+1","Leg Sweep","Cloak And Dagger","Ghostly","Ghostly","Ghostly","Ghostly","Ghostly","Well Laid Plans","Infinite Blades","Cloak And Dagger","Storm of Steel+1","Backflip+1","Accuracy+1","Infinite Blades","Riddle With Holes+1","Accuracy+1","Infinite Blades+1","Cloak And Dagger","Master of Strategy","Accuracy+1","Blade Dance","Accuracy+1"],"relics":["Ring of the Snake","Oddly Smooth Stone","Blood Vial","Nunchaku","Paper Crane","Peace Pipe","SacredBark","Red Mask","Mummified Hand","Ninja Scroll","DollysMirror","Pen Nib","Cursed Key","TungstenRod","Juzu Bracelet","Whetstone","Frozen Egg 2","ClockworkSouvenir","Mango"],"acts_visited":["Exordium","TheCity","TheBeyond","TheEnding"],"potions_floor_usage":[6,16,16,20,21,22,24,28,31,31,50,50,55,55,55,55],"damage_taken":[{"damage":0,"enemies":"2 Louse","floor":1,"turns":3},{"damage":0,"enemies":"Cultist","floor":3,"turns":4},{"damage":1,"enemies":"Jaw Worm","floor":5,"turns":5},{"damage":32,"enemies":"Gremlin Nob","floor":6,"turns":5},{"damage":15,"enemies":"3 Sentries","floor":8,"turns":11},{"damage":20,"enemies":"Gremlin Nob","floor":11,"turns":5},{"damage":0,"enemies":"3 Louse","floor":12,"turns":3},{"damage":0,"enemies":"Red Slaver","floor":14,"turns":3},{"damage":21,"enemies":"Hexaghost","floor":16,"turns":18},{"damage":0,"enemies":"3 Byrds","floor":18,"turns":7},{"damage":0,"enemies":"Chosen","floor":20,"turns":7},{"damage":49,"enemies":"Masked Bandits","floor":21,"turns":5},{"damage":3,"enemies":"Snake Plant","floor":22,"turns":6},{"damage":3,"enemies":"Shelled Parasite and Fungi","floor":24,"turns":5},{"damage":1,"enemies":"Snecko","floor":27,"turns":7},{"damage":6,"enemies":"Book of Stabbing","floor":28,"turns":6},{"damage":0,"enemies":"Snake Plant","floor":31,"turns":3},{"damage":0,"enemies":"Automaton","floor":33,"turns":12},{"damage":0,"enemies":"Orb Walker","floor":35,"turns":5},{"damage":1,"enemies":"2 Orb Walkers","floor":37,"turns":5},{"damage":18,"enemies":"3 Shapes","floor":38,"turns":7},{"damage":0,"enemies":"Giant Head","floor":40,"turns":7},{"damage":12,"enemies":"Nemesis","floor":42,"turns":7},{"damage":5,"enemies":"Maw","floor":45,"turns":6},{"damage":0,"enemies":"3 Darklings","floor":46,"turns":4},{"damage":7,"enemies":"Time Eater","floor":50,"turns":6},{"damage":3,"enemies":"Shield and Spear","floor":54,"turns":5},{"damage":18,"enemies":"The Heart","floor":55,"turns":6}],"seed_played":"-5323499999070752186","potions_obtained":[{"floor":3,"key":"EssenceOfSteel"},{"floor":5,"key":"CunningPotion"},{"floor":8,"key":"SpeedPotion"},{"floor":12,"key":"Explosive Potion"},{"floor":14,"key":"FearPotion"},{"floor":18,"key":"PowerPotion"},{"floor":37,"key":"Ancient Potion"}],"is_trial":false,"path_per_floor":["M","?","M","?","M","E","R","E","T","R","E","M","R","M","R","B",null,"M","?","M","?","M","R","M","?","T","M","E","R","$","M","R","B",null,"M","?","?","M","?","E","R","E","T","$","M","M","?","$","R","B",null,"R","$","E","B",null],"character_chosen":"THE_SILENT","items_purchased":["DollysMirror","Pen Nib","Accuracy+1","ClockworkSouvenir","Accuracy+1","Blade Dance"],"campfire_rested":2,"item_purchase_floors":[30,30,44,44,48,48],"current_hp_per_floor":[70,70,70,70,69,38,38,25,25,25,7,9,30,32,32,13,70,70,70,70,21,20,20,19,19,19,20,16,16,16,18,28,30,35,35,33,32,15,15,17,17,7,7,7,4,6,6,6,6,1,33,33,33,44,28],"gold":27,"neow_bonus":"RANDOM_COMMON_RELIC","is_daily":false,"chose_seed":false,"campfire_upgraded":5,"win_rate":0.0,"timestamp":1613570598,"path_taken":["M","?","?","?","M","E","R","E","T","R","E","?","R","M","R","BOSS","M","?","?","?","M","R","M","?","T","M","E","R","$","M","R","BOSS","M","?","?","M","?","E","R","E","T","$","M","M","?","$","R","BOSS","R","$","E","BOSS"],"items_purchased_type":["Relic","Relic","Card","Relic","Card","Card"],"build_version":"2020-12-22","purchased_purges":2,"victory":true,"max_hp_per_floor":[70,70,70,70,70,70,70,70,70,70,70,70,70,70,70,70,70,70,70,70,70,70,70,70,35,35,35,35,35,35,35,35,35,35,35,33,33,33,33,33,33,33,33,33,33,33,33,33,33,33,33,33,33,47,47],"relic_stats":{"Blood Vial":36,"Peace Pipe":2,"Nunchaku":[47],"counters":[28,173],"Mummified Hand":[100],"Pen Nib":[26],"Juzu Bracelet":1,"Whetstone":["Strike_G","Dagger Spray"],"Cursed Key":1,"obtain_stats":[{"SacredBark":17,"Oddly Smooth Stone":0,"Mango":54,"Pen Nib":30,"Juzu Bracelet":40,"Whetstone":42,"Paper Crane":8,"Frozen Egg 2":43,"Cursed Key":34,"ClockworkSouvenir":44,"Blood Vial":4,"Peace Pipe":11,"Nunchaku":6,"Mummified Hand":26,"Ninja Scroll":28,"DollysMirror":30,"Red Mask":21,"TungstenRod":37,"Ring of the Snake":0},{"SacredBark":9,"Oddly Smooth Stone":0,"Mango":27,"Pen Nib":16,"Juzu Bracelet":22,"Whetstone":23,"Paper Crane":5,"Frozen Egg 2":23,"Cursed Key":18,"ClockworkSouvenir":23,"Blood Vial":2,"Peace Pipe":6,"Nunchaku":4,"Mummified Hand":14,"Ninja Scroll":16,"DollysMirror":16,"Red Mask":12,"TungstenRod":20,"Ring of the Snake":0},{"SacredBark":57,"Oddly Smooth Stone":0,"Mango":167,"Pen Nib":100,"Juzu Bracelet":139,"Whetstone":146,"Paper Crane":28,"Frozen Egg 2":146,"Cursed Key":115,"ClockworkSouvenir":146,"Blood Vial":7,"Peace Pipe":33,"Nunchaku":17,"Mummified Hand":87,"Ninja Scroll":100,"DollysMirror":100,"Red Mask":76,"TungstenRod":125,"Ring of the Snake":0}],"TungstenRod":41,"Ring of the Snake":[54]},"card_choices":[{"not_picked":["Flying Knee","Deadly Poison"],"picked":"Endless Agony","floor":1},{"not_picked":["Flying Knee","Terror"],"picked":"Leg Sweep","floor":3},{"not_picked":["Bouncing Flask","Expertise"],"picked":"Dagger Spray","floor":5},{"not_picked":["Adrenaline","Noxious Fumes"],"picked":"Infinite Blades","floor":6},{"not_picked":["Doppelganger","All Out Attack"],"picked":"Backflip","floor":8},{"not_picked":["Underhanded Strike","Poisoned Stab","Slice"],"picked":"SKIP","floor":11},{"not_picked":["Underhanded Strike","All Out Attack","Bane"],"picked":"SKIP","floor":12},{"not_picked":["Flying Knee","PiercingWail"],"picked":"Adrenaline","floor":14},{"not_picked":["Malaise","Storm of Steel"],"picked":"Venomology","floor":16},{"not_picked":["Bouncing Flask","Dodge and Roll"],"picked":"Accuracy","floor":18},{"not_picked":["Underhanded Strike","Heel Hook"],"picked":"Acrobatics","floor":20},{"not_picked":["Choke+1","Expertise+1"],"picked":"Dash+1","floor":21},{"not_picked":["Deadly Poison","Dagger Spray+1"],"picked":"Leg Sweep","floor":22},{"not_picked":["Flying Knee","Blade Dance"],"picked":"Cloak And Dagger","floor":24},{"not_picked":["Predator","Dagger Throw+1"],"picked":"Well Laid Plans","floor":27},{"not_picked":["Storm of Steel","Distraction","Calculated Gamble"],"picked":"SKIP","floor":28},{"not_picked":["Slice+1","PiercingWail+1"],"picked":"Cloak And Dagger","floor":31},{"not_picked":["Glass Knife","Venomology"],"picked":"Storm of Steel","floor":33},{"not_picked":["Calculated Gamble+1","Expertise"],"picked":"Backflip+1","floor":35},{"not_picked":["Underhanded Strike","Cloak And Dagger"],"picked":"Accuracy+1","floor":38},{"not_picked":["Riddle With Holes+1","Backflip"],"picked":"Infinite Blades","floor":40},{"not_picked":["Deflect+1","Caltrops"],"picked":"Riddle With Holes+1","floor":42},{"not_picked":["Finisher+1","Corpse Explosion"],"picked":"Infinite Blades+1","floor":45},{"not_picked":["Skewer+1","Quick Slash"],"picked":"Cloak And Dagger","floor":46},{"not_picked":["Madness","Enlightenment"],"picked":"Master of Strategy","floor":47},{"not_picked":["Underhanded Strike","Finisher+1"],"picked":"Accuracy+1","floor":54}],"player_experience":62615,"relics_obtained":[{"floor":6,"key":"Nunchaku"},{"floor":8,"key":"Paper Crane"},{"floor":11,"key":"Peace Pipe"},{"floor":21,"key":"Red Mask"},{"floor":26,"key":"Mummified Hand"},{"floor":28,"key":"Ninja Scroll"},{"floor":37,"key":"TungstenRod"},{"floor":40,"key":"Juzu Bracelet"},{"floor":42,"key":"Whetstone"},{"floor":43,"key":"Frozen Egg 2"},{"floor":54,"key":"Mango"}],"event_choices":[{"cards_removed":["Strike_G"],"damage_healed":0,"gold_gain":0,"player_choice":"Purged","damage_taken":0,"max_hp_gain":0,"max_hp_loss":0,"event_name":"Purifier","floor":2,"gold_loss":0},{"damage_healed":0,"gold_gain":0,"player_choice":"Gave Potion","damage_taken":0,"relics_obtained":["Blood Vial"],"max_hp_gain":0,"max_hp_loss":0,"event_name":"WeMeetAgain","floor":4,"gold_loss":0},{"damage_healed":0,"gold_gain":0,"player_choice":"Copied","damage_taken":0,"max_hp_gain":0,"max_hp_loss":0,"event_name":"Duplicator","floor":19,"gold_loss":0,"cards_obtained":["Accuracy"]},{"damage_healed":0,"gold_gain":0,"player_choice":"Fought Bandits","damage_taken":0,"max_hp_gain":0,"max_hp_loss":0,"event_name":"Masked Bandits","floor":21,"gold_loss":0},{"damage_healed":0,"gold_gain":0,"player_choice":"Became a Ghost","damage_taken":0,"max_hp_gain":0,"max_hp_loss":35,"event_name":"Ghosts","floor":25,"gold_loss":0,"cards_obtained":["Ghostly","Ghostly","Ghostly","Ghostly","Ghostly"]},{"damage_healed":0,"gold_gain":0,"player_choice":"Max HP","damage_taken":0,"max_hp_gain":0,"max_hp_loss":2,"event_name":"Winding Halls","floor":36,"gold_loss":0},{"damage_healed":0,"gold_gain":0,"player_choice":"Fight","damage_taken":0,"max_hp_gain":0,"max_hp_loss":0,"event_name":"Mysterious Sphere","floor":37,"gold_loss":0},{"damage_healed":0,"gold_gain":0,"player_choice":"Upgraded Two","damage_taken":0,"max_hp_gain":0,"max_hp_loss":0,"event_name":"Designer","floor":39,"gold_loss":40,"cards_upgraded":["Defend_G","Survivor"]},{"damage_healed":0,"gold_gain":0,"player_choice":"Memory 1","damage_taken":0,"max_hp_gain":0,"max_hp_loss":0,"event_name":"SensoryStone","floor":47,"gold_loss":0}],"is_beta":false,"boss_relics":[{"not_picked":["Fusion Hammer","HoveringKite"],"picked":"SacredBark"},{"not_picked":["Calling Bell","Tiny House"],"picked":"Cursed Key"}],"items_purged_floors":[30,44],"is_endless":false,"potions_floor_spawned":[3,5,8,12,14,18,20,22,37,42,45,46],"ascension_level":1}}