{"host":"7zq0fgva91iwgkd5","time":1613525296,"event":{"mods":["AchievementEnabler","BaseMod","Bestiary","Colored Map","Curses Come First","DeckTracker","Minty Spire (QoL Compilation)","Rare Cards Sparkle","StSLib","Unceasing Turn Reminder"],"gold_per_floor":[212,212,229,24,34,34,53,53,53,53,53,53,53,87,87,162,162,145,155,155,169,179,179,212,212,237,268,34,85,85,98,98,98,98],"floor_reached":33,"language":"ENG","playtime":973,"items_purged":[],"score":495,"play_id":"683a63dc-525f-42b8-8c8a-a2d9fa6797fb","local_time":"20210217022816","is_ascension_mode":true,"campfire_choices":[{"data":"Armaments","floor":6,"key":"SMITH"},{"data":"Pommel Strike","floor":8,"key":"SMITH"},{"data":"Bash","floor":10,"key":"SMITH"},{"data":"Anger","floor":12,"key":"SMITH"},{"data":"Dropkick","floor":15,"key":"SMITH"},{"floor":23,"key":"REST"},{"floor":25,"key":"REST"},{"data":"Shockwave","floor":32,"key":"SMITH"}],"circlet_count":0,"master_deck":["AscendersBane","Strike_R","Strike_R","Strike_R","Strike_R","Defend_R","Defend_R","Defend_R","Defend_R","Bash+1","Armaments+1","Pommel Strike+1","Anger+1","Dropkick+1","Feed","CurseOfTheBell","Cleave+1","Shockwave+1","Sword Boomerang+1","Immolate","Hemokinesis","Flame Barrier","Discovery","Headbutt"],"relics":["Burning Blood","Strawberry","Question Card","HornCleat","Ancient Tea Set","Calling Bell","Bag of Marbles","Self Forming Clay","Unceasing Top","MutagenicStrength","Regal Pillow","Tiny Chest","MealTicket","Oddly Smooth Stone","Omamori"],"acts_visited":["Exordium","TheCity"],"potions_floor_usage":[7,16,22,24,31],"damage_taken":[{"damage":8,"enemies":"2 Louse","floor":1,"turns":3},{"damage":2,"enemies":"Cultist","floor":3,"turns":5},{"damage":6,"enemies":"Jaw Worm","floor":5,"turns":6},{"damage":15,"enemies":"Exordium Wildlife","floor":7,"turns":7},{"damage":7,"enemies":"Lagavulin","floor":14,"turns":7},{"damage":22,"enemies":"Slime Boss","floor":16,"turns":8},{"damage":17,"enemies":"2 Thieves","floor":18,"turns":4},{"damage":12,"enemies":"Chosen","floor":19,"turns":3},{"damage":21,"enemies":"Centurion and Healer","floor":21,"turns":6},{"damage":27,"enemies":"Shelled Parasite and Fungi","floor":22,"turns":6},{"damage":21,"enemies":"Gremlin Leader","floor":24,"turns":5},{"damage":28,"enemies":"Book of Stabbing","floor":27,"turns":5},{"damage":14,"enemies":"Chosen and Byrds","floor":31,"turns":4},{"damage":74,"enemies":"Automaton","floor":33,"turns":6}],"seed_played":"640104652500552024","potions_obtained":[{"floor":5,"key":"FearPotion"},{"floor":14,"key":"SpeedPotion"},{"floor":19,"key":"PowerPotion"},{"floor":21,"key":"EssenceOfSteel"},{"floor":24,"key":"Explosive Potion"}],"is_trial":false,"path_per_floor":["M","?","M","$","M","R","M","R","T","R","?","R","?","E","R","B",null,"M","M","?","M","M","R","E","R","T","E","$","T","?","M","R","B"],"character_chosen":"IRONCLAD","items_purchased":["Strawberry","PowerPotion","Oddly Smooth Stone","Discovery"],"campfire_rested":2,"item_purchase_floors":[4,4,28,28],"current_hp_per_floor":[66,66,70,77,77,77,68,68,68,68,73,73,73,72,72,56,79,68,62,62,47,26,52,37,78,78,56,71,71,71,63,63,0,0],"gold":98,"neow_bonus":"HUNDRED_GOLD","is_daily":false,"chose_seed":false,"campfire_upgraded":6,"win_rate":0.0,"timestamp":1613525296,"path_taken":["M","?","M","$","?","R","?","R","T","R","?","R","?","E","R","BOSS","M","?","?","M","M","R","E","R","T","E","?","?","?","M","R","BOSS"],"items_purchased_type":["Relic","Potion","Relic","Card"],"build_version":"2020-12-22","purchased_purges":0,"victory":false,"max_hp_per_floor":[75,75,75,82,82,82,82,82,82,82,87,87,87,87,87,87,87,87,87,87,87,87,87,87,87,87,87,87,87,87,87,87,87,87],"card_choices":[{"not_picked":["Iron Wave","Sword Boomerang"],"picked":"Armaments","floor":1},{"not_picked":["Body Slam","Fire Breathing","Searing Blow"],"picked":"SKIP","floor":3},{"not_picked":["Intimidate","Heavy Blade"],"picked":"Pommel Strike","floor":5},{"not_picked":["Shrug It Off","Headbutt"],"picked":"Anger","floor":7},{"not_picked":["Sword Boomerang","Clash","Intimidate"],"picked":"Dropkick","floor":14},{"not_picked":["Double Tap","Brutality","Barricade"],"picked":"Feed","floor":16},{"not_picked":["Havoc","Wild Strike+1","Burning Pact"],"picked":"Cleave+1","floor":18},{"not_picked":["Heavy Blade","Searing Blow","Iron Wave"],"picked":"Shockwave","floor":19},{"not_picked":["Wild Strike+1","Armaments","Iron Wave"],"picked":"Sword Boomerang+1","floor":21},{"not_picked":["Burning Pact","Hemokinesis","Twin Strike"],"picked":"Immolate","floor":22},{"not_picked":["Evolve","Bloodletting","Flex"],"picked":"Hemokinesis","floor":24},{"not_picked":["Cleave","Heavy Blade","Sentinel"],"picked":"Flame Barrier","floor":27},{"not_picked":["Armaments","Havoc","Body Slam"],"picked":"Headbutt","floor":31}],"player_experience":175305,"relics_obtained":[{"floor":9,"key":"Question Card"},{"floor":14,"key":"Ancient Tea Set"},{"floor":17,"key":"Bag of Marbles"},{"floor":17,"key":"Self Forming Clay"},{"floor":17,"key":"Unceasing Top"},{"floor":24,"key":"Regal Pillow"},{"floor":26,"key":"Tiny Chest"},{"floor":27,"key":"MealTicket"},{"floor":29,"key":"Omamori"}],"event_choices":[{"cards_removed":["Strike_R"],"damage_healed":0,"gold_gain":0,"player_choice":"Purged","damage_taken":0,"max_hp_gain":0,"max_hp_loss":0,"event_name":"Purifier","floor":2,"gold_loss":0},{"damage_healed":0,"gold_gain":0,"player_choice":"Donut","damage_taken":0,"max_hp_gain":5,"max_hp_loss":0,"event_name":"Big Fish","floor":11,"gold_loss":0},{"damage_healed":0,"gold_gain":0,"player_choice":"Gave Potion","damage_taken":0,"relics_obtained":["HornCleat"],"max_hp_gain":0,"max_hp_loss":0,"event_name":"WeMeetAgain","floor":13,"gold_loss":0},{"damage_healed":0,"gold_gain":0,"player_choice":"Inject Mutagens","damage_taken":0,"relics_obtained":["MutagenicStrength"],"max_hp_gain":0,"max_hp_loss":0,"event_name":"Drug Dealer","floor":20,"gold_loss":0},{"damage_healed":0,"gold_gain":0,"player_choice":"Ignored","damage_taken":0,"max_hp_gain":0,"max_hp_loss":0,"event_name":"N\u0027loth","floor":30,"gold_loss":0}],"is_beta":false,"boss_relics":[{"not_picked":["Velvet Choker","SacredBark"],"picked":"Calling Bell"}],"items_purged_floors":[],"is_endless":false,"potions_floor_spawned":[5,14,19,21,24],"killed_by":"Automaton","ascension_level":15}}