{"host":"vti7ja5rr21myvc5","time":1613524296,"event":{"mods":["Abigail Mod","AchievementEnabler","BaseMod","Friendly Minions","GifTheSpireLib","Gold Saver","HololiveMod","Koishi","Minty Spire (QoL Compilation)","Replay The Spire","StSLib","The Wild Card","Uncapped","noobMod"],"gold_per_floor":[957,773,789,807,807,832,901,460,484,517,517,517,211,228,228,324,324,336,286,48,48,29,29,63,63,63,63,63,78,98,98,98,200,200,218,218,134,147,147,174,174,186,186,233,245,257,269,281,293,305,317,329,341,285,297],"floor_reached":56,"language":"ENG","playtime":4441,"items_purged":["Shame"],"score":1450,"play_id":"471c062f-f542-44e7-a30d-fbea306fad60","local_time":"20210217021136","is_ascension_mode":true,"campfire_choices":[{"data":"theWildCard:Scathach","floor":12,"key":"SMITH"},{"floor":15,"key":"RECALL"},{"data":"AbbyMod:FleetingSanity","floor":23,"key":"SMITH"},{"data":"AbbyMod:HolidayWishes","floor":25,"key":"SMITH"},{"data":"AbbyMod:SuperMuscular","floor":32,"key":"SMITH"},{"data":"AbbyMod:PowerGamer","floor":41,"key":"SMITH"},{"data":"AbbyMod:Ab_Defend","floor":47,"key":"SMITH"},{"data":"AbbyMod:PapaProtection","floor":49,"key":"SMITH"},{"data":"AbbyMod:Ab_SwirlOfMadness","floor":52,"key":"SMITH"}],"circlet_count":0,"master_deck":["AbbyMod:Ab_Strike","AbbyMod:Ab_Strike","AbbyMod:Ab_Strike","AbbyMod:Ab_Strike","AbbyMod:Ab_Defend+1","AbbyMod:Ab_Defend+1","AbbyMod:Ab_Defend+1","AbbyMod:FleetingSanity+1","AbbyMod:ForeheadBeam","AbbyMod:Dabigail","AbbyMod:HolidayWishes+1","AbbyMod:PantyShot","AbbyMod:PowerGamer+1","AbbyMod:HolidayWishes+1","AbbyMod:SuperMuscular+1","AbbyMod:PowerGamer+1","AbbyMod:FamiliarShield+1","AbbyMod:Ab_SwirlOfMadness+1","AbbyMod:EyesOfMadness+1","AbbyMod:PapaProtection+1","theWildCard:Scathach+1","AbbyMod:EyesOfMadness","AbbyMod:GudaGudaParticle","AbbyMod:SuperMuscular+1","AbbyMod:EyesOfMadness","AbbyMod:SuperMuscular+1","AbbyMod:EyesOfMadness+1","AbbyMod:ImpossibleGeometry+1","AbbyMod:VoidWhispers"],"relics":["AbbyMod:Salem_Diary","ice","Orrery","Toy Ornithopter","Bag of Preparation","Letter Opener","Art of War","War Paint","Membership Card","Vajra","Tiny Chest","Replay:Ancient Bell","Juzu Bracelet","Meat on the Bone","AbbyMod:CosmoBattery","Lee\u0027s Waffle","Pear","Replay:Wax Seal","Eternal Feather","Bronze Scales","Coffee Dripper","Replay:Rubber Ducky","Molten Egg 2","MawBank","Replay:Bottled Eggs","Gremlin Horn","Ornamental Fan"],"acts_visited":["Exordium","TheCity","TheBeyond","TheEnding"],"potions_floor_usage":[10,10,10,16,18,30,40,55,55],"damage_taken":[{"damage":0,"enemies":"Jaw Worm","floor":1,"turns":5},{"damage":14,"enemies":"2 Louse","floor":3,"turns":3},{"damage":0,"enemies":"Cultist","floor":4,"turns":3},{"damage":5,"enemies":"3 Sentries","floor":6,"turns":8},{"damage":19,"enemies":"Gremlin Nob","floor":10,"turns":3},{"damage":0,"enemies":"2 Fungi Beasts","floor":14,"turns":3},{"damage":0,"enemies":"The Guardian","floor":16,"turns":6},{"damage":0,"enemies":"2 Thieves","floor":18,"turns":4},{"damage":1,"enemies":"Book of Stabbing","floor":24,"turns":5},{"damage":4,"enemies":"Chosen","floor":29,"turns":6},{"damage":0,"enemies":"3 Cultists","floor":30,"turns":4},{"damage":3,"enemies":"Champ","floor":33,"turns":9},{"damage":5,"enemies":"3 Shapes","floor":35,"turns":2},{"damage":11,"enemies":"3 Darklings","floor":38,"turns":3},{"damage":0,"enemies":"R_Hoarder","floor":40,"turns":6},{"damage":15,"enemies":"4 Shapes","floor":42,"turns":4},{"damage":0,"enemies":"Giant Head","floor":44,"turns":7},{"damage":14,"enemies":"Time Eater","floor":50,"turns":10},{"damage":65,"enemies":"Shield and Spear","floor":54,"turns":8},{"damage":34,"enemies":"The Heart","floor":55,"turns":8}],"seed_played":"1022948996998396597","potions_obtained":[{"floor":3,"key":"FearPotion"},{"floor":6,"key":"FearPotion"},{"floor":7,"key":"Toxic Potion"},{"floor":14,"key":"SkillPotion"},{"floor":16,"key":"Block Potion"},{"floor":29,"key":"Swift Potion"},{"floor":35,"key":"EssenceOfSteel"},{"floor":38,"key":"Block Potion"},{"floor":54,"key":"PowerPotion"}],"is_trial":false,"path_per_floor":["M","$","M","M","?","E","?","$","T","E","?","R","$","M","R","B",null,"M","?","$","?","$","R","E","R","T","T","?","M","M","$","R","B",null,"M","?","?","M","$","E","R","M","T","E","T","?","R","?","R","B",null,"R","$","E","B",null],"character_chosen":"Ab_Foreigner","items_purchased":["Orrery","AbbyMod:SuperMuscular+1","Letter Opener","Art of War","AbbyMod:EyesOfMadness+1","Membership Card","Vajra","Tiny Chest","Lee\u0027s Waffle","Pear","AbbyMod:SuperMuscular+1"],"campfire_rested":0,"item_purchase_floors":[2,2,8,8,8,13,13,13,20,20,22],"current_hp_per_floor":[60,60,46,46,34,29,29,29,29,25,25,25,25,25,25,30,60,60,60,77,63,63,63,62,62,62,62,62,58,63,63,78,75,82,77,77,77,66,66,71,82,67,67,67,67,67,82,78,78,64,78,78,78,25,13],"gold":309,"neow_bonus":"RANDOM_EVENT","is_daily":false,"chose_seed":false,"campfire_upgraded":8,"win_rate":0.0,"timestamp":1613524296,"path_taken":["M","$","M","M","?","E","?","?","T","E","?","R","$","M","R","BOSS","M","?","?","?","$","R","E","R","T","?","?","M","M","$","R","BOSS","M","?","?","M","$","E","R","M","T","E","?","?","R","?","R","BOSS","R","$","E","BOSS"],"items_purchased_type":["Relic","Card","Relic","Relic","Card","Relic","Relic","Relic","Relic","Relic","Card"],"build_version":"2020-12-22","purchased_purges":1,"victory":true,"max_hp_per_floor":[60,60,60,60,60,60,60,60,60,60,60,60,60,60,60,60,60,60,60,77,82,82,82,82,82,82,82,82,82,82,82,82,82,82,82,82,82,82,82,82,82,82,82,82,82,82,82,78,78,78,78,78,78,78,78],"card_choices":[{"not_picked":["AbbyMod:TeddyBear","AbbyMod:FlyingMascot"],"picked":"AbbyMod:Dabigail","floor":1},{"not_picked":["AbbyMod:Kuroboshi","AbbyMod:SanityCheck"],"picked":"AbbyMod:HolidayWishes","floor":2},{"not_picked":["AbbyMod:Ab_SwirlOfMadness","AbbyMod:Takeuchi"],"picked":"AbbyMod:PantyShot","floor":2},{"not_picked":["AbbyMod:LargeTentacle","AbbyMod:ChocoKey"],"picked":"AbbyMod:PowerGamer","floor":2},{"not_picked":["AbbyMod:Kinoko","AbbyMod:CommandSpell"],"picked":"AbbyMod:HolidayWishes","floor":2},{"not_picked":["AbbyMod:Memocide","AbbyMod:ConsumeFlesh"],"picked":"AbbyMod:PowerGamer","floor":3},{"not_picked":["AbbyMod:FarAwayFriend","AbbyMod:Meteo"],"picked":"AbbyMod:FamiliarShield","floor":4},{"not_picked":["AbbyMod:SavingThrow","AbbyMod:CloneArmy"],"picked":"AbbyMod:Ab_SwirlOfMadness","floor":6},{"not_picked":["AbbyMod:Keyblade","AbbyMod:LiftSkirt"],"picked":"AbbyMod:PapaProtection","floor":10},{"not_picked":["AbbyMod:AttoSecond","AbbyMod:LifeSentence"],"picked":"AbbyMod:EyesOfMadness","floor":14},{"not_picked":["AbbyMod:Ab_PuppyEyes","AbbyMod:Ab_OldOneTrigger"],"picked":"AbbyMod:GudaGudaParticle","floor":16},{"not_picked":["CurseOfTheBell","AbeCurse"],"picked":"ReplayTheSpireMod:IOU","floor":17},{"not_picked":["Normality","CurseOfTheBell"],"picked":"Shame","floor":17},{"not_picked":["Regret","ReplayTheSpireMod:IOU"],"picked":"Decay","floor":17},{"not_picked":["AbbyMod:InsaneStrike","AbbyMod:ExposeNavel","AbbyMod:Ab_DarkestPact"],"picked":"SKIP","floor":18},{"not_picked":["AbbyMod:Kuroboshi+1","AbbyMod:Memocide","AbbyMod:Thflth"],"picked":"SKIP","floor":24},{"not_picked":["AbbyMod:CloneArmy","AbbyMod:BlackKey","AbbyMod:MeltBrain+1"],"picked":"SKIP","floor":29},{"not_picked":["AbbyMod:CloneArmy","AbbyMod:LargeTentacle"],"picked":"AbbyMod:SuperMuscular","floor":30},{"not_picked":["AbbyMod:SanityCheck+1","AbbyMod:Kuroboshi+1"],"picked":"AbbyMod:EyesOfMadness+1","floor":35},{"not_picked":["AbbyMod:VoidWhispers","AbbyMod:ExposeNavel","AbbyMod:Memocide+1"],"picked":"SKIP","floor":38},{"not_picked":["AbbyMod:ChocoKey+1","AbbyMod:SanityCheck","AbbyMod:LiftSkirt+1"],"picked":"SKIP","floor":40},{"not_picked":["AbbyMod:LossOfSanity","AbbyMod:FatalEntropy"],"picked":"AbbyMod:ImpossibleGeometry","floor":42},{"not_picked":["AbbyMod:ConsumeFlesh","AbbyMod:Meteo","AbbyMod:Takeuchi+1"],"picked":"SKIP","floor":44},{"not_picked":["AbbyMod:SanityCheck","AbbyMod:TeddyBear+1"],"picked":"AbbyMod:VoidWhispers","floor":54}],"player_experience":372213,"relics_obtained":[{"floor":6,"key":"Toy Ornithopter"},{"floor":7,"key":"Bag of Preparation"},{"floor":10,"key":"War Paint"},{"floor":24,"key":"Replay:Wax Seal"},{"floor":26,"key":"Eternal Feather"},{"floor":27,"key":"Bronze Scales"},{"floor":40,"key":"Molten Egg 2"},{"floor":43,"key":"MawBank"},{"floor":44,"key":"Replay:Bottled Eggs"},{"floor":45,"key":"Gremlin Horn"},{"floor":54,"key":"Ornamental Fan"}],"event_choices":[{"damage_healed":0,"gold_gain":0,"player_choice":"Entered Light","damage_taken":12,"max_hp_gain":0,"max_hp_loss":0,"event_name":"Shining Light","floor":5,"gold_loss":0,"cards_upgraded":["AbbyMod:FamiliarShield","AbbyMod:HolidayWishes"]},{"damage_healed":0,"gold_gain":0,"player_choice":"Bet on Murderer","damage_taken":0,"max_hp_gain":0,"max_hp_loss":0,"event_name":"The Joust","floor":19,"gold_loss":50},{"damage_healed":0,"gold_gain":0,"player_choice":"Shed Blood","damage_taken":19,"max_hp_gain":5,"max_hp_loss":0,"event_name":"Forgotten Altar","floor":21,"gold_loss":0},{"damage_healed":0,"gold_gain":0,"player_choice":"Read","damage_taken":0,"max_hp_gain":0,"max_hp_loss":0,"event_name":"The Library","floor":28,"gold_loss":0,"cards_obtained":["AbbyMod:EyesOfMadness"]},{"cards_removed":["Decay","ReplayTheSpireMod:IOU"],"damage_healed":0,"gold_gain":0,"player_choice":"Removed Curses","damage_taken":0,"max_hp_gain":0,"max_hp_loss":0,"event_name":"Fountain of Cleansing","floor":36,"gold_loss":0},{"damage_healed":0,"gold_gain":0,"player_choice":"Paid Gold","damage_taken":0,"relics_obtained":["Replay:Rubber Ducky"],"max_hp_gain":0,"max_hp_loss":0,"event_name":"WeMeetAgain","floor":37,"gold_loss":84},{"damage_healed":0,"gold_gain":0,"player_choice":"Memory 1","damage_taken":0,"max_hp_gain":0,"max_hp_loss":0,"event_name":"SensoryStone","floor":46,"gold_loss":0},{"damage_healed":0,"gold_gain":0,"player_choice":"Max HP","damage_taken":0,"max_hp_gain":0,"max_hp_loss":4,"event_name":"Winding Halls","floor":48,"gold_loss":0}],"is_beta":false,"boss_relics":[{"not_picked":["Painkiller Herb","Cursed Key"],"picked":"Replay:Ancient Bell"},{"not_picked":["Smiling Mask","Orichalcum"],"picked":"Juzu Bracelet"},{"not_picked":["Blue Candle","Mirror"],"picked":"Meat on the Bone"},{"not_picked":["Replay:PocketPolymizer","Pocketwatch"],"picked":"AbbyMod:CosmoBattery"},{"not_picked":["Calling Bell","Abe\u0027s Treasure"],"picked":"Coffee Dripper"}],"items_purged_floors":[20],"is_endless":false,"potions_floor_spawned":[3,6,14,16,29,35,38,40,54],"ascension_level":2}}