{"host":"bc298c4gavna5tx2","time":1613535658,"event":{"mods":["ATMod(阿瑾Mod)","Act Like it!","BaseMod","Challenge The Spire","Energized Spire","Lobotomy","LobotomyExtend","Minty Spire (QoL Compilation)","MostiFishMod","Quarter Circle Forward PUNCH!","Quick Restart","Replay The Spire","Spicy Shops","StSLib","The Marked","【功能Mod】混沌之环修复补丁","【功能Mod】聪明的最终Boss","【遗物卡牌】REMEMod"],"gold_per_floor":[119,294,294,306,319,347,347,367,367,401,401,411,411,423,423,526,526,526,526],"floor_reached":18,"language":"ZHS","playtime":654,"items_purged":[],"score":247,"play_id":"a134d644-0d83-4e73-b8cd-e7fffcdfd32f","local_time":"20210217122058","is_ascension_mode":false,"campfire_choices":[{"data":"theMarked:TakeOffHeels","floor":7,"key":"SMITH"},{"data":"theMarked:DispelDoubt","floor":11,"key":"SMITH"},{"data":"AT_FamilyPortrait","floor":15,"key":"SMITH"}],"circlet_count":0,"master_deck":["theMarked:Strike+1","theMarked:Strike+1","theMarked:Strike+1","theMarked:Strike+1","theMarked:Defend","theMarked:Defend","theMarked:Defend","theMarked:Defend","theMarked:SoldierOfQuellstein","theMarked:BiggerThanFate","AT_FamilyPortrait+1","theMarked:Aftermath","Doubt","theMarked:Improvise","theMarked:TakeOffHeels+1","theMarked:DispelDoubt+1","theMarked:ComboAttacks","Amnesia","theMarked:BindingBlade","Parasite"],"relics":["theMarked:ArtifactOfAir","AT_ATBox","DaveBox","REME_ComplimentaryCards","ShadowXiaoBlade","SynthV:TestCard","LetterFromLob","Replay:Bottled Eggs","qcfpunch:Chain_With_Nametags","Ring of Misfortune","REME_DuelDisc","ShedSkin_r"],"acts_visited":["Exordium","TheCity"],"potions_floor_usage":[10,16,16],"damage_taken":[{"damage":5,"enemies":"Small Slimes","floor":1,"turns":2},{"damage":0,"enemies":"2 Louse","floor":4,"turns":1},{"damage":0,"enemies":"Cultist","floor":5,"turns":2},{"damage":8,"enemies":"Lagavulin","floor":6,"turns":5},{"damage":5,"enemies":"Lots of Slimes","floor":8,"turns":3},{"damage":4,"enemies":"Gremlin Nob","floor":10,"turns":3},{"damage":0,"enemies":"3 Louse","floor":12,"turns":1},{"damage":4,"enemies":"Exordium Thugs","floor":14,"turns":2},{"damage":0,"enemies":"Fading Forest","floor":16,"turns":9}],"seed_played":"2623039080065213935","potions_obtained":[{"floor":5,"key":"Dexterity Potion"},{"floor":6,"key":"theMarked:HoverShot"},{"floor":8,"key":"Block Potion"},{"floor":12,"key":"theMarked:HoverShot"}],"is_trial":false,"path_per_floor":["M","?","?","M","M","E","R","M","T","E","R","M","?","M","R","B",null,"M"],"character_chosen":"THE_DEFAULT","items_purchased":[],"campfire_rested":0,"item_purchase_floors":[],"current_hp_per_floor":[67,67,67,67,67,59,59,54,54,50,50,50,50,46,46,46,72,0,0],"gold":526,"neow_bonus":"REMOVE_CARD","is_daily":false,"chose_seed":false,"campfire_upgraded":3,"win_rate":0.0,"timestamp":1613535658,"path_taken":["M","?","?","M","?","E","R","?","T","E","R","M","?","M","R","BOSS","M"],"items_purchased_type":[],"build_version":"2020-12-22","purchased_purges":0,"victory":false,"max_hp_per_floor":[72,72,72,72,72,72,72,72,72,72,72,72,72,72,72,72,72,72,72],"card_choices":[{"not_picked":["theMarked:Overthink","theMarked:Frustration"],"picked":"theMarked:Aftermath","floor":1},{"not_picked":["theMarked:Memento","theMarked:MuscleMemory","theMarked:ElectricStrings","theMarked:HeightenedSenses"],"picked":"theMarked:Improvise","floor":4},{"not_picked":["theMarked:SwordAndMagic","theMarked:Convert","theMarked:BanishingStrike","theMarked:Frustration","theMarked:HeightenedSenses"],"picked":"SKIP","floor":5},{"not_picked":["theMarked:BanishingWave","theMarked:Overthink","theMarked:FavorableWinds","theMarked:Heritage"],"picked":"theMarked:TakeOffHeels","floor":6},{"not_picked":["theMarked:BanishingStrike","theMarked:Parkour","theMarked:OneWithTheBlade","theMarked:RepellingDischarge","theMarked:Improvise"],"picked":"SKIP","floor":8},{"not_picked":["theMarked:Improvise","theMarked:ElectricStrings","theMarked:SwordAndMagic","theMarked:TakeCover"],"picked":"theMarked:DispelDoubt","floor":10},{"not_picked":["theMarked:Memento","theMarked:RepellingDischarge","theMarked:ElectricStrings","theMarked:TwofoldDefense"],"picked":"theMarked:ComboAttacks","floor":12},{"not_picked":["theMarked:EmpowerWeapon","theMarked:BanishingStrike","theMarked:EnhanceMovement","theMarked:DispelDoubt","theMarked:Aftermath"],"picked":"SKIP","floor":14},{"not_picked":["theMarked:TakeOffHeels","theMarked:BiggerThanFate","theMarked:FavorableWinds","theMarked:Defy"],"picked":"theMarked:BindingBlade","floor":16}],"player_experience":142783,"relics_obtained":[{"floor":1,"key":"SynthV:TestCard"},{"floor":1,"key":"LetterFromLob"},{"floor":6,"key":"Replay:Bottled Eggs"},{"floor":10,"key":"qcfpunch:Chain_With_Nametags"},{"floor":13,"key":"Ring of Misfortune"}],"event_choices":[{"damage_healed":0,"gold_gain":175,"player_choice":"AGREE","damage_taken":0,"max_hp_gain":0,"max_hp_loss":0,"event_name":"Liars Game","floor":2,"gold_loss":0,"cards_obtained":["Doubt"]},{"damage_healed":0,"gold_gain":0,"player_choice":"0 cards matched","damage_taken":0,"max_hp_gain":0,"max_hp_loss":0,"event_name":"Match and Keep!","floor":3,"gold_loss":0,"cards_obtained":[]}],"is_beta":false,"boss_relics":[{"not_picked":["Sozu","Tiny House"],"picked":"REME_DuelDisc"}],"items_purged_floors":[],"is_endless":false,"potions_floor_spawned":[5,6,8,12,14],"ascension_level":0}}