{"host":"bsgp9wgausrmthh2","time":1613593490,"event":{"mods":["AchievementEnabler","BaseMod","Colored Map","Minty Spire (QoL Compilation)","StSLib"],"gold_per_floor":[110,129,60,77,90,90,115,130,130,3,3,23,23,41,41,142,142,153,167,82,82,93,93,110,110,110,110,110,110,127,139,139,236,236,246,265,239,85,97,97,114,134,134,134,152,152,152,165,165,165,165],"floor_reached":50,"language":"ENG","playtime":4604,"items_purged":[],"score":475,"play_id":"4b519756-c709-4bbb-b881-5d4168c2cadf","local_time":"20210217152450","is_ascension_mode":false,"campfire_choices":[{"floor":6.0,"key":"RECALL"},{"data":"Defragment","floor":11.0,"key":"SMITH"},{"data":"Defragment","floor":13.0,"key":"SMITH"},{"floor":15.0,"key":"REST"},{"data":"Double Energy","floor":23.0,"key":"SMITH"},{"data":"Go for the Eyes","floor":25.0,"key":"SMITH"},{"data":"Beam Cell","floor":27.0,"key":"SMITH"},{"floor":29.0,"key":"REST"},{"floor":32.0,"key":"REST"},{"floor":40.0,"key":"REST"},{"floor":46,"key":"REST"},{"floor":49,"key":"REST"}],"circlet_count":0,"master_deck":["Strike_B+1","Strike_B+1","Strike_B+1","Strike_B+1","Defend_B+1","Defend_B+1","Defend_B+1","Defend_B+1","Zap","Dualcast","Go for the Eyes+1","Beam Cell","Defragment+1","Reinforced Body","Barrage","FTL","BootSequence","Defragment+1","Coolheaded","Sweeping Beam","Steam","Electrodynamics","Turbo+1","Double Energy+1","Conserve Battery","Beam Cell+1","Loop+1","Streamline","All For One","Auto Shields+1","Melter+1","Redo","Parasite","Hologram","Conserve Battery+1","Pain","Stack+1","Parasite","Ball Lightning+1"],"relics":["Cracked Core","NeowsBlessing","StrikeDummy","Velvet Choker","Shuriken","Ancient Tea Set","Cursed Key","ClockworkSouvenir","Pantograph"],"acts_visited":["Exordium","TheCity","TheBeyond"],"potions_floor_usage":[],"damage_taken":[{"damage":0.0,"enemies":"Cultist","floor":1.0,"turns":1.0},{"damage":0.0,"enemies":"Jaw Worm","floor":2.0,"turns":1.0},{"damage":0.0,"enemies":"2 Louse","floor":4.0,"turns":1.0},{"damage":0.0,"enemies":"Large Slime","floor":5.0,"turns":5.0},{"damage":32.0,"enemies":"Lagavulin","floor":7.0,"turns":7.0},{"damage":0.0,"enemies":"Lots of Slimes","floor":8.0,"turns":3.0},{"damage":4.0,"enemies":"Exordium Wildlife","floor":12.0,"turns":4.0},{"damage":2.0,"enemies":"Exordium Thugs","floor":14.0,"turns":3.0},{"damage":21.0,"enemies":"Slime Boss","floor":16.0,"turns":11.0},{"damage":5.0,"enemies":"Spheric Guardian","floor":18.0,"turns":3.0},{"damage":19.0,"enemies":"2 Thieves","floor":19.0,"turns":4.0},{"damage":0.0,"enemies":"Cultist and Chosen","floor":22.0,"turns":4.0},{"damage":22.0,"enemies":"Sentry and Sphere","floor":24.0,"turns":5.0},{"damage":2.0,"enemies":"Centurion and Healer","floor":30.0,"turns":6.0},{"damage":10.0,"enemies":"Snake Plant","floor":31.0,"turns":5.0},{"damage":62.0,"enemies":"Collector","floor":33.0,"turns":7.0},{"damage":8.0,"enemies":"3 Shapes","floor":35.0,"turns":3.0},{"damage":17.0,"enemies":"Orb Walker","floor":36.0,"turns":4.0},{"damage":34.0,"enemies":"Spire Growth","floor":39.0,"turns":5.0},{"damage":32,"enemies":"Writhing Mass","floor":41,"turns":6},{"damage":0,"enemies":"4 Shapes","floor":42,"turns":8},{"damage":12,"enemies":"Maw","floor":45,"turns":7},{"damage":13,"enemies":"Writhing Mass","floor":48,"turns":6},{"damage":64,"enemies":"Time Eater","floor":50,"turns":6}],"seed_played":"-3499860166522936004","potions_obtained":[{"floor":4.0,"key":"Fire Potion"},{"floor":5.0,"key":"Fire Potion"},{"floor":7.0,"key":"SpeedPotion"},{"floor":14.0,"key":"FearPotion"},{"floor":16.0,"key":"Fruit Juice"},{"floor":18.0,"key":"Regen Potion"},{"floor":36.0,"key":"FocusPotion"}],"is_trial":false,"path_per_floor":["M","M","$","M","M","R","E","M","T","$","R","M","R","M","R","B",null,"M","M","?","?","M","R","M","R","T","R","?","R","M","M","R","B",null,"M","M","$","$","M","R","M","M","T","?","M","R","?","M","R","B"],"character_chosen":"DEFECT","items_purchased":["Defragment","Defragment","Coolheaded","Redo","ClockworkSouvenir"],"campfire_rested":6,"item_purchase_floors":[3,10,10,37,38],"current_hp_per_floor":[75,75,75,75,75,75,43,43,43,43,43,39,39,37,59,38,80,75,56,56,56,56,56,34,34,34,34,34,58,56,46,70,8,80,72,55,55,55,21,45,13,13,13,13,1,25,25,12,36,0,0],"gold":165,"neow_bonus":"THREE_ENEMY_KILL","is_daily":false,"chose_seed":false,"campfire_upgraded":5,"win_rate":0.0,"timestamp":1613593490,"path_taken":["M","M","$","M","M","R","E","M","T","$","R","M","R","?","R","BOSS","M","M","?","?","M","R","M","R","T","R","?","R","M","M","R","BOSS","M","M","?","$","M","R","M","M","T","?","?","R","?","M","R","BOSS"],"items_purchased_type":["Card","Card","Card","Card","Relic"],"build_version":"2020-12-22","purchased_purges":0,"victory":false,"max_hp_per_floor":[75,75,75,75,75,75,75,75,75,75,75,75,75,75,75,75,80,80,80,80,80,80,80,80,80,80,80,80,80,80,80,80,80,80,80,80,80,80,80,80,80,80,80,80,80,80,80,80,80,80,80],"card_choices":[{"not_picked":["Stack","Double Energy"],"picked":"Go for the Eyes","floor":1.0},{"not_picked":["Ball Lightning","Gash"],"picked":"Beam Cell","floor":2.0},{"not_picked":["Multi-Cast","Recycle"],"picked":"Reinforced Body","floor":4.0},{"not_picked":["Sunder","Chaos"],"picked":"Barrage","floor":5.0},{"not_picked":["Rebound","Force Field"],"picked":"FTL","floor":7.0},{"not_picked":["Hologram","Scrape"],"picked":"BootSequence","floor":8.0},{"not_picked":["Steam","Hologram"],"picked":"Sweeping Beam","floor":12.0},{"not_picked":["Go for the Eyes","Compile Driver"],"picked":"Steam","floor":14.0},{"not_picked":["Biased Cognition","All For One"],"picked":"Electrodynamics","floor":16.0},{"not_picked":["Blizzard","Sunder+1"],"picked":"Turbo","floor":18.0},{"not_picked":["Steam","Barrage"],"picked":"Double Energy","floor":19.0},{"not_picked":["Redo+1","Sweeping Beam+1"],"picked":"Conserve Battery","floor":22.0},{"not_picked":["Turbo","FTL"],"picked":"Beam Cell","floor":24.0},{"not_picked":["Go for the Eyes","Ball Lightning+1"],"picked":"Loop+1","floor":30.0},{"not_picked":["Conserve Battery","Coolheaded"],"picked":"Streamline","floor":31.0},{"not_picked":["Hyperbeam","Rainbow"],"picked":"All For One","floor":33.0},{"not_picked":["Gash+1","Steam+1"],"picked":"Auto Shields+1","floor":35.0},{"not_picked":["Cold Snap","Recycle"],"picked":"Melter+1","floor":36.0},{"not_picked":["Coolheaded+1","Consume","Storm"],"picked":"SKIP","floor":39.0},{"not_picked":["Steam","Reprogram+1"],"picked":"Hologram","floor":41},{"not_picked":["Chaos","Steam"],"picked":"Conserve Battery+1","floor":42},{"not_picked":["Multi-Cast","Ball Lightning+1"],"picked":"Stack+1","floor":45},{"not_picked":["Tempest","Scrape+1"],"picked":"Ball Lightning+1","floor":48}],"player_experience":275600,"relics_obtained":[{"floor":7.0,"key":"StrikeDummy"},{"floor":26.0,"key":"Ancient Tea Set"},{"floor":43,"key":"Pantograph"}],"event_choices":[{"damage_healed":0.0,"max_hp_gain":0.0,"max_hp_loss":0.0,"gold_gain":0.0,"event_name":"Addict","player_choice":"Obtained Relic","floor":20.0,"gold_loss":85.0,"damage_taken":0.0,"relics_obtained":["Shuriken"]},{"damage_healed":0.0,"max_hp_gain":0.0,"max_hp_loss":0.0,"gold_gain":0.0,"event_name":"Back to Basics","player_choice":"Simplicity","floor":21.0,"gold_loss":0.0,"damage_taken":0.0,"cards_upgraded":["Strike_B","Strike_B","Strike_B","Strike_B","Defend_B","Defend_B","Defend_B","Defend_B"]},{"damage_healed":0.0,"max_hp_gain":0.0,"max_hp_loss":0.0,"gold_gain":0.0,"event_name":"Accursed Blacksmith","player_choice":"Forge","floor":28.0,"gold_loss":0.0,"damage_taken":0.0,"cards_upgraded":["Turbo"]},{"damage_healed":0,"gold_gain":0,"player_choice":"Ignored","damage_taken":0,"max_hp_gain":0,"max_hp_loss":0,"event_name":"Mysterious Sphere","floor":44,"gold_loss":0},{"damage_healed":0,"gold_gain":0,"player_choice":"Ignored","damage_taken":0,"max_hp_gain":0,"max_hp_loss":0,"event_name":"SecretPortal","floor":47,"gold_loss":0}],"is_beta":false,"boss_relics":[{"not_picked":["Tiny House","Empty Cage"],"picked":"Velvet Choker"},{"not_picked":["Calling Bell","SacredBark"],"picked":"Cursed Key"}],"items_purged_floors":[],"is_endless":false,"potions_floor_spawned":[4,5,7,14,16,18,24,33,35,36,42,45,48],"killed_by":"Time Eater","ascension_level":0}}