{"host":"r527qwxsluxe0nfi","time":1613569830,"event":{"mods":["AchievementEnabler","BaseMod","Bestiary","Minty Spire (QoL Compilation)","SuperFastMode","Weighted Paths"],"gold_per_floor":[118,138,138,149,149,177,177,197,249,281,294,309,309,309,309],"floor_reached":14,"language":"ENG","playtime":639,"items_purged":[],"score":143,"play_id":"f96403b0-1c5f-4605-bf08-acc77fc5912d","local_time":"20210217145030","is_ascension_mode":true,"campfire_choices":[{"data":"After Image","floor":7,"key":"SMITH"},{"floor":13,"key":"REST"}],"circlet_count":0,"master_deck":["Strike_G","Strike_G","Strike_G","Defend_G","Defend_G","Defend_G","Defend_G","Defend_G","Survivor","Neutralize","After Image+1","Poisoned Stab","Flying Knee","Prepared","Dodge and Roll","Blur","Bane"],"relics":["Ring of the Snake","Frozen Egg 2","Juzu Bracelet","Lantern"],"acts_visited":["Exordium"],"potions_floor_usage":[6,10],"damage_taken":[{"damage":0,"enemies":"Jaw Worm","floor":1,"turns":5},{"damage":6,"enemies":"2 Louse","floor":2,"turns":3},{"damage":2,"enemies":"Cultist","floor":4,"turns":4},{"damage":13,"enemies":"3 Sentries","floor":6,"turns":11},{"damage":9,"enemies":"2 Fungi Beasts","floor":8,"turns":4},{"damage":15,"enemies":"Lagavulin","floor":10,"turns":8},{"damage":2,"enemies":"Gremlin Gang","floor":11,"turns":7},{"damage":8,"enemies":"Large Slime","floor":12,"turns":12},{"damage":15,"enemies":"Gremlin Nob","floor":14,"turns":5}],"seed_played":"-5609407054965477632","potions_obtained":[{"floor":1,"key":"AttackPotion"},{"floor":8,"key":"SneckoOil"},{"floor":10,"key":"Fire Potion"},{"floor":11,"key":"Energy Potion"}],"is_trial":false,"path_per_floor":["M","M","?","M","?","E","R","M","T","E","M","M","R","E"],"character_chosen":"THE_SILENT","items_purchased":[],"campfire_rested":1,"item_purchase_floors":[],"current_hp_per_floor":[63,57,50,48,48,35,35,26,26,11,9,1,19,4,4],"gold":309,"neow_bonus":"THREE_RARE_CARDS","is_daily":false,"chose_seed":false,"campfire_upgraded":1,"win_rate":0.0,"timestamp":1613569830,"path_taken":["M","M","?","M","?","E","R","?","T","E","M","M","R","E"],"items_purchased_type":[],"build_version":"2020-12-22","purchased_purges":0,"victory":false,"max_hp_per_floor":[63,63,63,63,63,63,63,63,63,63,63,63,63,63,63],"card_choices":[{"not_picked":["Bullet Time","Burst"],"picked":"After Image","floor":0},{"not_picked":["Riddle With Holes","Outmaneuver"],"picked":"Poisoned Stab","floor":1},{"not_picked":["Masterful Stab","Terror"],"picked":"Flying Knee","floor":2},{"not_picked":["Choke","Flying Knee"],"picked":"Prepared","floor":4},{"not_picked":["Crippling Poison","Choke","Storm of Steel"],"picked":"SKIP","floor":6},{"not_picked":["Accuracy+1","Concentrate","Acrobatics"],"picked":"SKIP","floor":8},{"not_picked":["All Out Attack","Deflect"],"picked":"Dodge and Roll","floor":10},{"not_picked":["Deflect","Underhanded Strike"],"picked":"Blur","floor":11},{"not_picked":["Blur","Flying Knee"],"picked":"Bane","floor":12}],"player_experience":361728,"relics_obtained":[{"floor":6,"key":"Frozen Egg 2"},{"floor":9,"key":"Juzu Bracelet"},{"floor":10,"key":"Lantern"}],"event_choices":[{"cards_removed":["Strike_G"],"damage_healed":0,"gold_gain":0,"player_choice":"Card Removal","damage_taken":7,"max_hp_gain":0,"max_hp_loss":0,"event_name":"Golden Wing","floor":3,"gold_loss":0},{"cards_removed":["Strike_G"],"damage_healed":0,"gold_gain":0,"player_choice":"Purged","damage_taken":0,"max_hp_gain":0,"max_hp_loss":0,"event_name":"Purifier","floor":5,"gold_loss":0}],"is_beta":false,"boss_relics":[],"items_purged_floors":[],"is_endless":false,"potions_floor_spawned":[1,8,10,11],"killed_by":"Gremlin Nob","ascension_level":8}}