{"host":"c83fcgyuu74iknko","time":1613528811,"event":{"mods":["BaseMod","BetterRewards","Colored Map","Colored Powertips","Minty Spire (QoL Compilation)","Quick Restart","StSLib","The Animator","The Senshi"],"gold_per_floor":[119,69,69,31,51,51,78,110,110,128,128,142,156,190,190,299,299,313,238,123,123,123,123,135,151,151,171,171,171,191,191,191],"floor_reached":31,"language":"ENG","playtime":2261,"items_purged":["animator:Defend"],"score":239,"play_id":"0b033320-813f-4a0c-b783-65e0a649c614","local_time":"20210216182651","is_ascension_mode":false,"campfire_choices":[{"data":"animator:IrohaTamaki","floor":6,"key":"SMITH"},{"data":"animator:SuzuneAmano","floor":15,"key":"SMITH"},{"data":"animator:Saitama","floor":23,"key":"SMITH"},{"floor":28,"key":"REST"}],"circlet_count":0,"master_deck":["animator:Strike_MadokaMagica","animator:Defend_MadokaMagica","animator:Strike","animator:Defend","animator:IrohaTamaki+1","animator:YuiTsuruno","animator:YuiTsuruno","animator:YachiyoNanami","animator:Yoichi","animator:SayakaMiki","animator:Saitama+1","animator:SuzuneAmano+1","animator:Kyubey","animator:MamiTomoe","animator:IrohaTamaki","animator:KyokoSakura"],"relics":["animator:LivingPicture","animator:TheMissingPiece","Art of War","Mark of Pain","Nilry\u0027s Codex","theSenshi:FeatherClipsRelic"],"acts_visited":["Exordium","TheCity"],"potions_floor_usage":[14,14,16,27,31,31],"damage_taken":[{"damage":1,"enemies":"Small Slimes","floor":1,"turns":4},{"damage":2,"enemies":"Jaw Worm","floor":5,"turns":5},{"damage":4,"enemies":"2 Louse","floor":7,"turns":2},{"damage":7,"enemies":"2 Fungi Beasts","floor":8,"turns":4},{"damage":1,"enemies":"Looter","floor":10,"turns":4},{"damage":7,"enemies":"Large Slime","floor":12,"turns":4},{"damage":8,"enemies":"2 Fungi Beasts","floor":13,"turns":5},{"damage":11,"enemies":"3 Sentries","floor":14,"turns":10},{"damage":8,"enemies":"The Guardian","floor":16,"turns":7},{"damage":19,"enemies":"Spheric Guardian","floor":18,"turns":7},{"damage":4,"enemies":"Chosen","floor":24,"turns":5},{"damage":8,"enemies":"Snake Plant","floor":25,"turns":4},{"damage":0,"enemies":"3 Cultists","floor":27,"turns":5},{"damage":22,"enemies":"Snecko","floor":30,"turns":5},{"damage":27,"enemies":"Gremlin Leader","floor":31,"turns":5}],"seed_played":"761325673178631840","potions_obtained":[{"floor":1,"key":"Dexterity Potion"},{"floor":5,"key":"PowerPotion"},{"floor":10,"key":"Weak Potion"},{"floor":13,"key":"Regen Potion"},{"floor":14,"key":"Weak Potion"},{"floor":24,"key":"SneckoOil"},{"floor":27,"key":"SteroidPotion"},{"floor":30,"key":"BlessingOfTheForge"}],"is_trial":false,"path_per_floor":["M","?","?","$","M","R","M","M","T","M","?","M","M","E","R","B",null,"M","?","$","?","?","R","M","M","T","M","R","?","M","E"],"character_chosen":"THE_ANIMATOR","items_purchased":["animator:YachiyoNanami","animator:MamiTomoe"],"campfire_rested":1,"item_purchase_floors":[4,20],"current_hp_per_floor":[65,65,65,65,63,63,59,52,52,51,56,49,41,46,46,38,72,53,53,53,40,24,24,20,12,12,19,42,42,26,0,0],"gold":191,"neow_bonus":"REMOVE_CARD","is_daily":false,"chose_seed":false,"campfire_upgraded":3,"win_rate":0.0,"timestamp":1613528811,"path_taken":["M","?","?","$","M","R","M","M","T","M","?","M","M","E","R","BOSS","M","?","$","?","?","R","M","M","T","M","R","?","M","E"],"items_purchased_type":["Card","Card"],"build_version":"2020-12-22","purchased_purges":1,"victory":false,"max_hp_per_floor":[66,66,66,66,66,66,66,66,66,66,71,71,71,72,72,72,72,72,72,72,77,77,77,77,77,77,78,78,78,78,78,78],"card_choices":[{"not_picked":["animator:Nanami","animator:Bozes"],"picked":"animator:YuiTsuruno","floor":1},{"not_picked":["animator:Genos","animator:Mitsuba","animator:TsurugaMeisai"],"picked":"SKIP","floor":5},{"not_picked":["animator:Tet","animator:Shion"],"picked":"animator:Yoichi","floor":7},{"not_picked":["animator:YachiyoNanami","animator:SuzuneAmano"],"picked":"animator:SayakaMiki","floor":8},{"not_picked":["animator:Hitei","animator:Jibril"],"picked":"animator:Saitama","floor":10},{"not_picked":["animator:Shigure","animator:MumenRider","animator:Emonzaemon"],"picked":"SKIP","floor":12},{"not_picked":["animator:Mitsuba","animator:Hakurou","animator:TsurugaMeisai"],"picked":"SKIP","floor":13},{"not_picked":["animator:YuiTsuruno","animator:IrohaTamaki"],"picked":"animator:SuzuneAmano","floor":14},{"not_picked":["animator:FeridBathory","animator:Shiro"],"picked":"animator:Kyubey","floor":16},{"not_picked":["animator:YaoHaDucy","animator:Millim","animator:Mikaela"],"picked":"SKIP","floor":18},{"not_picked":["animator:KrulTepes","animator:Shigure"],"picked":"animator:IrohaTamaki","floor":24},{"not_picked":["animator:ChlammyZell","animator:PinaCoLada","animator:Shichika"],"picked":"SKIP","floor":25},{"not_picked":["animator:YuiTsuruno","animator:OrikoMikuni"],"picked":"animator:KyokoSakura","floor":27},{"not_picked":["animator:ChlammyZell","animator:DolaCouronne","animator:YaoHaDucy+1"],"picked":"SKIP","floor":30}],"player_experience":239256,"relics_obtained":[{"floor":14,"key":"Art of War"},{"floor":22,"key":"Nilry\u0027s Codex"},{"floor":26,"key":"theSenshi:FeatherClipsRelic"}],"event_choices":[{"cards_removed":["animator:Defend"],"damage_healed":0,"gold_gain":0,"player_choice":"Card Removal","damage_taken":0,"max_hp_gain":0,"max_hp_loss":0,"event_name":"The Cleric","floor":2,"gold_loss":50},{"damage_healed":0,"gold_gain":0,"player_choice":"Donut","damage_taken":0,"max_hp_gain":5,"max_hp_loss":0,"event_name":"Big Fish","floor":11,"gold_loss":0},{"cards_removed":["animator:Strike"],"damage_healed":0,"gold_gain":0,"player_choice":"Gave Gold","damage_taken":0,"max_hp_gain":0,"max_hp_loss":0,"event_name":"Beggar","floor":19,"gold_loss":75},{"damage_healed":0,"gold_gain":0,"player_choice":"Shed Blood","damage_taken":18,"max_hp_gain":5,"max_hp_loss":0,"event_name":"Forgotten Altar","floor":21,"gold_loss":0},{"damage_healed":0,"gold_gain":0,"player_choice":"Obtained Book","damage_taken":16,"max_hp_gain":0,"max_hp_loss":0,"event_name":"Cursed Tome","floor":22,"gold_loss":0},{"damage_healed":0,"gold_gain":0,"player_choice":"Ignored","damage_taken":0,"max_hp_gain":0,"max_hp_loss":0,"event_name":"Vampires","floor":29,"gold_loss":0}],"is_beta":false,"boss_relics":[{"not_picked":["Philosopher\u0027s Stone","SacredBark"],"picked":"Mark of Pain"}],"items_purged_floors":[20],"is_endless":false,"potions_floor_spawned":[1,5,10,13,14,24,27,30],"killed_by":"Gremlin Leader","ascension_level":0}}