{"host":"pi8b3ffzwvxqztac","time":1613526970,"event":{"mods":["BaseMod","Colored Map","Custom Start","Downfall","Minty Spire (QoL Compilation)","StSLib"],"gold_per_floor":[99,114,127,127,127,144,192,225,125,159,159,174,190,202,219,322,372,372,391,402,35,35,35,60,73,73,73,73],"floor_reached":26,"language":"ENG","playtime":1364,"items_purged":[],"score":341,"play_id":"ddd719e5-696d-4e45-b312-04b5d0f398ea","local_time":"20210217145610","is_ascension_mode":true,"campfire_choices":[{"floor":1,"key":"RECALL"},{"floor":9,"key":"REST"},{"floor":11,"key":"REST"},{"data":"bronze:Philosophize","floor":18,"key":"SMITH"}],"circlet_count":0,"master_deck":["AscendersBane","bronze:Strike","bronze:Strike","bronze:Strike","bronze:Defend","bronze:Defend","bronze:Defend","bronze:Defend","bronze:Replicate","bronze:Goto","bronze:Philosophize+1","bronze:Iterate","bronze:Iterate","bronze:Shield","bronze:FollowUp","bronze:Safeguard","bronze:Format+1","bronze:Shell","bronze:Branch","bronze:ForceShield","bronze:ChildClass","bronze:Constructor","bronze:Branch","bronze:Branch+1"],"relics":["bronze:BronzeCore","sneckomod:BlankCard","Omamori","Blue Candle","downfall:HeartBlessingRed","Tiny House","bronze:CableSpool","downfall:RedIOU","Blood Vial"],"acts_visited":["Exordium","TheCity"],"potions_floor_usage":[8,16,16,25,26,26],"damage_taken":[{"damage":1,"enemies":"2 Louse","floor":2,"turns":3},{"damage":10,"enemies":"Jaw Worm","floor":3,"turns":4},{"damage":0,"enemies":"Small Slimes","floor":6,"turns":2},{"damage":41,"enemies":"3 Sentries","floor":8,"turns":9},{"damage":24,"enemies":"Lagavulin","floor":10,"turns":6},{"damage":7,"enemies":"Blue Slaver","floor":12,"turns":4},{"damage":2,"enemies":"Exordium Wildlife","floor":13,"turns":2},{"damage":2,"enemies":"Large Slime","floor":14,"turns":4},{"damage":0,"enemies":"Blue Slaver","floor":15,"turns":4},{"damage":13,"enemies":"DF_ARCHETYPE_STREAMLINE","floor":16,"turns":8},{"damage":33,"enemies":"Chosen","floor":19,"turns":5},{"damage":11,"enemies":"Shell Parasite","floor":20,"turns":6},{"damage":0,"enemies":"downfall:FleeingMerchant","floor":21,"turns":4},{"damage":11,"enemies":"Centurion and Healer","floor":25,"turns":9},{"damage":12,"enemies":"Snecko","floor":26,"turns":2}],"seed_played":"8253932031138899918","potions_obtained":[{"floor":6,"key":"Guardian:BlockOnCardUsePotion"},{"floor":10,"key":"PowerPotion"},{"floor":12,"key":"Explosive Potion"},{"floor":13,"key":"Weak Potion"},{"floor":15,"key":"Block Potion"},{"floor":17,"key":"FearPotion"},{"floor":20,"key":"Block Potion"},{"floor":25,"key":"Fire Potion"}],"is_trial":false,"path_per_floor":["R","M","M","?","?","M","T","E","R","E","R","M","M","M","M","B",null,"R","M","M","$","?","?","T","M","M"],"character_chosen":"THE_AUTOMATON","items_purchased":["bronze:CableSpool","bronze:Constructor","bronze:Branch"],"campfire_rested":2,"item_purchase_floors":[21,21,21],"current_hp_per_floor":[63,62,52,49,49,49,49,8,29,5,26,19,17,15,15,2,58,58,25,14,14,14,14,14,5,0,0,0],"gold":73,"neow_bonus":"REMOVE_CARD","is_daily":false,"chose_seed":false,"campfire_upgraded":1,"win_rate":0.0,"timestamp":1613526970,"path_taken":["R","M","M","?","?","M","T","E","R","E","R","M","M","M","M","BOSS","R","M","M","$","?","?","T","M","M"],"items_purchased_type":["Relic","Card","Card"],"build_version":"2020-12-22","purchased_purges":0,"victory":false,"max_hp_per_floor":[70,70,70,70,70,70,70,70,70,70,70,70,70,70,70,70,75,75,75,75,75,75,75,75,75,75,75,75],"card_choices":[{"not_picked":["bronze:Turbo","bronze:CloningBeam"],"picked":"bronze:Philosophize","floor":2},{"not_picked":["bronze:MaxOutput","bronze:Shell"],"picked":"bronze:Iterate","floor":3},{"not_picked":["bronze:OilSpill","bronze:Branch"],"picked":"bronze:Iterate","floor":6},{"not_picked":["bronze:Format","bronze:Invalidate","bronze:Separator"],"picked":"SKIP","floor":8},{"not_picked":["bronze:CloningBeam","bronze:Overheat","bronze:Invalidate"],"picked":"SKIP","floor":10},{"not_picked":["bronze:Boost","bronze:RecursiveStrike","bronze:ChosenStrike"],"picked":"SKIP","floor":12},{"not_picked":["bronze:Separator","bronze:CutThrough"],"picked":"bronze:Shield","floor":13},{"not_picked":["bronze:Branch","bronze:Overload"],"picked":"bronze:FollowUp","floor":14},{"not_picked":["bronze:BitShift","bronze:Repulsor"],"picked":"bronze:Safeguard","floor":15},{"not_picked":["bronze:RecursiveStrike","bronze:Hardcode"],"picked":"bronze:Format","floor":16},{"not_picked":["bronze:BuggyMess","bronze:FineTuning"],"picked":"bronze:Shell","floor":17},{"not_picked":["bronze:CutThrough","bronze:Iterate"],"picked":"bronze:Branch","floor":19},{"not_picked":["bronze:Fortify","bronze:WildBeam"],"picked":"bronze:ForceShield","floor":20},{"not_picked":["bronze:BuggyMess","bronze:ThunderWave"],"picked":"bronze:ChildClass","floor":21},{"not_picked":["bronze:WildBeam","bronze:ClassDefault"],"picked":"bronze:Branch+1","floor":25}],"player_experience":809244,"relics_obtained":[{"floor":7,"key":"Omamori"},{"floor":8,"key":"Blue Candle"},{"floor":10,"key":"PreservedInsect"},{"floor":24,"key":"Blood Vial"}],"event_choices":[{"damage_healed":0,"gold_gain":0,"player_choice":"Success","damage_taken":3,"relics_obtained":["sneckomod:BlankCard"],"max_hp_gain":0,"max_hp_loss":0,"event_name":"Scrap Ooze","floor":4,"gold_loss":0}],"is_beta":false,"boss_relics":[{"not_picked":["Philosopher\u0027s Stone","Pandora\u0027s Box"],"picked":"Tiny House"}],"items_purged_floors":[],"is_endless":false,"potions_floor_spawned":[6,10,12,13,15,20,25],"killed_by":"Snecko","ascension_level":11}}