{"host":"a1eatafr7pisesky","time":1613567535,"event":{"mods":["AchievementEnabler","BaseMod","Colored Map","Keyboard Shortcuts","Minty Spire (QoL Compilation)","Say the Spire","StSLib","SuperFastMode","everything is the same but u backflip on backflip"],"gold_per_floor":[109,79,89,108,158,189,200,200,227,227,240,240,78,104,117,117,193,193,207,221,221,221,271,271,305,319,397,397,397],"floor_reached":28,"language":"KOR","playtime":471,"items_purged":[],"score":503,"play_id":"f0eea4c5-b9e1-4ec9-9aa9-199d21d09cbb","local_time":"20210217221215","is_ascension_mode":true,"campfire_choices":[{"floor":8.0,"key":"REST"},{"data":"Perfected Strike","floor":12.0,"key":"SMITH"},{"floor":16.0,"key":"REST"},{"floor":24.0,"key":"REST"}],"circlet_count":0,"master_deck":["AscendersBane","Strike_R","Strike_R","Strike_R","Strike_R","Strike_R","Defend_R+1","Defend_R","Defend_R","Defend_R","Bash","The Bomb","Evolve","Perfected Strike+1","Thunderclap","Perfected Strike","Perfected Strike","Inflame","Immolate","Disarm","Ghostly","Ghostly","Ghostly+1"],"relics":["Burning Blood","Strawberry","Bag of Marbles","Ornamental Fan","Omamori","Lizard Tail","SlaversCollar","War Paint","Bottled Flame"],"acts_visited":["Exordium","TheCity"],"potions_floor_usage":[28,28],"damage_taken":[{"damage":11.0,"enemies":"Jaw Worm","floor":1.0,"turns":4.0},{"damage":7.0,"enemies":"Cultist","floor":3.0,"turns":4.0},{"damage":19.0,"enemies":"Small Slimes","floor":4.0,"turns":3.0},{"damage":35.0,"enemies":"Lagavulin","floor":6.0,"turns":5.0},{"damage":9.0,"enemies":"Gremlin Gang","floor":7.0,"turns":2.0},{"damage":8.0,"enemies":"Gremlin Nob","floor":9.0,"turns":3.0},{"damage":2.0,"enemies":"2 Fungi Beasts","floor":11.0,"turns":3.0},{"damage":35.0,"enemies":"3 Sentries","floor":14.0,"turns":5.0},{"damage":7.0,"enemies":"Looter","floor":15.0,"turns":4.0},{"damage":76.0,"enemies":"The Guardian","floor":17.0,"turns":11.0},{"damage":39.0,"enemies":"Shell Parasite","floor":19.0,"turns":4.0},{"damage":11.0,"enemies":"Spheric Guardian","floor":20.0,"turns":3.0},{"damage":8.0,"enemies":"Gremlin Leader","floor":25.0,"turns":6.0},{"damage":17.0,"enemies":"Centurion and Healer","floor":26.0,"turns":6.0},{"damage":21,"enemies":"Slavers","floor":28,"turns":2}],"seed_played":"7056148765416143593","potions_obtained":[{"floor":1.0,"key":"Ancient Potion"},{"floor":2.0,"key":"Fruit Juice"},{"floor":2.0,"key":"AttackPotion"},{"floor":3.0,"key":"SteroidPotion"},{"floor":15.0,"key":"SpeedPotion"},{"floor":17.0,"key":"Fire Potion"},{"floor":25.0,"key":"HeartOfIron"},{"floor":26.0,"key":"SpeedPotion"}],"is_trial":false,"path_per_floor":["M","?","M","M","?","E","M","R","E","T","M","R","$","E","M","R","B",null,"M","M","?","?","?","R","E","M","T","E"],"character_chosen":"IRONCLAD","items_purchased":["Omamori"],"campfire_rested":3,"item_purchase_floors":[13],"current_hp_per_floor":[45,50,49,36,36,14,11,37,35,35,39,39,39,10,9,35,9,68,35,30,30,20,20,34,32,21,21,0,0],"gold":397,"neow_bonus":"RANDOM_COLORLESS_2","is_daily":false,"chose_seed":false,"campfire_upgraded":1,"win_rate":0.0,"timestamp":1613567535,"path_taken":["M","?","?","M","?","E","M","R","E","T","M","R","$","E","?","R","BOSS","M","M","?","?","?","R","E","M","T","E"],"items_purchased_type":["Relic"],"build_version":"2020-12-22","purchased_purges":0,"victory":false,"max_hp_per_floor":[75,80,80,80,80,87,87,87,87,87,87,87,87,87,87,87,87,87,87,87,43,48,48,48,48,48,48,48,48],"card_choices":[{"not_picked":["Metamorphosis","Master of Strategy"],"picked":"The Bomb","floor":0.0},{"not_picked":["Shockwave","Twin Strike"],"picked":"Evolve","floor":1.0},{"not_picked":["Blood for Blood","Havoc"],"picked":"Perfected Strike","floor":3.0},{"not_picked":["Intimidate","Headbutt","Rage"],"picked":"SKIP","floor":4.0},{"not_picked":["Shrug It Off","Havoc"],"picked":"Thunderclap","floor":6.0},{"not_picked":["True Grit","Evolve"],"picked":"Perfected Strike","floor":7.0},{"not_picked":["True Grit","Berserk"],"picked":"Perfected Strike","floor":9.0},{"not_picked":["Headbutt","Clash","Shrug It Off"],"picked":"SKIP","floor":11.0},{"not_picked":["Headbutt","Clothesline","Sword Boomerang"],"picked":"SKIP","floor":14.0},{"not_picked":["Heavy Blade","Iron Wave"],"picked":"Inflame","floor":15.0},{"not_picked":["Impervious","Barricade"],"picked":"Immolate","floor":17.0},{"not_picked":["Clothesline","Thunderclap","Pummel"],"picked":"SKIP","floor":19.0},{"not_picked":["Ghostly Armor","Iron Wave"],"picked":"Disarm","floor":20.0},{"not_picked":["Cleave","Clash","Warcry"],"picked":"SKIP","floor":25.0},{"not_picked":["Flame Barrier","True Grit","Warcry"],"picked":"SKIP","floor":26.0}],"player_experience":463901,"relics_obtained":[{"floor":6.0,"key":"Strawberry"},{"floor":9.0,"key":"Bag of Marbles"},{"floor":10.0,"key":"Ornamental Fan"},{"floor":14.0,"key":"Lizard Tail"},{"floor":25.0,"key":"War Paint"},{"floor":27.0,"key":"Bottled Flame"}],"event_choices":[{"damage_healed":0.0,"max_hp_gain":0.0,"max_hp_loss":0.0,"gold_gain":0.0,"event_name":"The Woman in Blue","player_choice":"Bought 2 Potions","floor":2.0,"gold_loss":0.0,"damage_taken":0.0},{"damage_healed":0.0,"max_hp_gain":0.0,"max_hp_loss":0.0,"gold_gain":50.0,"event_name":"Golden Shrine","player_choice":"Pray","floor":5.0,"gold_loss":0.0,"damage_taken":0.0},{"damage_healed":0.0,"max_hp_gain":0.0,"max_hp_loss":44.0,"gold_gain":0.0,"event_name":"Ghosts","player_choice":"Became a Ghost","floor":21.0,"gold_loss":0.0,"damage_taken":0.0,"cards_obtained":["Ghostly","Ghostly","Ghostly"]},{"damage_healed":0.0,"max_hp_gain":5.0,"max_hp_loss":0.0,"gold_gain":0.0,"event_name":"Forgotten Altar","player_choice":"Shed Blood","floor":22.0,"gold_loss":0.0,"damage_taken":15.0},{"damage_healed":0.0,"max_hp_gain":0.0,"max_hp_loss":0.0,"gold_gain":50.0,"event_name":"Nest","player_choice":"Stole From Cult","floor":23.0,"gold_loss":0.0,"damage_taken":0.0}],"is_beta":false,"boss_relics":[{"not_picked":["Runic Cube","Fusion Hammer"],"picked":"SlaversCollar"}],"items_purged_floors":[],"is_endless":false,"potions_floor_spawned":[1,3,4,15,17,25,26],"killed_by":"Slavers","ascension_level":19}}