{"host":"xsuxkwaivmtd234a","time":1613571059,"event":{"mods":["BaseMod","Bestiary","Colored Map","Filter the Spire","Minty Spire (QoL Compilation)","Relic Stats","StSLib"],"gold_per_floor":[109,127,57,72,22,55,55,71,96,96,106,136,136,162,162,263,263,276,276,276,276,287,318,318,318,368,283,313,332,35,134,134,238,238,255,255,255,255,266,266,297,311,311,311,344,362,375,395,395,395,395,395,44,77,77,77],"floor_reached":55,"language":"ENG","playtime":1958,"items_purged":[],"score":1035,"play_id":"b58f00fb-1d67-4af4-bd08-d1ceccc01f4b","local_time":"20210217091059","is_ascension_mode":true,"campfire_choices":[{"data":"Inflame","floor":7,"key":"SMITH"},{"data":"Bash","floor":10,"key":"SMITH"},{"floor":13,"key":"REST"},{"data":"Disarm","floor":15,"key":"SMITH"},{"floor":25,"key":"REST"},{"floor":32,"key":"REST"},{"floor":40,"key":"RECALL"},{"floor":44,"key":"REST"},{"floor":49,"key":"REST"},{"floor":52,"key":"REST"}],"circlet_count":0,"master_deck":["Defend_R","Defend_R","Defend_R","Bash+1","Twin Strike","Inflame+1","Anger","Disarm+1","Immolate","Impervious","Exhume","Blood for Blood+1","Fiend Fire+1","Cleave+1","Battle Trance","Dropkick+1","Heavy Blade+1","Limit Break","Armaments+1","Power Through+1","Impervious+1","Battle Trance","Impervious","Body Slam+1","Dual Wield+1","Intimidate","Impervious","Flex+1","Entrench","Burning Pact+1","True Grit+1","Clothesline+1","Heavy Blade+1"],"relics":["Runic Dome","Nunchaku","Happy Flower","Pen Nib","Vajra","Molten Egg 2","Fusion Hammer","Gremlin Horn","Red Skull","Juzu Bracelet","Strawberry","Lizard Tail","ClockworkSouvenir","Bronze Scales","Astrolabe","InkBottle","Mummified Hand","Orrery","Akabeko","Ornamental Fan"],"acts_visited":["Exordium","TheCity","TheBeyond","TheEnding"],"potions_floor_usage":[16,28,55,55,55],"damage_taken":[{"damage":2,"enemies":"Jaw Worm","floor":1,"turns":4},{"damage":1,"enemies":"Cultist","floor":2,"turns":3},{"damage":0,"enemies":"2 Louse","floor":4,"turns":2},{"damage":30,"enemies":"Lagavulin","floor":6,"turns":5},{"damage":16,"enemies":"Large Slime","floor":8,"turns":3},{"damage":9,"enemies":"Red Slaver","floor":11,"turns":2},{"damage":0,"enemies":"Gremlin Nob","floor":12,"turns":2},{"damage":5,"enemies":"3 Sentries","floor":14,"turns":3},{"damage":1,"enemies":"Hexaghost","floor":16,"turns":6},{"damage":6,"enemies":"Spheric Guardian","floor":18,"turns":3},{"damage":12,"enemies":"Chosen","floor":22,"turns":3},{"damage":0,"enemies":"Gremlin Leader","floor":23,"turns":3},{"damage":6,"enemies":"Book of Stabbing","floor":28,"turns":3},{"damage":20,"enemies":"Centurion and Healer","floor":29,"turns":3},{"damage":99,"enemies":"Automaton","floor":33,"turns":7},{"damage":0,"enemies":"3 Shapes","floor":35,"turns":3},{"damage":0,"enemies":"Orb Walker","floor":39,"turns":3},{"damage":56,"enemies":"Reptomancer","floor":41,"turns":6},{"damage":13,"enemies":"Maw","floor":42,"turns":4},{"damage":2,"enemies":"Giant Head","floor":45,"turns":5},{"damage":0,"enemies":"Transient","floor":46,"turns":5},{"damage":13,"enemies":"4 Shapes","floor":47,"turns":2},{"damage":0,"enemies":"Writhing Mass","floor":48,"turns":2},{"damage":10,"enemies":"Donu and Deca","floor":50,"turns":7},{"damage":16,"enemies":"Shield and Spear","floor":54,"turns":5},{"damage":114,"enemies":"The Heart","floor":55,"turns":8}],"seed_played":"1899594492324102978","potions_obtained":[{"floor":1,"key":"LiquidBronze"},{"floor":8,"key":"ElixirPotion"},{"floor":12,"key":"FairyPotion"},{"floor":14,"key":"Strength Potion"},{"floor":18,"key":"DuplicationPotion"},{"floor":33,"key":"HeartOfIron"},{"floor":41,"key":"Ancient Potion"},{"floor":45,"key":"PowerPotion"}],"is_trial":false,"path_per_floor":["M","M","$","M","?","E","R","M","T","R","M","E","R","E","R","B",null,"M","T","?","?","M","E","?","R","T","?","E","M","$","?","R","B",null,"M","?","?","?","M","R","E","M","T","R","E","M","M","M","R","B",null,"R","$","E","B"],"character_chosen":"IRONCLAD","items_purchased":["Inflame","ClockworkSouvenir","Bronze Scales","Orrery","Akabeko","Clothesline+1"],"campfire_rested":6,"item_purchase_floors":[3,30,30,53,53,53],"current_hp_per_floor":[78,77,77,77,77,47,47,31,31,31,22,22,46,41,41,40,70,64,64,64,58,46,46,46,70,70,77,71,51,51,51,77,26,72,72,72,72,72,72,72,16,3,3,27,25,25,12,12,36,26,69,83,83,67,0,0],"gold":77,"neow_bonus":"BOSS_RELIC","is_daily":false,"chose_seed":false,"campfire_upgraded":3,"win_rate":0.0,"timestamp":1613571059,"path_taken":["M","M","$","M","?","E","R","M","T","R","M","E","R","E","R","BOSS","M","?","?","?","?","E","?","R","T","?","E","M","?","?","R","BOSS","M","?","?","?","M","R","E","M","T","R","E","M","M","M","R","BOSS","R","$","E","BOSS"],"items_purchased_type":["Card","Relic","Relic","Relic","Relic","Card"],"build_version":"2020-12-22","purchased_purges":0,"victory":false,"max_hp_per_floor":[80,80,80,80,80,80,80,80,80,80,80,80,80,80,80,80,80,80,80,80,80,80,80,80,80,80,87,87,87,87,87,87,87,87,87,87,87,83,83,83,83,83,83,83,83,83,83,83,83,83,83,83,83,83,83,83],"relic_stats":{"Happy Flower":[29],"Gremlin Horn":[15,18],"counters":[26,102],"Astrolabe":["Armaments","Power Through","Impervious"],"Pen Nib":[19],"Juzu Bracelet":2,"Nunchaku":[21],"Lizard Tail":41,"Mummified Hand":[9],"Ornamental Fan":[8],"Bronze Scales":[246],"obtain_stats":[{"Happy Flower":6,"Gremlin Horn":19,"Astrolabe":34,"Vajra":12,"Pen Nib":9,"Juzu Bracelet":26,"Burning Blood":0,"Akabeko":53,"ClockworkSouvenir":30,"Runic Dome":0,"Nunchaku":5,"Lizard Tail":28,"Mummified Hand":45,"Ornamental Fan":54,"Strawberry":27,"Bronze Scales":30,"Orrery":53,"Molten Egg 2":14,"Fusion Hammer":17,"Red Skull":23,"InkBottle":41},{"Happy Flower":4,"Gremlin Horn":10,"Astrolabe":15,"Vajra":7,"Pen Nib":5,"Juzu Bracelet":12,"Burning Blood":0,"Akabeko":24,"ClockworkSouvenir":14,"Runic Dome":0,"Nunchaku":3,"Lizard Tail":13,"Mummified Hand":20,"Ornamental Fan":25,"Strawberry":12,"Bronze Scales":14,"Orrery":24,"Molten Egg 2":8,"Fusion Hammer":9,"Red Skull":12,"InkBottle":18},{"Happy Flower":14,"Gremlin Horn":33,"Astrolabe":52,"Vajra":21,"Pen Nib":17,"Juzu Bracelet":39,"Burning Blood":0,"Akabeko":89,"ClockworkSouvenir":45,"Runic Dome":0,"Nunchaku":9,"Lizard Tail":42,"Mummified Hand":73,"Ornamental Fan":94,"Strawberry":39,"Bronze Scales":45,"Orrery":89,"Molten Egg 2":24,"Fusion Hammer":30,"Red Skull":39,"InkBottle":64}],"InkBottle":[14]},"card_choices":[{"not_picked":["Rupture","Power Through"],"picked":"Cleave","floor":1},{"not_picked":["Sword Boomerang","Cleave"],"picked":"Twin Strike","floor":2},{"not_picked":["Perfected Strike","Thunderclap"],"picked":"Anger","floor":4},{"not_picked":["Shrug It Off","Metallicize"],"picked":"Disarm","floor":6},{"not_picked":["Wild Strike","Flex","Clothesline"],"picked":"SKIP","floor":8},{"not_picked":["Thunderclap","Headbutt"],"picked":"Immolate","floor":11},{"not_picked":["Clash","Pommel Strike","Iron Wave"],"picked":"SKIP","floor":12},{"not_picked":["Twin Strike+1","Headbutt+1"],"picked":"Impervious","floor":14},{"not_picked":["Corruption","Double Tap"],"picked":"Exhume","floor":16},{"not_picked":["Twin Strike+1","Metallicize"],"picked":"Blood for Blood+1","floor":18},{"not_picked":["Iron Wave+1","Disarm"],"picked":"Battle Trance","floor":22},{"not_picked":["Twin Strike+1","Bloodletting","Clothesline+1"],"picked":"SKIP","floor":23},{"not_picked":["Clash+1","Pommel Strike+1"],"picked":"Dropkick+1","floor":28},{"not_picked":["Cleave+1","Thunderclap+1"],"picked":"Heavy Blade+1","floor":29},{"not_picked":["Immolate+1","Berserk"],"picked":"Limit Break","floor":33},{"not_picked":["Armaments","Thunderclap+1"],"picked":"Battle Trance","floor":35},{"not_picked":["Carnage+1","Havoc+1","True Grit"],"picked":"SKIP","floor":39},{"not_picked":["Perfected Strike+1","Clash+1"],"picked":"Body Slam+1","floor":41},{"not_picked":["Wild Strike+1","Armaments+1","Body Slam+1"],"picked":"SKIP","floor":42},{"not_picked":["Havoc+1","Headbutt+1"],"picked":"Dual Wield+1","floor":45},{"not_picked":["Power Through","Rage"],"picked":"Intimidate","floor":46},{"not_picked":["Anger+1","True Grit","Heavy Blade+1"],"picked":"SKIP","floor":47},{"not_picked":["Metallicize","Heavy Blade+1","Rupture"],"picked":"SKIP","floor":48},{"not_picked":["Disarm","Body Slam+1"],"picked":"Impervious","floor":53},{"not_picked":["Clothesline+1","Searing Blow+1"],"picked":"Flex+1","floor":53},{"not_picked":["Dark Embrace","Dropkick+1"],"picked":"Entrench","floor":53},{"not_picked":["Body Slam+1","Twin Strike+1"],"picked":"Burning Pact+1","floor":53},{"not_picked":["Sword Boomerang+1","Cleave+1"],"picked":"True Grit+1","floor":53},{"not_picked":["Sword Boomerang+1","Flex+1"],"picked":"Heavy Blade+1","floor":54}],"player_experience":1280961,"relics_obtained":[{"floor":6,"key":"Happy Flower"},{"floor":9,"key":"Pen Nib"},{"floor":12,"key":"Vajra"},{"floor":14,"key":"Molten Egg 2"},{"floor":19,"key":"Gremlin Horn"},{"floor":23,"key":"Red Skull"},{"floor":26,"key":"Juzu Bracelet"},{"floor":28,"key":"Lizard Tail"},{"floor":41,"key":"InkBottle"},{"floor":45,"key":"Mummified Hand"},{"floor":54,"key":"Ornamental Fan"}],"event_choices":[{"damage_healed":0,"gold_gain":0,"player_choice":"Paid Gold","damage_taken":0,"relics_obtained":["Nunchaku"],"max_hp_gain":0,"max_hp_loss":0,"event_name":"WeMeetAgain","floor":5,"gold_loss":50},{"damage_healed":0,"gold_gain":0,"cards_transformed":["Strike_R","Strike_R"],"player_choice":"Became Test Subject","damage_taken":0,"max_hp_gain":0,"max_hp_loss":0,"event_name":"Drug Dealer","floor":20,"gold_loss":0,"cards_obtained":["Fiend Fire","Cleave"]},{"damage_healed":0,"gold_gain":0,"player_choice":"","damage_taken":6,"max_hp_gain":0,"max_hp_loss":0,"event_name":"Knowing Skull","floor":21,"potions_obtained":[],"gold_loss":0,"cards_obtained":[]},{"damage_healed":0,"gold_gain":0,"player_choice":"Ignored","damage_taken":0,"max_hp_gain":0,"max_hp_loss":0,"event_name":"Vampires","floor":24,"gold_loss":0},{"damage_healed":0,"gold_gain":0,"player_choice":"Obtained Relic","damage_taken":0,"relics_obtained":["Strawberry"],"max_hp_gain":0,"max_hp_loss":0,"event_name":"Addict","floor":27,"gold_loss":85},{"damage_healed":0,"gold_gain":99,"player_choice":"Stole From Cult","damage_taken":0,"max_hp_gain":0,"max_hp_loss":0,"event_name":"Nest","floor":31,"gold_loss":0},{"cards_removed":["Cleave"],"damage_healed":0,"gold_gain":0,"player_choice":"Removed Attack","damage_taken":0,"max_hp_gain":0,"max_hp_loss":0,"event_name":"Falling","floor":36,"gold_loss":0},{"damage_healed":0,"gold_gain":0,"cards_transformed":["Defend_R"],"player_choice":"Transformed","damage_taken":0,"max_hp_gain":0,"max_hp_loss":0,"event_name":"Transmorgrifier","floor":37,"gold_loss":0,"cards_obtained":["Impervious"]},{"damage_healed":0,"gold_gain":0,"player_choice":"Max HP","damage_taken":0,"max_hp_gain":0,"max_hp_loss":4,"event_name":"Winding Halls","floor":38,"gold_loss":0}],"is_beta":false,"boss_relics":[{"not_picked":["Busted Crown","Cursed Key"],"picked":"Fusion Hammer"},{"not_picked":["Black Star","Empty Cage"],"picked":"Astrolabe"}],"items_purged_floors":[],"is_endless":false,"potions_floor_spawned":[1,8,12,14,18,33,41,45,46,54],"killed_by":"The Heart","ascension_level":5}}