{"host":"rwzz6mk6bpmb57ql","time":1613532703,"event":{"mods":["AchievementEnabler","BaseMod","Better Third Choice","BetterRewards","Colored Map","Highlight Path","Hubris","Infinite Spire","Minty Spire (QoL Compilation)","Replay The Spire","StSLib","Wandering Minibosses"],"gold_per_floor":[5615,5628,5111,5211,4606,4606,4621,4652,4677,4691,4718,4734,4734,4745,4745,4850,4850,4870,4887,4897,4600,10118,10147,10062,10062,10062,10091,10091,10091,10091,10118,10118,10220,10220,10233,10233,10283,10283,9930,9930,9930,9957,9981,9807,9826,9857,9857,9857,9857,9857,9857,9857,9707,9734,9734],"floor_reached":56,"language":"ENG","playtime":2059,"items_purged":["Strike_B","Defend_B","Strike_B","Defend_B","Defend_B","Strike_B+1"],"score":1786,"play_id":"39437579-b0b4-48f6-9201-dab830d4b0a7","local_time":"20210216213143","is_ascension_mode":true,"campfire_choices":[{"floor":6.0,"key":"RECALL"},{"data":"Time Bomb","floor":13.0,"key":"SMITH"},{"data":"Time Bomb","floor":25.0,"key":"SMITH"},{"floor":29,"key":"REST"},{"data":"Chaos","floor":32,"key":"SMITH"},{"data":"hubris:SpecializedCircuitry","floor":40,"key":"SMITH"},{"data":"Leap","floor":40,"key":"SMITH"},{"data":"Dualcast","floor":47,"key":"SMITH"},{"data":"Biased Cognition","floor":47,"key":"SMITH"},{"data":"Defend_B+1","floor":49,"key":"SMITH"},{"data":"Defend_B+2","floor":49,"key":"SMITH"},{"data":"Defend_B+3","floor":52,"key":"SMITH"},{"data":"Defend_B+4","floor":52,"key":"SMITH"}],"circlet_count":0,"master_deck":["Defend_B+5","Zap+1","Dualcast+1","Time Bomb+1","Stack","Biased Cognition+1","Leap+1","Seek","Chaos+1","Leap+1","Time Bomb+1","Time Bomb+1","infinitespire:NeuralNetwork","hubris:SpecializedCircuitry+1","Panic Button","Panic Button+1"],"relics":["Cracked Core","wanderingMiniBosses:Inkheart","Blue Doll","Thread and Needle","hubris:SphereOfDissonance","Membership Card","hubris:CuriousFeather","Whetstone","Prayer Wheel","infinitespire:Broken Mirror","Inserter","Geode","Replay:Towering Pillar of Hats","DataDisk","Anchor","infinitespire:Lucky Rock","Simple Rune","infinitespire:Joker Card","Red Mask","Runic Pyramid","Ice Cream","Du-Vu Doll","Frozen Egg 2","Replay:Arrowhead","hubris:TenFootPole","Oddly Smooth Stone","hubris:SlimyHat","Pen Nib","BargainBundle","Blue Candle","Toy Ornithopter","Happy Flower","Art of War"],"acts_visited":["Exordium","TheCity","TheBeyond","TheEnding"],"potions_floor_usage":[37,50,50,55],"damage_taken":[{"damage":8.0,"enemies":"Small Slimes","floor":1.0,"turns":2.0},{"damage":1.0,"enemies":"Cultist","floor":2.0,"turns":3.0},{"damage":0.0,"enemies":"2 Louse","floor":7.0,"turns":2.0},{"damage":19.0,"enemies":"Lagavulin","floor":8.0,"turns":5.0},{"damage":7.0,"enemies":"Looter","floor":10.0,"turns":2.0},{"damage":24.0,"enemies":"Gremlin Nob","floor":11.0,"turns":4.0},{"damage":9.0,"enemies":"Blue Slaver","floor":12.0,"turns":2.0},{"damage":3.0,"enemies":"Exordium Wildlife","floor":14.0,"turns":3.0},{"damage":0.0,"enemies":"Fading Forest","floor":16.0,"turns":1.0},{"damage":3.0,"enemies":"Chosen","floor":18.0,"turns":4.0},{"damage":8.0,"enemies":"2 Thieves","floor":19.0,"turns":4.0},{"damage":20.0,"enemies":"Snake Plant","floor":20.0,"turns":3.0},{"damage":25.0,"enemies":"Shelled Parasite and Fungi","floor":22.0,"turns":3.0},{"damage":86.0,"enemies":"Nightmare","floor":23.0,"turns":9.0},{"damage":42.0,"enemies":"Slavers","floor":27.0,"turns":3.0},{"damage":6,"enemies":"Masked Bandits","floor":31,"turns":3},{"damage":19,"enemies":"hubris:MusketHawk","floor":33,"turns":5},{"damage":14,"enemies":"3 Shapes","floor":35,"turns":3},{"damage":6,"enemies":"Mind Bloom Boss Battle","floor":37,"turns":4},{"damage":50,"enemies":"R_Hoarder","floor":42,"turns":6},{"damage":0,"enemies":"Orb Walker","floor":45,"turns":2},{"damage":36,"enemies":"Giant Head","floor":46,"turns":6},{"damage":55,"enemies":"Time Eater","floor":50,"turns":5},{"damage":52,"enemies":"Shield and Spear","floor":54,"turns":4},{"damage":93,"enemies":"The Heart","floor":55,"turns":7}],"seed_played":"7317264037662921389","potions_obtained":[{"floor":1.0,"key":"Energy Potion"},{"floor":2.0,"key":"FocusPotion"},{"floor":8.0,"key":"SkillPotion"},{"floor":11.0,"key":"Fire Potion"},{"floor":19.0,"key":"EntropicBrew"},{"floor":27.0,"key":"Energy Potion"},{"floor":33,"key":"DuplicationPotion"},{"floor":35,"key":"PowerPotion"},{"floor":46,"key":"DuplicationPotion"},{"floor":54,"key":"GamblersBrew"}],"is_trial":false,"path_per_floor":["M","M","$","?","$","R","M","E","T","M","E","M","R","M","R_BF","B",null,"M","M","M","$","M","NM","?","R","T","E","AVR","R","?","?","R","B",null,"M","AVR","?","?","$","R","T","E","T","$","M","E","R","?","R","B",null,"R","$","E","B",null],"character_chosen":"DEFECT","items_purchased":["Blue Doll","Thread and Needle","hubris:SphereOfDissonance","Membership Card","hubris:CuriousFeather","Geode","Replay:Towering Pillar of Hats","Frozen Egg 2","Replay:Arrowhead","Pen Nib","BargainBundle","Toy Ornithopter","Happy Flower"],"campfire_rested":1,"item_purchase_floors":[3,3,5,5,5,21,21,39,39,44,44,53,53],"current_hp_per_floor":[137,136,136,136,136,136,136,117,117,110,86,77,77,74,117,117,138,135,127,107,107,82,96,96,96,96,54,54,97,97,91,91,72,127,113,113,107,107,107,107,107,57,57,57,57,21,21,21,21,66,125,125,125,73,60],"gold":9734,"neow_bonus":"UPGRADE_CARD","is_daily":false,"chose_seed":false,"campfire_upgraded":11,"win_rate":0.0,"timestamp":1613532703,"path_taken":["M","M","$","?","$","R","M","E","T","M","E","?","R","M","R_BF","BOSS","M","M","M","$","M","NM","?","R","T","E","AVR","R","?","?","R","BOSS","M","AVR","?","?","$","R","?","E","T","?","?","E","R","?","R","BOSS","R","$","E","BOSS"],"items_purchased_type":["Relic","Relic","Relic","Relic","Relic","Relic","Relic","Relic","Relic","Relic","Relic","Relic","Relic"],"build_version":"2020-12-22","purchased_purges":6,"victory":true,"max_hp_per_floor":[145,145,145,145,145,145,145,145,145,145,145,145,145,145,145,145,145,145,145,145,145,145,145,145,145,145,145,145,145,145,145,145,145,145,145,145,145,145,145,145,145,145,145,145,145,145,145,145,145,145,145,145,145,145,145],"card_choices":[{"not_picked":["Leap","Compile Driver"],"picked":"Time Bomb","floor":1.0},{"not_picked":["Cold Snap","Reprogram","Sweeping Beam"],"picked":"SKIP","floor":2.0},{"not_picked":["Rebound","Scrape"],"picked":"Stack","floor":7.0},{"not_picked":["Cold Snap","Streamline"],"picked":"Biased Cognition","floor":8.0},{"not_picked":["Skim","Turbo","Crystallizer"],"picked":"SKIP","floor":10.0},{"not_picked":["Aggregate","Chill"],"picked":"Leap","floor":11.0},{"not_picked":["Coolheaded","Go for the Eyes","Beam Cell"],"picked":"SKIP","floor":12.0},{"not_picked":["Streamline","Coolheaded","White Noise"],"picked":"SKIP","floor":12.0},{"not_picked":["Hello World","Gash","Conserve Battery"],"picked":"SKIP","floor":14.0},{"not_picked":["Rebound","Melter","Cold Snap"],"picked":"SKIP","floor":14.0},{"not_picked":["Hyperbeam","Reboot"],"picked":"Seek","floor":16.0},{"not_picked":["Panic Button","Recycle"],"picked":"Chaos","floor":18.0},{"not_picked":["ReplayTheSpireMod:Reroute Power+1","Genetic Algorithm+1","Cold Snap+1"],"picked":"SKIP","floor":18.0},{"not_picked":["Cold Snap","Steam","hubris:PowerSurge"],"picked":"SKIP","floor":19.0},{"not_picked":["Sweeping Beam+1","Static Discharge","Conserve Battery"],"picked":"SKIP","floor":19.0},{"not_picked":["Gash+1","Barrage"],"picked":"Leap","floor":20.0},{"not_picked":["Stack","Recycle+1","Rebound"],"picked":"SKIP","floor":20.0},{"not_picked":["Stack","Recycle+1","Rebound"],"picked":"SKIP","floor":20.0},{"not_picked":["Turbo+1","Skim"],"picked":"Time Bomb","floor":22.0},{"not_picked":["Hologram","Auto Shields"],"picked":"Time Bomb+1","floor":22.0},{"not_picked":["Sweeping Beam","Hologram","BasicCrystalCard"],"picked":"SKIP","floor":23.0},{"not_picked":["Genetic Algorithm","Go for the Eyes+1","Sweeping Beam"],"picked":"SKIP","floor":27.0},{"not_picked":["Mirror Shield","hubris:DoWhile"],"picked":"hubris:SpecializedCircuitry","floor":33},{"not_picked":["Reinforced Body","Rebound","Steam"],"picked":"SKIP","floor":35},{"not_picked":["Stack","Conserve Battery+1","Barrage+1"],"picked":"SKIP","floor":35},{"not_picked":["Go for the Eyes","Beam Cell"],"picked":"Panic Button","floor":37},{"not_picked":["Aggregate","Auto Shields"],"picked":"Panic Button+1","floor":42},{"not_picked":["ReplayTheSpireMod:Repulse+1","Crystallizer+1","Panic Button"],"picked":"SKIP","floor":45},{"not_picked":["Beam Cell","Recycle","Conserve Battery+1"],"picked":"SKIP","floor":45},{"not_picked":["Storm+1","Barrage","Sunder"],"picked":"SKIP","floor":46},{"not_picked":["Sweeping Beam+1","ReplayGash","Recycle+1"],"picked":"SKIP","floor":54}],"player_experience":217257,"relics_obtained":[{"floor":2.0,"key":"wanderingMiniBosses:Inkheart"},{"floor":8.0,"key":"Whetstone"},{"floor":11.0,"key":"infinitespire:Broken Mirror"},{"floor":23.0,"key":"DataDisk"},{"floor":26.0,"key":"infinitespire:Lucky Rock"},{"floor":27.0,"key":"Simple Rune"},{"floor":31,"key":"Red Mask"},{"floor":37,"key":"Du-Vu Doll"},{"floor":41,"key":"hubris:TenFootPole"},{"floor":42,"key":"Oddly Smooth Stone"},{"floor":43,"key":"hubris:SlimyHat"},{"floor":46,"key":"Blue Candle"},{"floor":54,"key":"Art of War"}],"event_choices":[{"damage_healed":0.0,"max_hp_gain":0.0,"max_hp_loss":0.0,"gold_gain":100.0,"event_name":"Golden Shrine","player_choice":"Pray","floor":4.0,"gold_loss":0.0,"damage_taken":0.0},{"damage_healed":0.0,"max_hp_gain":0.0,"max_hp_loss":0.0,"gold_gain":0.0,"event_name":"Addict","player_choice":"Obtained Relic","floor":24.0,"gold_loss":85.0,"damage_taken":0.0,"relics_obtained":["Anchor"]},{"damage_healed":0,"gold_gain":0,"player_choice":"Fought Bandits","damage_taken":0,"max_hp_gain":0,"max_hp_loss":0,"event_name":"Masked Bandits","floor":31,"gold_loss":0},{"damage_healed":0,"gold_gain":0,"player_choice":"Fight","damage_taken":0,"max_hp_gain":0,"max_hp_loss":0,"event_name":"MindBloom","floor":37,"gold_loss":0},{"damage_healed":0,"gold_gain":0,"player_choice":"Memory 1","damage_taken":0,"max_hp_gain":0,"max_hp_loss":0,"event_name":"SensoryStone","floor":38,"gold_loss":0},{"cards_removed":["Strike_B"],"damage_healed":0,"gold_gain":0,"player_choice":"Removed Attack","damage_taken":0,"max_hp_gain":0,"max_hp_loss":0,"event_name":"Falling","floor":48,"gold_loss":0}],"is_beta":false,"boss_relics":[{"not_picked":["Empty Cage","ChewingGum"],"picked":"Inserter"},{"not_picked":["ReplayTheSpireMod:SealedPack","hubris:GrandSneckoEye"],"picked":"Runic Pyramid"}],"items_purged_floors":[3,5,21,28,36,39],"is_endless":false,"potions_floor_spawned":[1,2,8,11,12,19,27,33,35,46,54],"ascension_level":5}}