{"host":"5tzvto3beate6p8b","time":1613570250,"event":{"mods":["BaseMod","Colored Map","Minty Spire (QoL Compilation)","StSLib","SuperFastMode"],"gold_per_floor":[10,26,37,51,66,66,84,84,84,100,100,118,43,43,43,116,116,136,155,70,70,81,81,81,81,81,106,106,124,124,22,22,96,96,110,110,110,110,28,28,28],"floor_reached":40,"language":"ENG","playtime":1701,"items_purged":[],"score":693,"play_id":"897ec9a9-3505-4bc8-9d17-938f5d807944","local_time":"20210217225730","is_ascension_mode":true,"campfire_choices":[{"data":"Sunder","floor":6.0,"key":"SMITH"},{"data":"Mayhem","floor":8.0,"key":"SMITH"},{"data":"Consume","floor":11,"key":"SMITH"},{"data":"Fission","floor":15,"key":"SMITH"},{"floor":23,"key":"REST"},{"data":"Aggregate","floor":25,"key":"SMITH"},{"data":"Streamline","floor":30,"key":"SMITH"},{"floor":32,"key":"REST"}],"circlet_count":0,"master_deck":["AscendersBane","Strike_B+1","Strike_B+1","Defend_B+1","Defend_B+1","Defend_B+1","Defend_B+1","Zap","Dualcast","Mayhem+1","Compile Driver","Sunder+1","Coolheaded","Melter","Auto Shields","Coolheaded","Consume+1","Streamline+1","Fission+1","Creative AI","Leap","Streamline","Necronomicurse","Static Discharge","Recycle","Compile Driver","Static Discharge","Rainbow","Capacitor","Finesse","Self Repair"],"relics":["Cracked Core","Bag of Marbles","Nuclear Battery","Bronze Scales","Necronomicon","Pear","Blood Vial","Cursed Key"],"acts_visited":["TheCity","TheBeyond"],"potions_floor_usage":[16,22,27,29],"damage_taken":[{"damage":7.0,"enemies":"2 Louse","floor":1.0,"turns":2.0},{"damage":0.0,"enemies":"Small Slimes","floor":2.0,"turns":3.0},{"damage":7.0,"enemies":"Jaw Worm","floor":3.0,"turns":4.0},{"damage":10.0,"enemies":"3 Louse","floor":4.0,"turns":5.0},{"damage":0.0,"enemies":"Large Slime","floor":5.0,"turns":4.0},{"damage":0.0,"enemies":"2 Fungi Beasts","floor":7.0,"turns":2.0},{"damage":1,"enemies":"Blue Slaver","floor":10,"turns":4},{"damage":10,"enemies":"Lots of Slimes","floor":12,"turns":5},{"damage":17,"enemies":"Hexaghost","floor":16,"turns":12},{"damage":15,"enemies":"Chosen","floor":18,"turns":7},{"damage":16,"enemies":"3 Byrds","floor":19,"turns":6},{"damage":4,"enemies":"Centurion and Healer","floor":22,"turns":6},{"damage":6,"enemies":"Gremlin Leader","floor":27,"turns":5},{"damage":0,"enemies":"Snecko","floor":29,"turns":4},{"damage":51,"enemies":"Collector","floor":33,"turns":8},{"damage":20,"enemies":"3 Shapes","floor":35,"turns":5},{"damage":51,"enemies":"Reptomancer","floor":40,"turns":4}],"seed_played":"-3525524481442741745","potions_obtained":[{"floor":3.0,"key":"Strength Potion"},{"floor":4.0,"key":"Swift Potion"},{"floor":5.0,"key":"FocusPotion"},{"floor":16,"key":"PowerPotion"},{"floor":19,"key":"Regen Potion"},{"floor":22,"key":"EssenceOfDarkness"},{"floor":35,"key":"SteroidPotion"}],"is_trial":false,"path_per_floor":["M","M","M","M","M","R","M","R","T","M","R","M","?","?","R","B",null,"M","M","?","?","M","R","?","R","T","E","?","M","R","$","R","B",null,"M","?","?","?","$","E"],"character_chosen":"DEFECT","items_purchased":["Compile Driver","Static Discharge","Self Repair"],"campfire_rested":2,"item_purchase_floors":[31,31,39],"current_hp_per_floor":[57,57,50,40,40,40,40,40,40,39,39,29,29,29,29,12,56,41,25,25,4,15,36,36,36,46,40,40,42,42,42,66,17,65,47,47,47,47,47,0,0],"gold":28,"neow_bonus":"RANDOM_COLORLESS_2","is_daily":false,"chose_seed":false,"campfire_upgraded":6,"win_rate":0.0,"timestamp":1613570250,"path_taken":["M","M","M","M","M","R","M","R","T","M","R","M","?","?","R","BOSS","M","M","?","?","M","R","?","R","T","E","?","M","R","$","R","BOSS","M","?","?","?","$","E"],"items_purchased_type":["Card","Card","Card"],"build_version":"2020-12-22","purchased_purges":0,"victory":false,"max_hp_per_floor":[71,71,71,71,71,71,71,71,71,71,71,71,71,71,71,71,71,71,71,71,71,71,71,71,71,81,81,81,81,81,81,81,81,81,81,81,81,81,81,81,81],"card_choices":[{"not_picked":["Secret Weapon","Magnetism"],"picked":"Mayhem","floor":0.0},{"not_picked":["Stack","Steam"],"picked":"Compile Driver","floor":1.0},{"not_picked":["Coolheaded","Fusion"],"picked":"Sunder","floor":2.0},{"not_picked":["Leap","Steam Power"],"picked":"Coolheaded","floor":3.0},{"not_picked":["Gash","Go for the Eyes"],"picked":"Melter","floor":4.0},{"not_picked":["Conserve Battery","Hello World"],"picked":"Auto Shields","floor":5.0},{"not_picked":["Rebound","Stack"],"picked":"Coolheaded","floor":7.0},{"not_picked":["Cold Snap","Scrape"],"picked":"Consume","floor":10},{"not_picked":["Barrage","Leap"],"picked":"Streamline","floor":12},{"not_picked":["Machine Learning","Rainbow"],"picked":"Creative AI","floor":16},{"not_picked":["Gash","Sweeping Beam"],"picked":"Leap","floor":18},{"not_picked":["Redo","Doom and Gloom"],"picked":"Streamline","floor":19},{"not_picked":["White Noise","Storm"],"picked":"Aggregate","floor":22},{"not_picked":["All For One","Rebound"],"picked":"Static Discharge","floor":27},{"not_picked":["Stack","Cold Snap"],"picked":"Recycle","floor":29},{"not_picked":["Hyperbeam","Buffer"],"picked":"Rainbow","floor":33},{"not_picked":["Heatsinks","Rebound"],"picked":"Capacitor","floor":35},{"not_picked":["Good Instincts","Chrysalis"],"picked":"Finesse","floor":38}],"player_experience":760800,"relics_obtained":[{"floor":9,"key":"Bag of Marbles"},{"floor":21,"key":"Necronomicon"},{"floor":26,"key":"Pear"},{"floor":27,"key":"Blood Vial"}],"event_choices":[{"cards_removed":["Strike_B"],"damage_healed":0,"gold_gain":0,"player_choice":"Card Removal","damage_taken":0,"max_hp_gain":0,"max_hp_loss":0,"event_name":"The Cleric","floor":13,"gold_loss":75},{"damage_healed":0,"gold_gain":0,"cards_transformed":["Strike_B"],"player_choice":"Change","damage_taken":0,"max_hp_gain":0,"max_hp_loss":0,"event_name":"Living Wall","floor":14,"gold_loss":0,"cards_obtained":["Fission"]},{"damage_healed":0,"gold_gain":0,"player_choice":"Obtained Relic","damage_taken":0,"relics_obtained":["Bronze Scales"],"max_hp_gain":0,"max_hp_loss":0,"event_name":"Addict","floor":20,"gold_loss":85},{"damage_healed":0,"gold_gain":0,"player_choice":"Obtained Book","damage_taken":21,"max_hp_gain":0,"max_hp_loss":0,"event_name":"Cursed Tome","floor":21,"gold_loss":0},{"damage_healed":0,"gold_gain":0,"player_choice":"Ignored","damage_taken":0,"max_hp_gain":0,"max_hp_loss":0,"event_name":"Vampires","floor":24,"gold_loss":0},{"damage_healed":0,"gold_gain":0,"player_choice":"Simplicity","damage_taken":0,"max_hp_gain":0,"max_hp_loss":0,"event_name":"Back to Basics","floor":28,"gold_loss":0,"cards_upgraded":["Strike_B","Strike_B","Defend_B","Defend_B","Defend_B","Defend_B"]},{"damage_healed":0,"gold_gain":0,"player_choice":"Ignored","damage_taken":0,"max_hp_gain":0,"max_hp_loss":0,"event_name":"Tomb of Lord Red Mask","floor":36,"gold_loss":0},{"cards_removed":["Aggregate"],"damage_healed":0,"gold_gain":0,"player_choice":"Removed Skill","damage_taken":0,"max_hp_gain":0,"max_hp_loss":0,"event_name":"Falling","floor":37,"gold_loss":0},{"damage_healed":0,"gold_gain":0,"player_choice":"Memory 1","damage_taken":0,"max_hp_gain":0,"max_hp_loss":0,"event_name":"SensoryStone","floor":38,"gold_loss":0}],"is_beta":false,"boss_relics":[{"not_picked":["Velvet Choker","Ectoplasm"],"picked":"Nuclear Battery"},{"not_picked":["Runic Pyramid","Fusion Hammer"],"picked":"Cursed Key"}],"items_purged_floors":[],"is_endless":false,"potions_floor_spawned":[3,4,5,7,12,16,19,22,35],"killed_by":"Reptomancer","ascension_level":15}}