{"host":"bq4pt811tk9yrmjl","time":1613522173,"event":{"mods":["AchievementEnabler","BaseMod","Colored Map","Colored Powertips","Defuse TimeMaze Blight","Hermit","Minty Spire (QoL Compilation)","Smile Girya","StSLib","SuperFastMode"],"gold_per_floor":[115,21,39,39,39,64,64,95,145,145,145,165,10,10,10,114,114,124,148,167,82,82,82,82],"floor_reached":23,"language":"ENG","playtime":341,"items_purged":[],"score":233,"play_id":"da2f6f0c-de0b-48d1-a325-eb040244b1fe","local_time":"20210216223613","is_ascension_mode":true,"campfire_choices":[{"data":"Armaments","floor":7,"key":"SMITH"},{"data":"Rampage","floor":10,"key":"SMITH"},{"data":"Armaments","floor":15,"key":"SMITH"}],"circlet_count":0,"master_deck":["Strike_R","Strike_R","Strike_R","Strike_R","Strike_R+1","Defend_R","Defend_R+1","Defend_R+1","Defend_R+1","Bash","Body Slam","Armaments+1","Anger","Rampage+1","Armaments+1","Juggernaut","Clash+1","True Grit+1"],"relics":["Burning Blood","NeowsBlessing","War Paint","Centennial Puzzle","Oddly Smooth Stone","Omamori","Calling Bell","CeramicFish","Pear","Lizard Tail","Nunchaku"],"acts_visited":["Exordium","TheCity"],"potions_floor_usage":[16,16,18],"damage_taken":[{"damage":0,"enemies":"Cultist","floor":1,"turns":1},{"damage":0,"enemies":"Jaw Worm","floor":3,"turns":1},{"damage":0,"enemies":"Lagavulin","floor":6,"turns":1},{"damage":14,"enemies":"3 Sentries","floor":8,"turns":9},{"damage":0,"enemies":"2 Louse","floor":12,"turns":3},{"damage":36,"enemies":"The Guardian","floor":16,"turns":9},{"damage":25,"enemies":"Spheric Guardian","floor":18,"turns":6},{"damage":11,"enemies":"3 Byrds","floor":19,"turns":5},{"damage":22,"enemies":"Shelled Parasite and Fungi","floor":20,"turns":4},{"damage":6,"enemies":"Book of Stabbing","floor":23,"turns":3}],"seed_played":"-1387571155807429619","potions_obtained":[{"floor":3,"key":"LiquidBronze"},{"floor":8,"key":"Swift Potion"},{"floor":12,"key":"SteroidPotion"},{"floor":16,"key":"SteroidPotion"}],"is_trial":false,"path_per_floor":["M","$","M","?","?","E","R","E","T","R","?","M","$","T","R","B",null,"M","M","M","?","?","E"],"character_chosen":"IRONCLAD","items_purchased":["Armaments","Anger","Oddly Smooth Stone"],"campfire_rested":0,"item_purchase_floors":[2,2,13],"current_hp_per_floor":[80,80,80,80,64,70,70,62,62,62,62,68,68,68,68,38,90,71,66,50,50,50,44,44],"gold":82,"neow_bonus":"THREE_ENEMY_KILL","is_daily":false,"chose_seed":false,"campfire_upgraded":3,"win_rate":0.0,"timestamp":1613522173,"path_taken":["M","?","?","?","?","E","R","E","T","R","?","M","$","?","R","BOSS","M","M","M","?","?","E"],"items_purchased_type":["Card","Card","Relic"],"build_version":"2020-12-22","purchased_purges":0,"victory":false,"max_hp_per_floor":[80,80,80,80,80,80,80,80,80,80,80,80,80,80,80,80,90,90,90,90,90,90,90,90],"card_choices":[{"not_picked":["Havoc","Flex"],"picked":"Body Slam","floor":1},{"not_picked":["Second Wind","Dark Embrace"],"picked":"Rampage","floor":3},{"not_picked":["Cleave","Shrug It Off"],"picked":"Armaments","floor":6},{"not_picked":["Iron Wave","Perfected Strike","Wild Strike"],"picked":"SKIP","floor":8},{"not_picked":["Armaments","Warcry","Anger"],"picked":"SKIP","floor":12},{"not_picked":["Double Tap","Immolate"],"picked":"Juggernaut","floor":16},{"not_picked":["Headbutt","Iron Wave","Carnage"],"picked":"SKIP","floor":18},{"not_picked":["Whirlwind","Dual Wield"],"picked":"Clash+1","floor":19},{"not_picked":["Bludgeon","Thunderclap"],"picked":"True Grit+1","floor":20}],"player_experience":315984,"relics_obtained":[{"floor":6,"key":"War Paint"},{"floor":8,"key":"Centennial Puzzle"},{"floor":14,"key":"Omamori"},{"floor":17,"key":"CeramicFish"},{"floor":17,"key":"Pear"},{"floor":17,"key":"Lizard Tail"}],"event_choices":[{"damage_healed":0,"gold_gain":0,"player_choice":"Leave","damage_taken":0,"max_hp_gain":0,"max_hp_loss":0,"event_name":"The Cleric","floor":4,"gold_loss":0},{"damage_healed":0,"gold_gain":0,"player_choice":"Entered Light","damage_taken":16,"max_hp_gain":0,"max_hp_loss":0,"event_name":"Shining Light","floor":5,"gold_loss":0,"cards_upgraded":["Defend_R","Strike_R"]},{"damage_healed":0,"gold_gain":0,"player_choice":"Ignored","damage_taken":0,"max_hp_gain":0,"max_hp_loss":0,"event_name":"Golden Wing","floor":11,"gold_loss":0},{"damage_healed":0,"gold_gain":0,"player_choice":"Obtained Relic","damage_taken":0,"relics_obtained":["Nunchaku"],"max_hp_gain":0,"max_hp_loss":0,"event_name":"Addict","floor":21,"gold_loss":85},{"damage_healed":0,"gold_gain":0,"player_choice":"Ignored","damage_taken":0,"max_hp_gain":0,"max_hp_loss":0,"event_name":"Vampires","floor":22,"gold_loss":0}],"is_beta":false,"boss_relics":[{"not_picked":["Fusion Hammer","Busted Crown"],"picked":"Calling Bell"}],"items_purged_floors":[],"is_endless":false,"potions_floor_spawned":[3,8,12,16],"killed_by":"Book of Stabbing","ascension_level":1}}