{"host":"oehe2dxjvdgux73m","time":1613576691,"event":{"mods":["AchievementEnabler","BaseMod","Colored Map","Colored Powertips","DeckTracker","Keyboard Shortcuts","Minty Spire (QoL Compilation)","Permanent Neow","Quick Restart","StSLib","SuperFastMode"],"gold_per_floor":[119,119,99,24,37,69,69,96,168,182,195,195,208,226,226,303,303,303,303],"floor_reached":18,"language":"KOR","playtime":331,"items_purged":[],"score":318,"play_id":"fdfd1181-188a-40b2-a4fc-cd916221c22f","local_time":"20210218004451","is_ascension_mode":true,"campfire_choices":[{"floor":7.0,"key":"REST"},{"floor":15.0,"key":"REST"}],"circlet_count":0,"master_deck":["AscendersBane","Strike_R","Strike_R","Strike_R","Strike_R","Defend_R","Defend_R","Defend_R","Defend_R","Bash","Barricade","Evolve","Twin Strike","Body Slam","Fire Breathing","True Grit","Reaper"],"relics":["Burning Blood","Juzu Bracelet","PreservedInsect","Art of War","Shuriken","Sozu"],"acts_visited":["Exordium","TheCity"],"potions_floor_usage":[],"damage_taken":[{"damage":8.0,"enemies":"2 Louse","floor":1.0,"turns":3.0},{"damage":16.0,"enemies":"Small Slimes","floor":5.0,"turns":5.0},{"damage":30.0,"enemies":"3 Sentries","floor":6.0,"turns":9.0},{"damage":12.0,"enemies":"Gremlin Nob","floor":8.0,"turns":4.0},{"damage":1.0,"enemies":"Cultist","floor":10.0,"turns":3.0},{"damage":12.0,"enemies":"Looter","floor":11.0,"turns":3.0},{"damage":27.0,"enemies":"Exordium Wildlife","floor":13.0,"turns":5.0},{"damage":17.0,"enemies":"Large Slime","floor":14.0,"turns":6.0},{"damage":15.0,"enemies":"Slime Boss","floor":16.0,"turns":8.0},{"damage":47,"enemies":"Spheric Guardian","floor":18,"turns":6}],"seed_played":"-4051522031838301470","potions_obtained":[{"floor":1.0,"key":"Fire Potion"},{"floor":3.0,"key":"HeartOfIron"},{"floor":6.0,"key":"Dexterity Potion"},{"floor":13.0,"key":"EssenceOfSteel"},{"floor":14.0,"key":"Fruit Juice"}],"is_trial":false,"path_per_floor":["M","?","?","?","M","E","R","E","T","M","M","?","M","M","R","B",null,"M"],"character_chosen":"IRONCLAD","items_purchased":[],"campfire_rested":2,"item_purchase_floors":[],"current_hp_per_floor":[66,55,55,55,45,21,43,37,37,42,36,41,20,9,33,29,71,24,24],"gold":303,"neow_bonus":"ONE_RANDOM_RARE_CARD","is_daily":false,"chose_seed":false,"campfire_upgraded":0,"win_rate":0.0,"timestamp":1613576691,"path_taken":["M","?","?","?","M","E","R","E","T","M","M","?","M","M","R","BOSS","M"],"items_purchased_type":[],"build_version":"2020-12-22","purchased_purges":0,"victory":false,"max_hp_per_floor":[75,75,75,75,75,75,75,75,75,75,75,80,80,80,80,85,85,85,85],"card_choices":[{"not_picked":["Sentinel","Heavy Blade"],"picked":"Evolve","floor":1.0},{"not_picked":["Perfected Strike","Cleave"],"picked":"Twin Strike","floor":5.0},{"not_picked":["Rage","Flex","Cleave"],"picked":"SKIP","floor":6.0},{"not_picked":["Juggernaut","Rupture"],"picked":"Body Slam","floor":8.0},{"not_picked":["Armaments","Warcry","Iron Wave"],"picked":"SKIP","floor":10.0},{"not_picked":["Perfected Strike","Inflame"],"picked":"Fire Breathing","floor":11.0},{"not_picked":["Sword Boomerang","Demon Form"],"picked":"True Grit","floor":13.0},{"not_picked":["Body Slam","Headbutt","Fire Breathing"],"picked":"SKIP","floor":14.0},{"not_picked":["Immolate","Juggernaut"],"picked":"Reaper","floor":16.0}],"player_experience":474894,"relics_obtained":[{"floor":6.0,"key":"PreservedInsect"},{"floor":8.0,"key":"Art of War"},{"floor":9.0,"key":"Shuriken"}],"event_choices":[{"damage_healed":0.0,"max_hp_gain":0.0,"max_hp_loss":0.0,"gold_gain":0.0,"event_name":"Scrap Ooze","player_choice":"Success","floor":2.0,"gold_loss":0.0,"damage_taken":11.0,"relics_obtained":["Juzu Bracelet"]},{"damage_healed":0.0,"max_hp_gain":0.0,"max_hp_loss":0.0,"gold_gain":0.0,"event_name":"The Woman in Blue","player_choice":"Bought 1 Potion","floor":3.0,"gold_loss":0.0,"damage_taken":0.0},{"cards_removed":["Strike_R"],"damage_healed":0.0,"max_hp_gain":0.0,"max_hp_loss":0.0,"gold_gain":0.0,"event_name":"The Cleric","player_choice":"Card Removal","floor":4.0,"gold_loss":75.0,"damage_taken":0.0},{"damage_healed":0.0,"max_hp_gain":5.0,"max_hp_loss":0.0,"gold_gain":0.0,"event_name":"Big Fish","player_choice":"Donut","floor":12.0,"gold_loss":0.0,"damage_taken":0.0}],"is_beta":false,"boss_relics":[{"not_picked":["Black Blood","Snecko Eye"],"picked":"Sozu"}],"items_purged_floors":[],"is_endless":false,"potions_floor_spawned":[1,6,13,14],"killed_by":"Spheric Guardian","ascension_level":17}}