{"host":"js2su9tbbk4rmjfl","time":1613599814,"event":{"mods":["AchievementEnabler","BaseMod","Block Reminder","Colored Map","Colored Powertips","Highlight Path","Minty Spire (QoL Compilation)","Relic Stats"],"gold_per_floor":[112,77,77,77,95,95,125,156,156,179,179,90,90,115,115,115,115],"floor_reached":16,"language":"ENG","playtime":585,"items_purged":[],"score":186,"play_id":"82bc0195-77fb-4290-97c6-6414a7917238","local_time":"20210217231014","is_ascension_mode":true,"campfire_choices":[{"data":"Flex","floor":6,"key":"SMITH"},{"data":"Shockwave","floor":11,"key":"SMITH"},{"data":"Disarm","floor":13,"key":"SMITH"},{"data":"Pummel","floor":15,"key":"SMITH"}],"circlet_count":0,"master_deck":["AscendersBane","Strike_R","Strike_R","Strike_R","Strike_R","Strike_R","Defend_R","Defend_R","Defend_R","Defend_R","Bash","Offering","Flex+1","Shockwave+1","Limit Break","Disarm+1","Pummel+1"],"relics":["Burning Blood","Golden Idol","Paper Frog","Omamori"],"acts_visited":["Exordium"],"potions_floor_usage":[],"damage_taken":[{"damage":13,"enemies":"Jaw Worm","floor":1,"turns":3},{"damage":8,"enemies":"Small Slimes","floor":5,"turns":3},{"damage":40,"enemies":"Gremlin Nob","floor":8,"turns":4},{"damage":3,"enemies":"2 Louse","floor":10,"turns":3},{"damage":13,"enemies":"2 Fungi Beasts","floor":14,"turns":4},{"damage":51,"enemies":"The Guardian","floor":16,"turns":13}],"seed_played":"8068820008657721730","potions_obtained":[{"floor":5,"key":"FairyPotion"}],"is_trial":false,"path_per_floor":["M","?","?","?","M","R","?","E","T","M","R","$","R","M","R","B"],"character_chosen":"IRONCLAD","items_purchased":["Disarm"],"campfire_rested":0,"item_purchase_floors":[12],"current_hp_per_floor":[61,75,75,68,66,66,66,32,32,35,35,35,35,28,28,0,0],"gold":115,"neow_bonus":"ONE_RANDOM_RARE_CARD","is_daily":false,"chose_seed":false,"campfire_upgraded":4,"win_rate":0.0,"timestamp":1613599814,"path_taken":["M","?","?","?","M","R","?","E","T","M","R","$","R","M","R","BOSS"],"items_purchased_type":["Card"],"build_version":"2020-12-22","purchased_purges":0,"victory":false,"max_hp_per_floor":[75,75,75,68,68,68,68,68,68,68,68,68,68,68,68,68,68],"relic_stats":{"counters":[6,30],"Golden Idol":20,"obtain_stats":[{"Golden Idol":4,"Omamori":9,"Burning Blood":0,"Paper Frog":8},{"Golden Idol":1,"Omamori":3,"Burning Blood":0,"Paper Frog":3},{"Golden Idol":3,"Omamori":10,"Burning Blood":0,"Paper Frog":10}],"Burning Blood":30},"card_choices":[{"not_picked":["Wild Strike","Heavy Blade"],"picked":"Flex","floor":1},{"not_picked":["Thunderclap","Clash"],"picked":"Shockwave","floor":5},{"not_picked":["Evolve","Rupture"],"picked":"Limit Break","floor":8},{"not_picked":["Flex","Evolve","Headbutt"],"picked":"SKIP","floor":10},{"not_picked":["Dark Embrace","Whirlwind"],"picked":"Pummel","floor":14}],"player_experience":824775,"relics_obtained":[{"floor":8,"key":"Paper Frog"},{"floor":9,"key":"Omamori"}],"event_choices":[{"damage_healed":18,"gold_gain":0,"player_choice":"Healed","damage_taken":0,"max_hp_gain":0,"max_hp_loss":0,"event_name":"The Cleric","floor":2,"gold_loss":35},{"damage_healed":0,"gold_gain":0,"player_choice":"Ignored","damage_taken":0,"max_hp_gain":0,"max_hp_loss":0,"event_name":"Liars Game","floor":3,"gold_loss":0},{"damage_healed":0,"gold_gain":0,"player_choice":"Lose Max HP","damage_taken":0,"relics_obtained":["Golden Idol"],"max_hp_gain":0,"max_hp_loss":7,"event_name":"Golden Idol","floor":4,"gold_loss":0},{"damage_healed":0,"gold_gain":30,"player_choice":"Searched \u00271\u0027 times","damage_taken":0,"max_hp_gain":0,"max_hp_loss":0,"event_name":"Dead Adventurer","floor":7,"gold_loss":0}],"is_beta":false,"boss_relics":[],"items_purged_floors":[],"is_endless":false,"potions_floor_spawned":[5],"killed_by":"The Guardian","ascension_level":18}}