{"host":"fbdlh90rovbiajun","time":1613542722,"event":{"mods":["AchievementEnabler","BaseMod","Colored Map","Keyboard Shortcuts","Minty Spire (QoL Compilation)","SuperFastMode"],"gold_per_floor":[112,122,51,51,71,71,103,178,178,178,195,195,206,53,53,158,158,173,173,190,190,204,204,204,204],"floor_reached":24,"language":"KOR","playtime":565,"items_purged":["Defend_P"],"score":221,"play_id":"6a38e144-d884-421f-b77b-e01a47cb6e51","local_time":"20210217151842","is_ascension_mode":false,"campfire_choices":[{"data":"Adaptation","floor":6,"key":"SMITH"},{"data":"Eruption","floor":10,"key":"SMITH"},{"data":"Halt","floor":12,"key":"SMITH"},{"data":"FearNoEvil","floor":15,"key":"SMITH"},{"data":"TalkToTheHand","floor":23,"key":"SMITH"}],"circlet_count":0,"master_deck":["Strike_P","Strike_P","Strike_P","Strike_P","Defend_P+1","Defend_P","Eruption+1","Vigilance+1","TalkToTheHand+1","Adaptation+1","Halt+1","FlurryOfBlows","FearNoEvil+1","Scrawl","Ghostly","Ghostly","Ghostly","Ghostly","Ghostly"],"relics":["PureWater","NeowsBlessing","Meat on the Bone","War Paint","Busted Crown","Lantern"],"acts_visited":["Exordium","TheCity"],"potions_floor_usage":[],"damage_taken":[{"damage":0,"enemies":"Small Slimes","floor":1,"turns":2},{"damage":0,"enemies":"2 Louse","floor":2,"turns":1},{"damage":0,"enemies":"Jaw Worm","floor":5,"turns":1},{"damage":27,"enemies":"Gremlin Nob","floor":7,"turns":5},{"damage":0,"enemies":"Exordium Wildlife","floor":11,"turns":3},{"damage":12,"enemies":"Blue Slaver","floor":13,"turns":3},{"damage":14,"enemies":"Hexaghost","floor":16,"turns":6},{"damage":0,"enemies":"Shell Parasite","floor":18,"turns":3},{"damage":2,"enemies":"3 Byrds","floor":20,"turns":6},{"damage":13,"enemies":"Sentry and Sphere","floor":22,"turns":5},{"damage":22,"enemies":"Gremlin Leader","floor":24,"turns":1}],"seed_played":"-1562713470883142493","potions_obtained":[{"floor":1,"key":"LiquidBronze"},{"floor":2,"key":"Energy Potion"},{"floor":11,"key":"Swift Potion"}],"is_trial":false,"path_per_floor":["M","M","$","?","M","R","E","?","T","R","M","R","M","$","R","B",null,"M","?","M","T","M","R","E"],"character_chosen":"WATCHER","items_purchased":["Adaptation","FearNoEvil"],"campfire_rested":0,"item_purchase_floors":[3,14],"current_hp_per_floor":[72,72,72,65,65,65,38,27,27,27,39,39,39,39,39,37,72,72,36,34,34,21,21,0,0],"gold":204,"neow_bonus":"THREE_ENEMY_KILL","is_daily":false,"chose_seed":false,"campfire_upgraded":5,"win_rate":0.0,"timestamp":1613542722,"path_taken":["M","M","$","?","M","R","E","?","T","R","M","R","M","$","R","BOSS","M","?","M","?","M","R","E"],"items_purchased_type":["Card","Card"],"build_version":"2020-12-22","purchased_purges":1,"victory":false,"max_hp_per_floor":[72,72,72,72,72,72,72,72,72,72,72,72,72,72,72,72,72,72,36,36,36,36,36,36,36],"card_choices":[{"not_picked":["CarveReality","FlurryOfBlows"],"picked":"TalkToTheHand","floor":1},{"not_picked":["SashWhip","PathToVictory","CutThroughFate"],"picked":"SKIP","floor":2},{"not_picked":["FlyingSleeves","Consecrate"],"picked":"Halt","floor":5},{"not_picked":["WindmillStrike","LikeWater","Wallop"],"picked":"SKIP","floor":7},{"not_picked":["Evaluate","TalkToTheHand","Prostrate"],"picked":"SKIP","floor":11},{"not_picked":["Sanctity","Prostrate"],"picked":"FlurryOfBlows","floor":13},{"not_picked":["Establishment","Judgement"],"picked":"Scrawl","floor":16},{"not_picked":["Consecrate"],"picked":"SKIP","floor":18},{"not_picked":["ClearTheMind+1"],"picked":"SKIP","floor":20},{"not_picked":["Perseverance"],"picked":"SKIP","floor":22}],"player_experience":76353,"relics_obtained":[{"floor":7,"key":"Meat on the Bone"},{"floor":9,"key":"War Paint"},{"floor":21,"key":"Lantern"}],"event_choices":[{"cards_removed":["Defend_P"],"damage_healed":0,"gold_gain":0,"player_choice":"Card Removal","damage_taken":7,"max_hp_gain":0,"max_hp_loss":0,"event_name":"Golden Wing","floor":4,"gold_loss":0},{"damage_healed":0,"gold_gain":75,"player_choice":"Gather Gold","damage_taken":11,"max_hp_gain":0,"max_hp_loss":0,"event_name":"World of Goop","floor":8,"gold_loss":0},{"damage_healed":0,"gold_gain":0,"player_choice":"Became a Ghost","damage_taken":0,"max_hp_gain":0,"max_hp_loss":36,"event_name":"Ghosts","floor":19,"gold_loss":0,"cards_obtained":["Ghostly","Ghostly","Ghostly","Ghostly","Ghostly"]}],"is_beta":false,"boss_relics":[{"not_picked":["Fusion Hammer","Runic Dome"],"picked":"Busted Crown"}],"items_purged_floors":[14],"is_endless":false,"potions_floor_spawned":[1,2,11,18],"killed_by":"Gremlin Leader","ascension_level":0}}