{"host":"i45hfqkcke4zequp","time":1613574395,"event":{"mods":["AchievementEnabler","BaseMod","BetterRewards","Minty Spire (QoL Compilation)","Permanent Neow","Shop Mod","SuperFastMode"],"gold_per_floor":[117,51,67,67,67,102,102,67,67,67,87,120,42,58,58,58,58],"floor_reached":16,"language":"KOR","playtime":460,"items_purged":[],"score":261,"play_id":"2e2cb3ca-5203-47e6-876d-1893934d4758","local_time":"20210218000635","is_ascension_mode":true,"campfire_choices":[{"floor":15,"key":"REST"}],"circlet_count":0,"master_deck":["AscendersBane","Strike_B","Strike_B","Strike_B","Strike_B","Defend_B","Defend_B","Defend_B","Zap+1","Dualcast","Go for the Eyes","Scrape","Ball Lightning","Go for the Eyes","Turbo","Double Energy","Steam Power","Reprogram","Self Repair","BootSequence"],"relics":["Cracked Core","Girya","Juzu Bracelet","Sling","HornCleat","Omamori","Lantern","DataDisk"],"acts_visited":["Exordium"],"potions_floor_usage":[12],"damage_taken":[{"damage":6,"enemies":"2 Louse","floor":1,"turns":3},{"damage":0,"enemies":"Cultist","floor":3,"turns":3},{"damage":17,"enemies":"Gremlin Nob","floor":6,"turns":4},{"damage":4,"enemies":"Jaw Worm","floor":11,"turns":2},{"damage":16,"enemies":"3 Sentries","floor":12,"turns":6},{"damage":8,"enemies":"Gremlin Gang","floor":14,"turns":4},{"damage":0,"enemies":"Hexaghost","floor":16,"turns":1}],"seed_played":"596034978663168242","potions_obtained":[{"floor":6,"key":"FocusPotion"},{"floor":14,"key":"Strength Potion"}],"is_trial":false,"path_per_floor":["M","?","M","$","?","E","?","?","T","?","M","E","$","M","R","B"],"character_chosen":"DEFECT","items_purchased":["Juzu Bracelet","Go for the Eyes","Scrape","Sling","Self Repair"],"campfire_rested":1,"item_purchase_floors":[0,0,0,0,13],"current_hp_per_floor":[38,38,38,38,38,21,21,39,39,39,35,19,19,11,33,33,33],"gold":58,"neow_bonus":"","is_daily":false,"chose_seed":false,"campfire_upgraded":0,"win_rate":0.0,"timestamp":1613574395,"path_taken":["M","?","M","$","?","E","?","?","T","?","M","E","$","M","R","BOSS"],"items_purchased_type":["Relic","Card","Card","Relic","Card"],"build_version":"2020-12-22","purchased_purges":0,"victory":false,"max_hp_per_floor":[75,75,75,75,75,75,75,75,75,75,75,75,75,75,75,75,75],"card_choices":[{"not_picked":["Rebound","Coolheaded"],"picked":"Ball Lightning","floor":1},{"not_picked":["Skim","Barrage"],"picked":"Go for the Eyes","floor":3},{"not_picked":["Cold Snap","Fission"],"picked":"Turbo","floor":6},{"not_picked":["Compile Driver","Barrage"],"picked":"Steam Power","floor":11},{"not_picked":["Steam Power","Cold Snap"],"picked":"Reprogram","floor":12},{"not_picked":["Consume","Blizzard"],"picked":"BootSequence","floor":14}],"player_experience":552812,"relics_obtained":[{"floor":6,"key":"Omamori"},{"floor":9,"key":"Lantern"},{"floor":12,"key":"DataDisk"}],"event_choices":[{"damage_healed":0,"gold_gain":0,"player_choice":"Paid Gold","damage_taken":0,"relics_obtained":["HornCleat"],"max_hp_gain":0,"max_hp_loss":0,"event_name":"WeMeetAgain","floor":2,"gold_loss":66},{"damage_healed":0,"gold_gain":0,"player_choice":"Ignored","damage_taken":0,"max_hp_gain":0,"max_hp_loss":0,"event_name":"Golden Wing","floor":5,"gold_loss":0},{"damage_healed":0,"gold_gain":0,"player_choice":"Upgraded","damage_taken":0,"max_hp_gain":0,"max_hp_loss":0,"event_name":"Upgrade Shrine","floor":7,"gold_loss":0,"cards_upgraded":["Zap"]},{"damage_healed":18,"gold_gain":0,"player_choice":"Healed","damage_taken":0,"max_hp_gain":0,"max_hp_loss":0,"event_name":"The Cleric","floor":8,"gold_loss":35},{"damage_healed":0,"gold_gain":0,"cards_transformed":["Defend_B"],"player_choice":"Transformed","damage_taken":0,"max_hp_gain":0,"max_hp_loss":0,"event_name":"Transmorgrifier","floor":10,"gold_loss":0,"cards_obtained":["Double Energy"]}],"is_beta":false,"boss_relics":[],"items_purged_floors":[],"is_endless":false,"potions_floor_spawned":[6,14],"killed_by":"Hexaghost","ascension_level":13}}