{"host":"mmqs5ul2bvb60kyc","time":1613523612,"event":{"mods":["AchievementEnabler","Act Like it!","BaseMod","Colored Map","Colored Powertips","Minty Spire (QoL Compilation)","Quick Restart","StSLib"],"gold_per_floor":[11,24,24,36,36,36,72,147,199,219,219,4,79,102,102,198,198,216,237,237,262,277,277,320,320,320,345,345,175,218,237,237,333,333,356,425,425,194,218,253,253,284,284,305,318,353,378,2,2,2,2,2,2,37,37],"floor_reached":56,"language":"ZHS","playtime":2629,"items_purged":["Strike_R","Bash","Dual Wield"],"score":2643,"play_id":"ce4cd346-6a83-44a3-90f1-38f29ff136a3","local_time":"20210217090012","is_ascension_mode":true,"campfire_choices":[{"data":"Armaments","floor":6.0,"key":"SMITH"},{"floor":11.0,"key":"REST"},{"data":"Dark Embrace","floor":15.0,"key":"SMITH"},{"data":"Feel No Pain","floor":23.0,"key":"SMITH"},{"floor":25.0,"key":"REST"},{"data":"Barricade","floor":32.0,"key":"SMITH"},{"data":"Feel No Pain","floor":41.0,"key":"SMITH"},{"floor":49,"key":"RECALL"},{"data":"Second Wind","floor":52,"key":"SMITH"}],"circlet_count":0,"master_deck":["AscendersBane","Body Slam+1","Armaments+1","Second Wind+1","Feel No Pain+1","Dark Embrace+1","Barricade+1","Shrug It Off","True Grit+1","Reckless Charge","Power Through","Feel No Pain+1","Impervious","Shrug It Off","Battle Trance","Barricade+1","Pummel","Carnage","Infernal Blade","Bloodletting+1","Burning Pact","Feel No Pain+1","Corruption+1"],"relics":["Burning Blood","Incense Burner","Golden Idol","Regal Pillow","Vajra","Membership Card","Runic Pyramid","Bag of Marbles","The Courier","Gremlin Horn","PreservedInsect","Frozen Egg 2","Pandora\u0027s Box","FossilizedHelix","Centennial Puzzle","Pocketwatch","StoneCalendar","Bronze Scales","Juzu Bracelet","Dead Branch","Anchor","Calipers","Strawberry"],"acts_visited":["Exordium","TheCity","TheBeyond","TheEnding"],"potions_floor_usage":[],"damage_taken":[{"damage":11.0,"enemies":"Cultist","floor":1.0,"turns":4.0},{"damage":11.0,"enemies":"2 Louse","floor":2.0,"turns":4.0},{"damage":9.0,"enemies":"Small Slimes","floor":4.0,"turns":4.0},{"damage":31.0,"enemies":"Lagavulin","floor":7.0,"turns":8.0},{"damage":6.0,"enemies":"Looter","floor":10.0,"turns":3.0},{"damage":10.0,"enemies":"Large Slime","floor":14.0,"turns":9.0},{"damage":43.0,"enemies":"The Guardian","floor":16.0,"turns":15.0},{"damage":19.0,"enemies":"2 Thieves","floor":18.0,"turns":4.0},{"damage":17.0,"enemies":"3 Byrds","floor":19.0,"turns":7.0},{"damage":6.0,"enemies":"Snake Plant","floor":22.0,"turns":6.0},{"damage":17.0,"enemies":"Book of Stabbing","floor":24.0,"turns":7.0},{"damage":0.0,"enemies":"Sentry and Sphere","floor":27.0,"turns":6.0},{"damage":16.0,"enemies":"Slavers","floor":30.0,"turns":7.0},{"damage":0.0,"enemies":"Snecko","floor":31.0,"turns":7.0},{"damage":0.0,"enemies":"Automaton","floor":33.0,"turns":6.0},{"damage":15.0,"enemies":"3 Darklings","floor":35.0,"turns":5.0},{"damage":28.0,"enemies":"2 Orb Walkers","floor":36.0,"turns":6.0},{"damage":3.0,"enemies":"3 Shapes","floor":39.0,"turns":5.0},{"damage":6.0,"enemies":"Giant Head","floor":40.0,"turns":5.0},{"damage":0.0,"enemies":"Mind Bloom Boss Battle","floor":42.0,"turns":5.0},{"damage":1.0,"enemies":"Sphere and 2 Shapes","floor":44.0,"turns":4.0},{"damage":14.0,"enemies":"4 Shapes","floor":45.0,"turns":3.0},{"damage":0.0,"enemies":"Reptomancer","floor":46.0,"turns":3.0},{"damage":3,"enemies":"Writhing Mass","floor":47,"turns":3},{"damage":9,"enemies":"Awakened One","floor":50,"turns":8},{"damage":0,"enemies":"Shield and Spear","floor":54,"turns":3},{"damage":17,"enemies":"The Heart","floor":55,"turns":7}],"seed_played":"8969468921560654551","potions_obtained":[{"floor":4.0,"key":"EntropicBrew"},{"floor":7.0,"key":"SkillPotion"},{"floor":16.0,"key":"Swift Potion"},{"floor":19.0,"key":"ElixirPotion"},{"floor":24.0,"key":"Dexterity Potion"},{"floor":30.0,"key":"Weak Potion"},{"floor":36.0,"key":"Energy Potion"}],"is_trial":false,"path_per_floor":["M","M","?","M","?","R","E","?","T","M","R","$","T","M","R","B",null,"M","M","?","T","M","R","E","R","T","M","?","$","E","M","R","B",null,"M","?","?","$","M","E","R","?","T","M","M","E","M","$","R","B",null,"R","$","E","B",null],"character_chosen":"IRONCLAD","items_purchased":["Membership Card","Dark Embrace","PreservedInsect","Power Through","Feel No Pain","Burning Pact","Feel No Pain+1","Centennial Puzzle","FairyPotion","Dead Branch","Anchor","Calipers"],"campfire_rested":2,"item_purchase_floors":[12,12,29,29,29,38,38,38,38,48,48,48],"current_hp_per_floor":[63,58,58,55,55,55,30,19,19,19,54,54,54,50,50,13,54,41,30,30,30,30,30,19,54,54,60,60,60,50,56,56,62,67,58,36,36,36,39,39,39,45,45,50,42,48,51,51,51,48,63,63,63,75,64],"gold":37,"neow_bonus":"ONE_RARE_RELIC","is_daily":false,"chose_seed":false,"campfire_upgraded":6,"win_rate":0.0,"timestamp":1613523612,"path_taken":["M","?","?","?","?","R","E","?","T","M","R","$","?","M","R","BOSS","M","M","?","?","M","R","E","R","T","?","?","$","E","M","R","BOSS","M","?","?","$","M","E","R","?","T","?","M","E","M","$","R","BOSS","R","$","E","BOSS"],"items_purchased_type":["Relic","Card","Relic","Card","Card","Card","Card","Relic","Potion","Relic","Relic","Relic"],"build_version":"2020-12-22","purchased_purges":3,"victory":true,"max_hp_per_floor":[75,75,75,75,68,68,68,68,68,68,68,68,68,68,68,68,68,68,68,68,68,68,68,68,68,68,68,68,68,68,68,68,68,68,68,68,68,68,68,68,68,68,68,68,68,68,68,68,68,68,68,68,68,75,75],"card_choices":[{"not_picked":["Warcry","Rampage"],"picked":"Body Slam","floor":1.0},{"not_picked":["Havoc","Entrench","True Grit"],"picked":"SKIP","floor":2.0},{"not_picked":["Iron Wave","Anger"],"picked":"Armaments","floor":4.0},{"not_picked":["Rupture","Brutality"],"picked":"Second Wind","floor":7.0},{"not_picked":["Sever Soul","Warcry"],"picked":"Feel No Pain","floor":10.0},{"not_picked":["Dual Wield","Wild Strike","Entrench"],"picked":"SKIP","floor":14.0},{"not_picked":["Limit Break","Reaper"],"picked":"Barricade","floor":16.0},{"not_picked":["Thunderclap","Clash"],"picked":"Shrug It Off","floor":18.0},{"not_picked":["Perfected Strike","Havoc"],"picked":"True Grit+1","floor":19.0},{"not_picked":["Second Wind","Heavy Blade","Rampage"],"picked":"SKIP","floor":22.0},{"not_picked":["Dark Embrace","Iron Wave","Flex"],"picked":"SKIP","floor":24.0},{"not_picked":["Reaper","Flex"],"picked":"Reckless Charge","floor":27.0},{"not_picked":["Clash","Shrug It Off","Heavy Blade"],"picked":"SKIP","floor":30.0},{"not_picked":["True Grit","Perfected Strike","Dropkick"],"picked":"SKIP","floor":31.0},{"not_picked":["Bludgeon","Immolate"],"picked":"Impervious","floor":33.0},{"not_picked":["Armaments","Headbutt+1","Body Slam"],"picked":"SKIP","floor":35.0},{"not_picked":["Flex","Perfected Strike+1"],"picked":"Bloodletting+1","floor":36.0},{"not_picked":["Body Slam","Havoc","Cleave+1"],"picked":"SKIP","floor":39.0},{"not_picked":["Flame Barrier","Perfected Strike","Havoc+1"],"picked":"SKIP","floor":40.0},{"not_picked":["Flame Barrier","Perfected Strike","Havoc+1"],"picked":"SKIP","floor":40.0},{"not_picked":["Twin Strike","Feel No Pain+1"],"picked":"Corruption+1","floor":44.0},{"not_picked":["Blood for Blood","Combust+1","Thunderclap"],"picked":"SKIP","floor":45.0},{"not_picked":["Cleave+1","Clash","Headbutt+1"],"picked":"SKIP","floor":46.0},{"not_picked":["Body Slam+1","Anger","Flame Barrier"],"picked":"SKIP","floor":47},{"not_picked":["Iron Wave","Flex","Metallicize+1"],"picked":"SKIP","floor":54}],"player_experience":369412,"relics_obtained":[{"floor":7.0,"key":"Regal Pillow"},{"floor":9.0,"key":"Vajra"},{"floor":21.0,"key":"Bag of Marbles"},{"floor":24.0,"key":"The Courier"},{"floor":26.0,"key":"Gremlin Horn"},{"floor":30.0,"key":"Frozen Egg 2"},{"floor":36.0,"key":"FossilizedHelix"},{"floor":40.0,"key":"Pocketwatch"},{"floor":42.0,"key":"StoneCalendar"},{"floor":43.0,"key":"Bronze Scales"},{"floor":46.0,"key":"Juzu Bracelet"},{"floor":54,"key":"Strawberry"}],"event_choices":[{"damage_healed":0.0,"max_hp_gain":0.0,"max_hp_loss":0.0,"gold_gain":0.0,"event_name":"Upgrade Shrine","player_choice":"Upgraded","floor":3.0,"gold_loss":0.0,"damage_taken":0.0,"cards_upgraded":["Body Slam"]},{"damage_healed":0.0,"max_hp_gain":0.0,"max_hp_loss":7.0,"gold_gain":0.0,"event_name":"Golden Idol","player_choice":"Lose Max HP","floor":5.0,"gold_loss":0.0,"damage_taken":0.0,"relics_obtained":["Golden Idol"]},{"damage_healed":0.0,"max_hp_gain":0.0,"max_hp_loss":0.0,"gold_gain":75.0,"event_name":"World of Goop","player_choice":"Gather Gold","floor":8.0,"gold_loss":0.0,"damage_taken":11.0},{"damage_healed":0.0,"max_hp_gain":0.0,"max_hp_loss":0.0,"gold_gain":0.0,"event_name":"Vampires","player_choice":"Ignored","floor":20.0,"gold_loss":0.0,"damage_taken":0.0},{"cards_removed":["Strike_R"],"damage_healed":0.0,"max_hp_gain":0.0,"max_hp_loss":0.0,"gold_gain":0.0,"event_name":"Back to Basics","player_choice":"Elegance","floor":28.0,"gold_loss":0.0,"damage_taken":0.0},{"damage_healed":0.0,"max_hp_gain":0.0,"max_hp_loss":0.0,"gold_gain":0.0,"event_name":"Mysterious Sphere","player_choice":"Fight","floor":36.0,"gold_loss":0.0,"damage_taken":0.0},{"damage_healed":0.0,"max_hp_gain":0.0,"max_hp_loss":0.0,"gold_gain":0.0,"event_name":"Tomb of Lord Red Mask","player_choice":"Ignored","floor":37.0,"gold_loss":0.0,"damage_taken":0.0},{"damage_healed":0.0,"max_hp_gain":0.0,"max_hp_loss":0.0,"gold_gain":0.0,"event_name":"MindBloom","player_choice":"Fight","floor":42.0,"gold_loss":0.0,"damage_taken":0.0}],"is_beta":false,"boss_relics":[{"not_picked":["SlaversCollar","Empty Cage"],"picked":"Runic Pyramid"},{"not_picked":["Fusion Hammer","Runic Dome"],"picked":"Pandora\u0027s Box"}],"items_purged_floors":[29,38,48],"is_endless":false,"potions_floor_spawned":[4,7,16,19,24,30,35,36,40,42,54],"ascension_level":18}}