{"host":"pj05r22d3fegil3v","time":1613554043,"event":{"mods":["BaseMod","Better Altar","Better Match","Better Note","Better Sensory Stone","Better Skull","Better Third Choice","BetterRewards","Card Filter","Colored Powertips","Curses Come First","Custom Start","DeckTracker","Displayed Cursed Tome","Evolution","Minty Spire (QoL Compilation)","Quick Restart","Rare Cards Sparkle","Relic Filter Mod","Smile Girya","StSLib","Weighted Paths","everything is the same but u backflip on backflip","slay the spire mod where everything is the same but ironclad has a cowboy hat"],"gold_per_floor":[112,122,141,141,157,191,191,191,217,217,240,271,48,48,48,171,171,187,203,203,203,203,203,237,237,237,272,272,272,295,315,315,436,436,452,473,398,398,93,126,149,482,482,482,498,188,208,241,241,241,241],"floor_reached":50,"language":"ENG","playtime":1975,"items_purged":[],"score":728,"play_id":"469fd659-8a27-458b-ac39-832646f3335e","local_time":"20210217042723","is_ascension_mode":true,"campfire_choices":[{"data":"Mayhem","floor":10,"key":"SMITH"},{"data":"Inflame","floor":15,"key":"SMITH"},{"data":"Limit Break","floor":23,"key":"SMITH"},{"data":"Mayhem","floor":25,"key":"SMITH"},{"data":"Mayhem","floor":28,"key":"SMITH"},{"data":"Mayhem","floor":32,"key":"SMITH"},{"data":"Apotheosis","floor":44,"key":"SMITH"},{"data":"Limit Break","floor":49,"key":"SMITH"}],"circlet_count":0,"master_deck":["Mayhem+1","Mayhem+1","Mayhem+1","Mayhem+1","Mayhem","Shrug It Off","Shrug It Off+1","Shrug It Off","Shrug It Off","Shrug It Off","Perfected Strike","Pommel Strike+1","Twin Strike","Twin Strike","Perfected Strike","Pommel Strike+1","Inflame+1","Limit Break+1","Perfected Strike+1","Footwork+1","Twin Strike","Apotheosis+1","Twin Strike","Berserk","Limit Break+1","Limit Break"],"relics":["Black Blood","EVO:Axolotl","Juzu Bracelet","Bag of Preparation","Blood Vial","Vajra","Ancient Tea Set","Pantograph","Mummified Hand","Coffee Dripper","Happy Flower","Whetstone","Ornamental Fan","Brimstone","Dream Catcher"],"acts_visited":["Exordium","TheCity","TheBeyond"],"potions_floor_usage":[24,24,24],"damage_taken":[{"damage":11.0,"enemies":"2 Louse","floor":1.0,"turns":4.0},{"damage":0.0,"enemies":"Small Slimes","floor":2.0,"turns":5.0},{"damage":1.0,"enemies":"Cultist","floor":3.0,"turns":4.0},{"damage":4.0,"enemies":"Blue Slaver","floor":5.0,"turns":5.0},{"damage":5.0,"enemies":"3 Sentries","floor":6.0,"turns":7.0},{"damage":4,"enemies":"Looter","floor":11,"turns":4},{"damage":0,"enemies":"Lagavulin","floor":12,"turns":6},{"damage":11,"enemies":"Slime Boss","floor":16,"turns":6},{"damage":10,"enemies":"Spheric Guardian","floor":18,"turns":4},{"damage":2,"enemies":"Shell Parasite","floor":19,"turns":5},{"damage":41,"enemies":"Gremlin Leader","floor":24,"turns":7},{"damage":35,"enemies":"Slavers","floor":27,"turns":7},{"damage":4,"enemies":"Centurion and Healer","floor":30,"turns":3},{"damage":10,"enemies":"Cultist and Chosen","floor":31,"turns":3},{"damage":4,"enemies":"Automaton","floor":33,"turns":5},{"damage":10,"enemies":"Orb Walker","floor":35,"turns":3},{"damage":8,"enemies":"3 Darklings","floor":36,"turns":4},{"damage":1,"enemies":"Reptomancer","floor":40,"turns":4},{"damage":1,"enemies":"Sphere and 2 Shapes","floor":41,"turns":4},{"damage":0,"enemies":"Maw","floor":45,"turns":3},{"damage":0,"enemies":"Spire Growth","floor":47,"turns":3},{"damage":0,"enemies":"Giant Head","floor":48,"turns":3},{"damage":86,"enemies":"Time Eater","floor":50,"turns":3}],"seed_played":"591110847186895183","potions_obtained":[{"floor":1.0,"key":"Dexterity Potion"},{"floor":3.0,"key":"SkillPotion"},{"floor":5.0,"key":"Regen Potion"},{"floor":6.0,"key":"PowerPotion"},{"floor":30,"key":"SkillPotion"},{"floor":31,"key":"SteroidPotion"},{"floor":33,"key":"Energy Potion"},{"floor":41,"key":"DuplicationPotion"}],"is_trial":true,"path_per_floor":["M","M","M","?","M","E","?","?","T","R","M","E","$","?","R","B",null,"M","M","$","?","?","R","E","R","T","E","R","?","M","M","R","B",null,"M","M","?","?","$","E","M","?","T","R","M","$","M","E","R","B"],"character_chosen":"IRONCLAD","items_purchased":["Inflame","Vajra","Apotheosis","Happy Flower","Brimstone","Berserk"],"campfire_rested":0,"item_purchase_floors":[13,13,39,39,46,46],"current_hp_per_floor":[75,80,80,60,62,63,63,63,63,63,65,71,71,55,55,52,80,80,80,80,80,80,80,63,63,63,42,42,42,52,56,56,80,80,80,80,80,80,80,80,80,80,80,80,80,80,80,80,80,0,0],"gold":241,"neow_bonus":"","is_daily":false,"chose_seed":false,"campfire_upgraded":8,"win_rate":0.0,"timestamp":1613554043,"path_taken":["M","M","M","?","M","E","?","?","T","R","M","E","$","?","R","BOSS","M","M","$","?","?","R","E","R","T","E","R","?","M","M","R","BOSS","M","M","?","?","$","E","M","?","T","R","M","$","M","E","R","BOSS"],"items_purchased_type":["Card","Relic","Card","Relic","Relic","Card"],"build_version":"2020-12-22","purchased_purges":0,"victory":false,"max_hp_per_floor":[80,80,80,80,80,80,80,80,80,80,80,80,80,80,80,80,80,80,80,80,80,80,80,80,80,80,80,80,80,80,80,80,80,80,80,80,80,80,80,80,80,80,80,80,80,80,80,80,80,80,80],"card_choices":[{"not_picked":["Feel No Pain","Searing Blow","Sword Boomerang"],"picked":"SKIP","floor":1.0},{"not_picked":["Heavy Blade","Pummel"],"picked":"Perfected Strike","floor":2.0},{"not_picked":["Fire Breathing","Clash","Seeing Red"],"picked":"SKIP","floor":3.0},{"not_picked":["Sentinel","Havoc"],"picked":"Perfected Strike","floor":5.0},{"not_picked":["Dark Embrace","Heavy Blade","Ghostly Armor"],"picked":"SKIP","floor":6.0},{"not_picked":["Havoc","Headbutt","Second Wind"],"picked":"SKIP","floor":11},{"not_picked":["Twin Strike","Havoc"],"picked":"Pommel Strike","floor":12},{"not_picked":["Barricade","Juggernaut"],"picked":"Limit Break","floor":16},{"not_picked":["Shrug It Off","Thunderclap"],"picked":"Perfected Strike","floor":18},{"not_picked":["Headbutt","Fire Breathing","Battle Trance"],"picked":"SKIP","floor":19},{"not_picked":["Battle Trance","Clash","Thunderclap"],"picked":"SKIP","floor":24},{"not_picked":["Second Wind","Flex+1","Blood for Blood"],"picked":"SKIP","floor":27},{"not_picked":["Searing Blow","Entrench","Sword Boomerang+1"],"picked":"SKIP","floor":30},{"not_picked":["Searing Blow","Havoc+1"],"picked":"Twin Strike","floor":31},{"not_picked":["Clash+1","Second Wind+1","Warcry+1"],"picked":"SKIP","floor":35},{"not_picked":["Shrug It Off","Ghostly Armor+1","Anger+1"],"picked":"SKIP","floor":36},{"not_picked":["Evolve","Flex+1","Thunderclap"],"picked":"SKIP","floor":40},{"not_picked":["Shrug It Off+1","Rampage","True Grit+1"],"picked":"SKIP","floor":41},{"not_picked":["Rampage+1","Blood for Blood+1"],"picked":"Twin Strike","floor":45},{"not_picked":["Flex","Fire Breathing","Limit Break"],"picked":"SKIP","floor":47},{"not_picked":["Flex","Fire Breathing"],"picked":"Limit Break","floor":47},{"not_picked":["Warcry","Shrug It Off"],"picked":"Limit Break","floor":48}],"player_experience":145858,"relics_obtained":[{"floor":6.0,"key":"Juzu Bracelet"},{"floor":9,"key":"Bag of Preparation"},{"floor":12,"key":"Blood Vial"},{"floor":24,"key":"Ancient Tea Set"},{"floor":26,"key":"Pantograph"},{"floor":27,"key":"Mummified Hand"},{"floor":40,"key":"Whetstone"},{"floor":43,"key":"Ornamental Fan"},{"floor":48,"key":"Dream Catcher"}],"event_choices":[{"damage_healed":0.0,"max_hp_gain":0.0,"max_hp_loss":0.0,"gold_gain":0.0,"event_name":"Golden Idol","player_choice":"Take Damage","floor":4.0,"gold_loss":0.0,"damage_taken":20.0,"relics_obtained":["Golden Idol"]},{"damage_healed":0,"gold_gain":0,"player_choice":"Ignored","damage_taken":0,"max_hp_gain":0,"max_hp_loss":0,"event_name":"Golden Wing","floor":7,"gold_loss":0},{"damage_healed":0,"gold_gain":1,"player_choice":"1","damage_taken":0,"max_hp_gain":0,"max_hp_loss":0,"event_name":"betterStone:BetterStone","floor":8,"gold_loss":0},{"damage_healed":71,"gold_gain":0,"player_choice":"Upgrade","damage_taken":16,"max_hp_gain":0,"max_hp_loss":80,"event_name":"betterThird:BetterShining","floor":14,"gold_loss":0,"cards_upgraded":["Shrug It Off","Pommel Strike"]},{"damage_healed":0,"gold_gain":0,"player_choice":"Bought 0 Potions","damage_taken":0,"max_hp_gain":0,"max_hp_loss":0,"event_name":"The Woman in Blue","floor":21,"gold_loss":0},{"cards_removed":["Pommel Strike"],"damage_healed":5,"gold_gain":0,"player_choice":"Offered Common","damage_taken":0,"max_hp_gain":0,"max_hp_loss":0,"event_name":"Bonfire Elementals","floor":22,"gold_loss":0},{"cards_removed":["Pommel Strike"],"damage_healed":5,"gold_gain":0,"player_choice":"Offered Special","damage_taken":0,"max_hp_gain":0,"max_hp_loss":0,"event_name":"Bonfire Elementals","floor":22,"gold_loss":0},{"cards_removed":["Mayhem"],"damage_healed":0,"gold_gain":0,"player_choice":"Take \u0026 Give","damage_taken":0,"max_hp_gain":0,"max_hp_loss":0,"event_name":"betterNote:BetterNote","floor":29,"gold_loss":0,"cards_obtained":["Footwork"]},{"damage_healed":0,"gold_gain":0,"player_choice":"1","damage_taken":0,"max_hp_gain":0,"max_hp_loss":0,"event_name":"betterMatch:BetterMatch","floor":37,"gold_loss":0,"cards_obtained":["betterMatch:ColorlessUncommonCard","betterMatch:RareCard"]},{"cards_removed":["Perfected Strike"],"damage_healed":0,"gold_gain":0,"player_choice":"Removed Attack","damage_taken":0,"max_hp_gain":0,"max_hp_loss":0,"event_name":"Falling","floor":38,"gold_loss":0},{"damage_healed":0,"gold_gain":333,"player_choice":"Gave Idol","damage_taken":0,"max_hp_gain":0,"max_hp_loss":0,"event_name":"The Moai Head","floor":42,"relics_lost":["Golden Idol"],"gold_loss":0}],"is_beta":false,"boss_relics":[{"not_picked":["Astrolabe","Cursed Key"],"picked":"Black Blood"},{"not_picked":["Busted Crown","Runic Cube"],"picked":"Coffee Dripper"}],"items_purged_floors":[],"is_endless":false,"potions_floor_spawned":[1,3,5,6,30,31,33,36,41,45],"killed_by":"Time Eater","ascension_level":1}}