{"host":"z37g2hkgkh2zjyzk","time":1613604575,"event":{"mods":["2.2 Compatiblity","AchievementEnabler","BaseMod","Bestiary","Colored Map","Colored Powertips","Curses Come First","Keyboard Shortcuts","Minty Spire (QoL Compilation)","Relic Stats","StSLib","SuperFastMode"],"gold_per_floor":[116,127,139,154,329,329,360,373,373,373,373,383,402,429,429,429,429],"floor_reached":16,"language":"ENG","playtime":1014,"items_purged":[],"score":125,"play_id":"b9a69f56-3e57-4b37-8e5e-e33c1e251f93","local_time":"20210218002935","is_ascension_mode":true,"campfire_choices":[{"data":"Corpse Explosion","floor":6,"key":"SMITH"},{"data":"Dodge and Roll","floor":11,"key":"SMITH"},{"floor":15,"key":"REST"}],"circlet_count":0,"master_deck":["Strike_G","Strike_G","Strike_G","Strike_G","Strike_G","Defend_G","Defend_G","Defend_G","Defend_G","Survivor","Neutralize","Dodge and Roll+1","Corpse Explosion+1","Dodge and Roll","Quick Slash","Backflip","Backflip","Deadly Poison","Outmaneuver","Deflect"],"relics":["Ring of the Snake","Oddly Smooth Stone","Thread and Needle","Darkstone Periapt"],"acts_visited":["Exordium"],"potions_floor_usage":[14,14,16,16],"damage_taken":[{"damage":0,"enemies":"Small Slimes","floor":1,"turns":4},{"damage":0,"enemies":"Cultist","floor":2,"turns":3},{"damage":3,"enemies":"Jaw Worm","floor":3,"turns":4},{"damage":6,"enemies":"2 Fungi Beasts","floor":4,"turns":4},{"damage":10,"enemies":"3 Sentries","floor":7,"turns":6},{"damage":4,"enemies":"Exordium Wildlife","floor":8,"turns":2},{"damage":9,"enemies":"Exordium Thugs","floor":12,"turns":4},{"damage":0,"enemies":"3 Louse","floor":13,"turns":2},{"damage":9,"enemies":"Gremlin Nob","floor":14,"turns":4},{"damage":68,"enemies":"Slime Boss","floor":16,"turns":11}],"seed_played":"-8155966413474098333","potions_obtained":[{"floor":4,"key":"Block Potion"},{"floor":12,"key":"SkillPotion"},{"floor":13,"key":"Regen Potion"},{"floor":14,"key":"Block Potion"}],"is_trial":false,"path_per_floor":["M","M","M","M","?","R","E","M","T","?","R","M","M","E","R","B"],"character_chosen":"THE_SILENT","items_purchased":[],"campfire_rested":1,"item_purchase_floors":[],"current_hp_per_floor":[70,70,67,61,61,61,51,47,47,47,47,38,38,29,50,0,0],"gold":429,"neow_bonus":"REMOVE_CARD","is_daily":false,"chose_seed":false,"campfire_upgraded":2,"win_rate":0.0,"timestamp":1613604575,"path_taken":["M","M","M","M","?","R","E","M","T","?","R","M","M","E","R","BOSS"],"items_purchased_type":[],"build_version":"2020-12-22","purchased_purges":0,"victory":false,"max_hp_per_floor":[70,70,70,70,70,70,70,70,70,70,70,70,70,70,70,70,70],"relic_stats":{"Darkstone Periapt":0,"counters":[10,44],"obtain_stats":[{"Darkstone Periapt":14,"Oddly Smooth Stone":7,"Thread and Needle":9,"Ring of the Snake":0},{"Darkstone Periapt":9,"Oddly Smooth Stone":5,"Thread and Needle":6,"Ring of the Snake":0},{"Darkstone Periapt":33,"Oddly Smooth Stone":21,"Thread and Needle":23,"Ring of the Snake":0}],"Ring of the Snake":[20]},"card_choices":[{"not_picked":["Slice","Dagger Throw"],"picked":"Dodge and Roll","floor":1},{"not_picked":["Acrobatics","Tactician"],"picked":"Corpse Explosion","floor":2},{"not_picked":["Distraction","Expertise"],"picked":"Dodge and Roll","floor":3},{"not_picked":["Blade Dance","Bouncing Flask"],"picked":"Quick Slash","floor":4},{"not_picked":["Dagger Spray","Choke"],"picked":"Backflip","floor":7},{"not_picked":["Sucker Punch","Acrobatics"],"picked":"Backflip","floor":8},{"not_picked":["Bouncing Flask","Glass Knife"],"picked":"Deadly Poison","floor":12},{"not_picked":["Deflect","Sucker Punch"],"picked":"Outmaneuver","floor":13},{"not_picked":["Flechettes","Distraction"],"picked":"Deflect","floor":14}],"player_experience":81086,"relics_obtained":[{"floor":7,"key":"Oddly Smooth Stone"},{"floor":9,"key":"Thread and Needle"},{"floor":14,"key":"Darkstone Periapt"}],"event_choices":[{"damage_healed":0,"gold_gain":175,"player_choice":"AGREE","damage_taken":0,"max_hp_gain":0,"max_hp_loss":0,"event_name":"Liars Game","floor":5,"gold_loss":0,"cards_obtained":["Doubt"]},{"cards_removed":["Doubt"],"damage_healed":0,"gold_gain":0,"player_choice":"Removed Curses","damage_taken":0,"max_hp_gain":0,"max_hp_loss":0,"event_name":"Fountain of Cleansing","floor":10,"gold_loss":0}],"is_beta":false,"boss_relics":[],"items_purged_floors":[],"is_endless":false,"potions_floor_spawned":[4,12,13,14],"killed_by":"Slime Boss","ascension_level":2}}