{"host":"o7j6aatxjwpw1421","time":1613577228,"event":{"mods":["2.2 Compatiblity","AchievementEnabler","BaseMod","Colored Map","DeckTracker","Highlight Path","Keyboard Shortcuts","Minty Spire (QoL Compilation)","Permanent Neow","Quick Restart","StSLib","SuperFastMode","everything is the same but u backflip on backflip"],"gold_per_floor":[117,130,305,321,246,280,290,300,324,324,74,88,106,122,122,225,225,235,63,76,151,151,151,151],"floor_reached":23,"language":"KOR","playtime":728,"items_purged":["Doubt","Strike_R","Strike_R"],"score":197,"play_id":"6e705380-ac1f-41dc-957c-fcf2a5d33492","local_time":"20210218005348","is_ascension_mode":false,"campfire_choices":[{"data":"Bash","floor":15.0,"key":"SMITH"}],"circlet_count":0,"master_deck":["Strike_R","Strike_R","Strike_R","Defend_R","Defend_R","Defend_R","Defend_R","Bash+1","Twin Strike","Clash","Pommel Strike+1","Headbutt","Shrug It Off","Iron Wave"],"relics":["Burning Blood","Lantern","Blue Candle","Potion Belt","Bag of Preparation","Black Star"],"acts_visited":["Exordium","TheCity"],"potions_floor_usage":[22],"damage_taken":[{"damage":5.0,"enemies":"Jaw Worm","floor":1.0,"turns":5.0},{"damage":2.0,"enemies":"2 Louse","floor":2.0,"turns":3.0},{"damage":6.0,"enemies":"Cultist","floor":4.0,"turns":3.0},{"damage":26.0,"enemies":"3 Sentries","floor":6.0,"turns":8.0},{"damage":13.0,"enemies":"Large Slime","floor":7.0,"turns":5.0},{"damage":4.0,"enemies":"3 Louse","floor":8.0,"turns":3.0},{"damage":0.0,"enemies":"Lots of Slimes","floor":12.0,"turns":3.0},{"damage":12.0,"enemies":"Exordium Wildlife","floor":13.0,"turns":4.0},{"damage":0.0,"enemies":"Red Slaver","floor":14.0,"turns":3.0},{"damage":22.0,"enemies":"Slime Boss","floor":16.0,"turns":9.0},{"damage":5.0,"enemies":"Chosen","floor":18.0,"turns":4.0},{"damage":10.0,"enemies":"3 Byrds","floor":20.0,"turns":6.0},{"damage":0,"enemies":"3 Cultists","floor":22,"turns":1},{"damage":0,"enemies":"Gremlin Leader","floor":23,"turns":1}],"seed_played":"5751959123346589301","potions_obtained":[{"floor":1.0,"key":"SpeedPotion"},{"floor":2.0,"key":"Dexterity Potion"},{"floor":4.0,"key":"Fruit Juice"},{"floor":13.0,"key":"Regen Potion"},{"floor":18.0,"key":"SmokeBomb"},{"floor":20.0,"key":"Explosive Potion"}],"is_trial":false,"path_per_floor":["M","M","?","M","$","E","M","M","T","?","$","M","M","M","R","B",null,"M","$","M","?","M","E"],"character_chosen":"IRONCLAD","items_purchased":["Bag of Preparation","Shrug It Off"],"campfire_rested":0,"item_purchase_floors":[11,19],"current_hp_per_floor":[80,80,80,85,85,65,58,60,60,60,60,66,60,66,66,50,85,85,85,81,73,79,79,79],"gold":151,"neow_bonus":"RANDOM_COMMON_RELIC","is_daily":false,"chose_seed":false,"campfire_upgraded":1,"win_rate":0.0,"timestamp":1613577228,"path_taken":["M","M","?","M","$","E","M","M","T","?","$","M","M","M","R","BOSS","M","$","M","?","M","E"],"items_purchased_type":["Relic","Card"],"build_version":"2020-12-22","purchased_purges":3,"victory":false,"max_hp_per_floor":[80,80,80,85,85,85,85,85,85,85,85,85,85,85,85,85,85,85,85,85,85,85,85,85],"card_choices":[{"not_picked":["Rupture","Pummel","Shockwave"],"picked":"SKIP","floor":1.0},{"not_picked":["Armaments","Battle Trance"],"picked":"Twin Strike","floor":2.0},{"not_picked":["Bloodletting","Seeing Red"],"picked":"Clash","floor":4.0},{"not_picked":["Ghostly Armor","Sword Boomerang","Uppercut"],"picked":"SKIP","floor":6.0},{"not_picked":["Bloodletting","Searing Blow"],"picked":"Pommel Strike","floor":7.0},{"not_picked":["Power Through","Whirlwind","Sword Boomerang"],"picked":"SKIP","floor":8.0},{"not_picked":["Wild Strike","Iron Wave","Flame Barrier"],"picked":"SKIP","floor":12.0},{"not_picked":["Clothesline","Iron Wave","Body Slam"],"picked":"SKIP","floor":13.0},{"not_picked":["Body Slam","Uppercut"],"picked":"Headbutt","floor":14.0},{"not_picked":["Shockwave","Rupture","Cleave"],"picked":"SKIP","floor":18.0},{"not_picked":["Anger","Disarm"],"picked":"Iron Wave","floor":20.0}],"player_experience":619403,"relics_obtained":[{"floor":6.0,"key":"Blue Candle"},{"floor":9.0,"key":"Potion Belt"}],"event_choices":[{"damage_healed":0.0,"max_hp_gain":0.0,"max_hp_loss":0.0,"gold_gain":175.0,"event_name":"Liars Game","player_choice":"AGREE","floor":3.0,"gold_loss":0.0,"damage_taken":0.0,"cards_obtained":["Doubt"]},{"damage_healed":0.0,"max_hp_gain":0.0,"max_hp_loss":0.0,"gold_gain":0.0,"event_name":"Living Wall","player_choice":"Grow","floor":10.0,"gold_loss":0.0,"damage_taken":0.0,"cards_upgraded":["Pommel Strike"]},{"damage_healed":0.0,"max_hp_gain":0.0,"max_hp_loss":0.0,"gold_gain":75.0,"event_name":"FaceTrader","player_choice":"Touch","floor":21.0,"gold_loss":0.0,"damage_taken":8.0}],"is_beta":false,"boss_relics":[{"not_picked":["Cursed Key","Velvet Choker"],"picked":"Black Star"}],"items_purged_floors":[5,11,19],"is_endless":false,"potions_floor_spawned":[1,2,4,13,18,20],"killed_by":"Gremlin Leader","ascension_level":0}}