{"host":"bq4pt811tk9yrmjl","time":1613580420,"event":{"mods":["AchievementEnabler","BaseMod","Colored Map","Colored Powertips","Defuse TimeMaze Blight","Minty Spire (QoL Compilation)","Smile Girya","StSLib","SuperFastMode"],"gold_per_floor":[110,285,303,378,394,394,5,5,5,39,50,75,75,95,95,191,191,204,103,118,118,118,118,136,169,169,180,180,180,180],"floor_reached":29,"language":"ENG","playtime":510,"items_purged":["Doubt"],"score":266,"play_id":"ba114d53-148e-4a74-9fd3-55bb2a91b3b4","local_time":"20210217144700","is_ascension_mode":true,"campfire_choices":[{"data":"Zap","floor":6.0,"key":"SMITH"},{"data":"Apotheosis","floor":8.0,"key":"SMITH"},{"floor":15,"key":"REST"},{"floor":23,"key":"RECALL"},{"floor":28,"key":"REST"}],"circlet_count":0,"master_deck":["Strike_B","Defend_B","Defend_B","Defend_B","Defend_B","Zap+1","Dualcast","Streamline","Apotheosis+1","Gash","Electrodynamics","All For One+1","Seek+1","Rebound+1","Redo+1","Sunder","Force Field","Auto Shields"],"relics":["Cracked Core","NeowsBlessing","Medical Kit","Omamori","Art of War","Potion Belt","Astrolabe","Juzu Bracelet","Darkstone Periapt"],"acts_visited":["Exordium","TheCity"],"potions_floor_usage":[10,11,24,25,27,29],"damage_taken":[{"damage":0.0,"enemies":"Jaw Worm","floor":1.0,"turns":1.0},{"damage":0.0,"enemies":"Small Slimes","floor":3.0,"turns":1.0},{"damage":0.0,"enemies":"Cultist","floor":5.0,"turns":1.0},{"damage":12,"enemies":"Lagavulin","floor":10,"turns":4},{"damage":0,"enemies":"Gremlin Gang","floor":11,"turns":5},{"damage":6,"enemies":"Gremlin Nob","floor":12,"turns":3},{"damage":8,"enemies":"Red Slaver","floor":14,"turns":2},{"damage":52,"enemies":"Hexaghost","floor":16,"turns":10},{"damage":0,"enemies":"Chosen","floor":18,"turns":4},{"damage":18,"enemies":"Shell Parasite","floor":20,"turns":6},{"damage":26,"enemies":"Snake Plant","floor":24,"turns":3},{"damage":46,"enemies":"Book of Stabbing","floor":25,"turns":5},{"damage":17,"enemies":"Shelled Parasite and Fungi","floor":27,"turns":5},{"damage":49,"enemies":"Gremlin Leader","floor":29,"turns":3}],"seed_played":"3838144966266536711","potions_obtained":[{"floor":1.0,"key":"FairyPotion"},{"floor":5.0,"key":"AttackPotion"},{"floor":10,"key":"AttackPotion"},{"floor":12,"key":"Explosive Potion"},{"floor":18,"key":"LiquidMemories"},{"floor":20,"key":"Strength Potion"},{"floor":24,"key":"ColorlessPotion"}],"is_trial":false,"path_per_floor":["M","?","M","?","M","R","$","R","T","E","M","E","T","M","R","B",null,"M","$","M","?","?","R","M","E","T","M","R","E"],"character_chosen":"DEFECT","items_purchased":["Apotheosis","Medical Kit","FairyPotion"],"campfire_rested":2,"item_purchase_floors":[7,7,19],"current_hp_per_floor":[75,75,75,64,64,64,64,64,64,52,52,46,46,38,60,8,75,75,75,57,57,57,57,31,10,10,20,42,0,0],"gold":180,"neow_bonus":"THREE_ENEMY_KILL","is_daily":false,"chose_seed":false,"campfire_upgraded":2,"win_rate":0.0,"timestamp":1613580420,"path_taken":["M","?","M","?","?","R","?","R","T","E","?","E","?","?","R","BOSS","M","$","M","?","?","R","M","E","T","M","R","E"],"items_purchased_type":["Card","Relic","Potion"],"build_version":"2020-12-22","purchased_purges":1,"victory":false,"max_hp_per_floor":[75,75,75,75,75,75,75,75,75,75,75,75,75,75,75,75,75,75,75,75,75,75,75,75,75,75,75,75,75,75],"card_choices":[{"not_picked":["Reinforced Body","Go for the Eyes"],"picked":"Streamline","floor":1.0},{"not_picked":["Beam Cell","Barrage","Consume"],"picked":"SKIP","floor":3.0},{"not_picked":["Leap","Capacitor","Redo"],"picked":"SKIP","floor":5.0},{"not_picked":["Scrape","FTL","Steam"],"picked":"SKIP","floor":10},{"not_picked":["Aggregate","Scrape","Sweeping Beam"],"picked":"SKIP","floor":11},{"not_picked":["Compile Driver","Sunder"],"picked":"Gash","floor":12},{"not_picked":["Seek","Beam Cell","Double Energy"],"picked":"SKIP","floor":14},{"not_picked":["All For One","Echo Form"],"picked":"Electrodynamics","floor":16},{"not_picked":["BootSequence","Recycle"],"picked":"Redo+1","floor":18},{"not_picked":["Compile Driver+1","Rebound"],"picked":"Sunder","floor":20},{"not_picked":["Blizzard","Hologram","Rebound"],"picked":"SKIP","floor":24},{"not_picked":["Go for the Eyes","Electrodynamics"],"picked":"Force Field","floor":25},{"not_picked":["Storm","Beam Cell"],"picked":"Auto Shields","floor":27}],"player_experience":256439,"relics_obtained":[{"floor":9.0,"key":"Omamori"},{"floor":10,"key":"Art of War"},{"floor":12,"key":"Potion Belt"},{"floor":25,"key":"Juzu Bracelet"},{"floor":26,"key":"Darkstone Periapt"}],"event_choices":[{"damage_healed":0.0,"max_hp_gain":0.0,"max_hp_loss":0.0,"gold_gain":175.0,"event_name":"Liars Game","player_choice":"AGREE","floor":2.0,"gold_loss":0.0,"damage_taken":0.0,"cards_obtained":["Doubt"]},{"damage_healed":0.0,"max_hp_gain":0.0,"max_hp_loss":0.0,"gold_gain":75.0,"event_name":"World of Goop","player_choice":"Gather Gold","floor":4.0,"gold_loss":0.0,"damage_taken":11.0},{"damage_healed":0,"gold_gain":0,"player_choice":"Ignored","damage_taken":0,"max_hp_gain":0,"max_hp_loss":0,"event_name":"Ghosts","floor":21,"gold_loss":0},{"damage_healed":0,"gold_gain":0,"player_choice":"Ignored","damage_taken":0,"max_hp_gain":0,"max_hp_loss":0,"event_name":"NoteForYourself","floor":22,"gold_loss":0}],"is_beta":false,"boss_relics":[{"not_picked":["SacredBark","FrozenCore"],"picked":"Astrolabe"}],"items_purged_floors":[7],"is_endless":false,"potions_floor_spawned":[1,5,10,12,18,20,24],"killed_by":"Gremlin Leader","ascension_level":1}}