{"host":"d7iar273udrgisnz","time":1613590720,"event":{"mods":["BaseMod","Downfall","GifTheSpireLib","Hubris","Minty Spire (QoL Compilation)","StSLib","UnlockEverythingMod"],"gold_per_floor":[99,110,110,128,138,151,151,186,86,105,5,17,17,28,48,147,147,47,61,73,84,84,69,120,134,159,174,191,191,222,222,241,337,337,337,352,352,400,247,259,259,5,5,25,53,53,53,85,98,98,98,131,12,12,12,12,12,12],"floor_reached":56,"language":"ENG","playtime":8689,"items_purged":["Slimebound:CorrosiveSpit"],"score":953,"play_id":"de62084f-de9a-48b7-b95f-f71fd5cca14b","local_time":"20210217193840","is_ascension_mode":false,"campfire_choices":[{"floor":1,"key":"RECALL"},{"data":"Slimebound:Split","floor":9,"key":"SMITH"},{"floor":11,"key":"REST"},{"data":"Slimebound:SplitBruiser","floor":13,"key":"SMITH"},{"data":"Slimebound:MassRepurpose","floor":18,"key":"SMITH"},{"floor":29,"key":"REST"},{"data":"Slimebound:MinionMaster","floor":35,"key":"SMITH"},{"data":"expansioncontent:QuickStudy","floor":43,"key":"SMITH"},{"data":"Slimebound:Overexert","floor":47,"key":"SMITH"},{"data":"Slimebound:MinionMaster","floor":54,"key":"SMITH"}],"circlet_count":0,"master_deck":["Slimebound:Strike_Slimebound","Slimebound:Strike_Slimebound","Slimebound:Strike_Slimebound","Slimebound:Tackle","Slimebound:Defend_Slimebound","Slimebound:Defend_Slimebound","Slimebound:Defend_Slimebound","Slimebound:Defend_Slimebound","Slimebound:Split+1","Slimebound:SplitAcid","Slimebound:LivingWall","Slimebound:FormOfPuddle","Slimebound:SplitBruiser+1","Slimebound:RainOfGoop","Slimebound:FinishingTackle","Slimebound:SplitBruiser","Slimebound:SplitMire","Slimebound:MassRepurpose+1","Slimebound:FinishingTackle+1","Slimebound:SplitMire","Slimebound:ItLooksTasty+1","Slimebound:MinionMaster+1","Slimebound:ProtectTheBoss","Slimebound:Dissolve+1","Slimebound:LeadByExample","Slimebound:LivingWall","Slimebound:Overexert+1","Slimebound:SplitBruiser","Slimebound:MinionMaster+1","Slimebound:SlimeSpikes+1","Slimebound:SplitBruiser","Master of Strategy","Slimebound:Repurpose","Slimebound:LeadByExample","expansioncontent:QuickStudy+1","Slimebound:LevelUp+1","expansioncontent:LastStand","Slimebound:LevelUp+1","Slimebound:SplitLeeching+1","Slimebound:ProtectTheBoss"],"relics":["Slimebound:AbsorbEndCombat","hubris:AstralHammer","downfall:HeartBlessingGreen","downfall:HeartBlessingBlue","hubris:GrandSneckoEye","downfall:HeartBlessingRed","Blood Vial","Pen Nib","Bag of Preparation","Busted Crown","hubris:Towel","FossilizedHelix","Slimebound:SelfDamagePreventRelic","hubris:Reverence","Omamori","Anchor","Pantograph"],"acts_visited":["Exordium","TheCity","TheBeyond","TheEnding"],"potions_floor_usage":[8,8,8,8,16,16,26,30,36,38,44,48,50,55],"damage_taken":[{"damage":7,"enemies":"Small Slimes","floor":2,"turns":6},{"damage":4,"enemies":"Cultist","floor":4,"turns":5},{"damage":1,"enemies":"2 Louse","floor":5,"turns":2},{"damage":10,"enemies":"Exordium Wildlife","floor":6,"turns":6},{"damage":6,"enemies":"3 Sentries","floor":8,"turns":4},{"damage":18,"enemies":"Exordium Thugs","floor":10,"turns":6},{"damage":1,"enemies":"downfall:LooterAlt","floor":12,"turns":4},{"damage":1,"enemies":"Blue Slaver","floor":14,"turns":3},{"damage":3,"enemies":"Exordium Wildlife","floor":15,"turns":3},{"damage":35,"enemies":"IC_STATUS_ARCHETYPE","floor":16,"turns":5},{"damage":1,"enemies":"Spheric Guardian","floor":19,"turns":4},{"damage":12,"enemies":"downfall:LooterAlt2","floor":20,"turns":3},{"damage":9,"enemies":"Snecko","floor":21,"turns":3},{"damage":3,"enemies":"downfall:FleeingMerchant","floor":23,"turns":4},{"damage":13,"enemies":"Centurion and Healer","floor":25,"turns":4},{"damage":18,"enemies":"Slavers","floor":26,"turns":4},{"damage":3,"enemies":"Snake Plant","floor":27,"turns":3},{"damage":12,"enemies":"Snecko","floor":28,"turns":4},{"damage":24,"enemies":"Book of Stabbing","floor":30,"turns":6},{"damage":7,"enemies":"Centurion and Healer","floor":32,"turns":4},{"damage":0,"enemies":"WA_ARCHETYPE_CALM","floor":33,"turns":7},{"damage":7,"enemies":"3 Shapes","floor":36,"turns":2},{"damage":11,"enemies":"2 Orb Walkers","floor":38,"turns":4},{"damage":0,"enemies":"downfall:FleeingMerchant","floor":39,"turns":4},{"damage":0,"enemies":"Orb Walker","floor":40,"turns":3},{"damage":13,"enemies":"3 Darklings","floor":44,"turns":5},{"damage":0,"enemies":"Giant Head","floor":45,"turns":6},{"damage":11,"enemies":"Nemesis","floor":48,"turns":7},{"damage":0,"enemies":"Transient","floor":49,"turns":5},{"damage":37,"enemies":"SI_POISON_ARCHETYPE","floor":50,"turns":6},{"damage":29,"enemies":"downfall:CharBossMerchant","floor":52,"turns":6},{"damage":6,"enemies":"downfall:NeowBoss","floor":55,"turns":12},{"damage":100,"enemies":"downfall:NeowBossFinal","floor":56,"turns":6}],"seed_played":"1658995508295916832","potions_obtained":[{"floor":4,"key":"EntropicBrew"},{"floor":6,"key":"AttackPotion"},{"floor":10,"key":"LiquidMemories"},{"floor":12,"key":"DistilledChaos"},{"floor":14,"key":"PowerPotion"},{"floor":25,"key":"EssenceOfSteel"},{"floor":26,"key":"Fire Potion"},{"floor":28,"key":"bronze:BurnAndBuffPotion"},{"floor":30,"key":"DistilledChaos"},{"floor":32,"key":"SkillPotion"},{"floor":36,"key":"Fruit Juice"},{"floor":38,"key":"Dexterity Potion"},{"floor":40,"key":"Block Potion"}],"is_trial":false,"path_per_floor":["R","M","?","M","M","M","T","E","R","M","R","M","R","M","M","B",null,"R","M","M","M","?","$","T","M","E","M","M","R","E","?","M","B",null,"R","M","?","?","$","M","T","$","R","M","E","?","R","E","M","B",null,"E","$","R","B","B"],"character_chosen":"SLIMEBOUND","items_purchased":["Slimebound:SplitBruiser","Master of Strategy","Slimebound:Repurpose","Slimebound:SelfDamagePreventRelic","expansioncontent:QuickStudy","Slimebound:ProtectTheBoss","Dexterity Potion"],"campfire_rested":2,"item_purchase_floors":[39,39,39,39,42,53,53],"current_hp_per_floor":[71,66,66,64,67,63,63,57,57,43,77,78,78,77,78,51,81,81,80,74,67,67,66,66,61,51,54,48,72,56,56,59,67,81,81,79,79,74,80,86,86,86,86,85,86,86,86,77,83,53,86,57,57,57,84,0,0,0],"gold":12,"neow_bonus":"TEN_PERCENT_HP_BONUS","is_daily":false,"chose_seed":false,"campfire_upgraded":7,"win_rate":0.0,"timestamp":1613590720,"path_taken":["R","M","?","M","M","?","T","E","R","M","R","M","R","M","M","BOSS","R","M","M","?","?","$","T","M","E","M","M","R","E","?","M","BOSS","R","M","?","?","$","?","T","$","R","M","E","?","R","E","M","BOSS","E","$","R","BOSS","BOSS"],"items_purchased_type":["Card","Card","Card","Relic","Card","Card","Potion"],"build_version":"2020-12-22","purchased_purges":1,"victory":false,"max_hp_per_floor":[71,71,71,71,71,71,71,71,71,71,81,81,81,81,81,81,81,81,81,81,81,81,81,81,81,81,81,81,81,81,81,81,81,81,81,86,86,86,86,86,86,86,86,86,86,86,86,86,86,86,86,86,86,86,86,86,86,86],"card_choices":[{"not_picked":["Slimebound:LeechingTouch","Slimebound:PressTheAttack"],"picked":"Slimebound:SplitAcid","floor":2},{"not_picked":["Slimebound:Grow","Slimebound:FinishingTackle"],"picked":"Slimebound:LivingWall","floor":4},{"not_picked":["Slimebound:TongueLash","Slimebound:RejuvenatingLick"],"picked":"Slimebound:FormOfPuddle","floor":5},{"not_picked":["Slimebound:ComboTackle","Slimebound:LeechingTouch"],"picked":"Slimebound:SplitBruiser","floor":6},{"not_picked":["Slimebound:SpikyOuterGoop","Slimebound:Nibble"],"picked":"Slimebound:RainOfGoop","floor":8},{"not_picked":["Slimebound:HauntingLick","Slimebound:SamplingLick"],"picked":"Slimebound:FinishingTackle","floor":10},{"not_picked":["Slimebound:Replication","Slimebound:RollThrough"],"picked":"Slimebound:SplitBruiser","floor":12},{"not_picked":["Slimebound:LeechEnergy","Slimebound:SlimeSlap"],"picked":"Slimebound:SplitMire","floor":14},{"not_picked":["Slimebound:PressTheAttack","Slimebound:GoopTackle","Slimebound:GoopSpray"],"picked":"SKIP","floor":15},{"not_picked":["Slimebound:Teamwork","Slimebound:SlimeSlap"],"picked":"Slimebound:MassRepurpose","floor":16},{"not_picked":["Slimebound:Schlurp","Slimebound:PressTheAttack"],"picked":"Slimebound:FinishingTackle+1","floor":19},{"not_picked":["Slimebound:BestDefense+1","Slimebound:LeechingTouch"],"picked":"Slimebound:SplitMire","floor":20},{"not_picked":["Slimebound:GoopSpray","Slimebound:Equalize+1"],"picked":"Slimebound:ItLooksTasty+1","floor":21},{"not_picked":["Slimebound:LeadByExample+1","Slimebound:SplitLeeching"],"picked":"Slimebound:MinionMaster","floor":23},{"not_picked":["Slimebound:PressTheAttack","Slimebound:ComboTackle"],"picked":"Slimebound:ProtectTheBoss","floor":25},{"not_picked":["Slimebound:SpikyOuterGoop","Slimebound:ComboTackle+1"],"picked":"Slimebound:Dissolve+1","floor":26},{"not_picked":["Slimebound:Prepare","Slimebound:ForwardTackle"],"picked":"Slimebound:LeadByExample","floor":27},{"not_picked":["Slimebound:Replication","Slimebound:PressTheAttack"],"picked":"Slimebound:LivingWall","floor":28},{"not_picked":["Slimebound:ComboTackle","Slimebound:HauntingLick+1"],"picked":"Slimebound:Overexert","floor":30},{"not_picked":["Slimebound:Grow+1","Slimebound:AcidTongue"],"picked":"Slimebound:SplitBruiser","floor":32},{"not_picked":["Slimebound:SelfFormingGoo","Slimebound:DuplicatedForm"],"picked":"Slimebound:MinionMaster","floor":33},{"not_picked":[],"picked":"Slimebound:SlimeSpikes+1","floor":36},{"not_picked":["Slimebound:FlameTackle"],"picked":"SKIP","floor":39},{"not_picked":[],"picked":"Slimebound:LeadByExample","floor":40},{"not_picked":[],"picked":"Slimebound:LevelUp+1","floor":44},{"not_picked":["Slimebound:SamplingLick"],"picked":"SKIP","floor":45},{"not_picked":["expansioncontent:HyperBeam","expansioncontent:YouAreMine"],"picked":"expansioncontent:LastStand","floor":46},{"not_picked":["Slimebound:AcidTongue"],"picked":"SKIP","floor":48},{"not_picked":[],"picked":"Slimebound:LevelUp+1","floor":49},{"not_picked":[],"picked":"Slimebound:SplitLeeching+1","floor":52}],"player_experience":250981,"relics_obtained":[{"floor":8,"key":"hubris:AstralHammer"},{"floor":24,"key":"Blood Vial"},{"floor":26,"key":"Pen Nib"},{"floor":30,"key":"Bag of Preparation"},{"floor":38,"key":"FossilizedHelix"},{"floor":41,"key":"hubris:Reverence"},{"floor":45,"key":"Omamori"},{"floor":48,"key":"Anchor"},{"floor":52,"key":"Pantograph"}],"event_choices":[{"damage_healed":0,"gold_gain":0,"player_choice":"Ignored","damage_taken":0,"max_hp_gain":0,"max_hp_loss":0,"event_name":"NoteForYourself","floor":3,"gold_loss":0},{"damage_healed":0,"gold_gain":0,"player_choice":"Fight","damage_taken":0,"max_hp_gain":0,"max_hp_loss":0,"event_name":"Mysterious Sphere","floor":38,"gold_loss":0}],"is_beta":false,"boss_relics":[{"not_picked":["Astrolabe","Coffee Dripper"],"picked":"hubris:GrandSneckoEye"},{"not_picked":["Slimebound:TarBlob","hubris:BlackHole"],"picked":"Busted Crown"}],"items_purged_floors":[42],"is_endless":false,"potions_floor_spawned":[4,6,10,12,14,25,26,28,30,32,33,36,38,40],"killed_by":"downfall:NeowBossFinal","ascension_level":0}}