{"host":"r0ye8pdzuq6zwfvs","time":1613551070,"event":{"mods":["AchievementEnabler","Act Like it!","Arknights","BaseMod","BetterRewards","CapriCore","Card Forge","Colored Map","Colored Powertips","Custom Start","DeckTracker","Luminous","Minty Spire (QoL Compilation)","Permanent Neow","Prisma Mod","Quick Restart","Relic Stats","Shop Mod","StSLib","SuperFastMode","Swap Starting Deck Mod","The Alterego","The Immortal","Uncapped","Weighted Paths"],"gold_per_floor":[112,112,128,147,147,174,190,218,218,194,194,194],"floor_reached":11,"language":"ENG","playtime":495,"items_purged":[],"score":120,"play_id":"a57092fe-1171-42d5-80ad-a25eff36ce5c","local_time":"20210217013750","is_ascension_mode":true,"campfire_choices":[],"circlet_count":0,"master_deck":["PrismaMod:IllyaCommonAttack","PrismaMod:IllyaCommonDefend","PrismaMod:IllyaCommonAttack","PrismaMod:IllyaCommonDefend","PrismaMod:IllyaCommonAttack","PrismaMod:IllyaCommonDefend","PrismaMod:IllyaCommonAttack","PrismaMod:IllyaCommonAttack","PrismaMod:IllyaCommonDefend","PrismaMod:IllyaUncommonAttack","PrismaMod:IllyaUncommonDefend","PrismaMod:IllyaInstallForeigner","PrismaMod:IllyaSaphire","PrismaMod:IllyaTestament+1","PrismaMod:IllyaUberChannel","PrismaMod:IllyaTestament"],"relics":["PrismaMod:PrismaRuby","Hammer of Thor","Seething Fire","Anvil of the Gods","Peace Pipe","Mango","Shovel","Pear","Dead Branch","WingedGreaves","Matryoshka","Lantern","Blood Vial"],"acts_visited":["Exordium"],"potions_floor_usage":[],"damage_taken":[{"damage":0,"enemies":"Small Slimes","floor":1,"turns":4},{"damage":0,"enemies":"ats:Genji","floor":3,"turns":4},{"damage":9,"enemies":"2 Louse","floor":4,"turns":3},{"damage":43,"enemies":"Gremlin Nob","floor":6,"turns":6},{"damage":10,"enemies":"Blue Slaver","floor":7,"turns":4},{"damage":22,"enemies":"Lagavulin","floor":8,"turns":8},{"damage":0,"enemies":"Gremlin Nob","floor":11,"turns":2}],"seed_played":"-5270300592424038897","potions_obtained":[{"floor":4,"key":"Strength Potion"},{"floor":7,"key":"Dexterity Potion"}],"is_trial":false,"path_per_floor":["M","?","M","M","?","E","M","E","T","?","E"],"character_chosen":"ILLYA","items_purchased":["PrismaMod:IllyaInstallForeigner","Mango","Pear"],"campfire_rested":0,"item_purchase_floors":[0,0,0],"current_hp_per_floor":[99,92,92,83,83,40,30,8,8,8,10,10],"gold":194,"neow_bonus":"","is_daily":false,"chose_seed":false,"campfire_upgraded":0,"win_rate":0.0,"timestamp":1613551070,"path_taken":["M","?","M","M","?","E","M","E","T","?","E"],"items_purchased_type":["Card","Relic","Relic"],"build_version":"2020-12-22","purchased_purges":0,"victory":false,"max_hp_per_floor":[99,99,99,99,99,99,99,99,99,99,99,99],"relic_stats":{"Peace Pipe":0,"Blood Vial":2,"Shovel":0,"counters":[137,188],"Dead Branch":[7],"obtain_stats":[{"Calipers":54,"Vajra":20,"Hammer of Thor":0,"Ginger":28,"Whetstone":29,"Bottled Tornado":54,"Boot":40,"Blood Vial":43,"Sozu":34,"PrismaMod:PrismaRuby":0,"Centennial Puzzle":9,"HornCleat":47,"Sundial":54,"Strawberry":38,"MealTicket":39,"Prayer Wheel":40,"Kunai":26,"Pear":0,"Happy Flower":26,"Blue Candle":40,"Dead Branch":0,"Oddly Smooth Stone":46,"Pen Nib":46,"Letter Opener":44,"War Paint":23,"Question Card":42,"SlaversCollar":34,"OrangePellets":0,"Bottled Flame":43,"Anvil of the Gods":0,"Shuriken":0,"Bronze Scales":42,"Black Star":34,"Unceasing Top":45,"Meat on the Bone":47,"Pocketwatch":54,"Darkstone Periapt":29,"Lantern":9,"Regal Pillow":25,"SacredBark":34,"Mango":0,"Bag of Preparation":30,"Juzu Bracelet":37,"Smiling Mask":29,"Ancient Tea Set":47,"Nunchaku":6,"Matryoshka":39,"TheAbacus":0,"Shovel":0,"Mummified Hand":43,"Tiny Chest":0,"WingedGreaves":0,"Red Mask":28,"Chemical X":53,"Ring of the Snake":20,"Potion Belt":7,"Lee\u0027s Waffle":53,"Thread and Needle":24,"The Courier":21,"PreservedInsect":0,"Omamori":0,"Seething Fire":0,"Orichalcum":26,"Frozen Egg 2":0,"Odd Mushroom":8,"MawBank":43,"White Beast Statue":0,"Peace Pipe":46,"Anchor":0,"CaptainsWheel":0,"Busted Crown":17,"Ornamental Fan":9,"Coffee Dripper":17,"Art of War":53,"Bag of Marbles":47,"Bottled Lightning":30,"Membership Card":0,"Toy Ornithopter":43,"TungstenRod":45},{"Calipers":129,"Vajra":79,"Hammer of Thor":0,"Ginger":18,"Whetstone":117,"Bottled Tornado":33,"Boot":25,"Blood Vial":27,"Sozu":57,"PrismaMod:PrismaRuby":0,"Centennial Puzzle":74,"HornCleat":92,"Sundial":95,"Strawberry":87,"MealTicket":24,"Prayer Wheel":124,"Kunai":52,"Pear":130,"Happy Flower":114,"Blue Candle":89,"Dead Branch":130,"Oddly Smooth Stone":126,"Pen Nib":92,"Letter Opener":28,"War Paint":112,"Question Card":125,"SlaversCollar":20,"OrangePellets":34,"Bottled Flame":90,"Anvil of the Gods":0,"Shuriken":34,"Bronze Scales":63,"Black Star":86,"Unceasing Top":126,"Meat on the Bone":31,"Pocketwatch":95,"Darkstone Periapt":55,"Lantern":40,"Regal Pillow":114,"SacredBark":119,"Mango":130,"Bag of Preparation":18,"Juzu Bracelet":87,"Smiling Mask":83,"Ancient Tea Set":127,"Nunchaku":5,"Matryoshka":24,"TheAbacus":96,"Shovel":130,"Mummified Hand":125,"Tiny Chest":70,"WingedGreaves":96,"Red Mask":116,"Chemical X":128,"Ring of the Snake":110,"Potion Belt":39,"Lee\u0027s Waffle":68,"Thread and Needle":16,"The Courier":14,"PreservedInsect":96,"Omamori":34,"Seething Fire":0,"Orichalcum":16,"Frozen Egg 2":34,"Odd Mushroom":40,"MawBank":63,"White Beast Statue":34,"Peace Pipe":30,"Anchor":34,"CaptainsWheel":96,"Busted Crown":78,"Ornamental Fan":74,"Coffee Dripper":11,"Art of War":32,"Bag of Marbles":127,"Bottled Lightning":18,"Membership Card":96,"Toy Ornithopter":27,"TungstenRod":91},{"Calipers":155,"Vajra":102,"Hammer of Thor":0,"Ginger":29,"Whetstone":142,"Bottled Tornado":46,"Boot":36,"Blood Vial":38,"Sozu":77,"PrismaMod:PrismaRuby":0,"Centennial Puzzle":97,"HornCleat":115,"Sundial":118,"Strawberry":110,"MealTicket":35,"Prayer Wheel":149,"Kunai":72,"Pear":157,"Happy Flower":139,"Blue Candle":112,"Dead Branch":157,"Oddly Smooth Stone":151,"Pen Nib":115,"Letter Opener":39,"War Paint":137,"Question Card":150,"SlaversCollar":31,"OrangePellets":50,"Bottled Flame":113,"Anvil of the Gods":0,"Shuriken":50,"Bronze Scales":84,"Black Star":109,"Unceasing Top":151,"Meat on the Bone":42,"Pocketwatch":118,"Darkstone Periapt":75,"Lantern":59,"Regal Pillow":139,"SacredBark":144,"Mango":157,"Bag of Preparation":29,"Juzu Bracelet":110,"Smiling Mask":106,"Ancient Tea Set":152,"Nunchaku":10,"Matryoshka":35,"TheAbacus":120,"Shovel":157,"Mummified Hand":150,"Tiny Chest":93,"WingedGreaves":120,"Red Mask":141,"Chemical X":154,"Ring of the Snake":135,"Potion Belt":58,"Lee\u0027s Waffle":90,"Thread and Needle":26,"The Courier":24,"PreservedInsect":120,"Omamori":50,"Seething Fire":0,"Orichalcum":26,"Frozen Egg 2":50,"Odd Mushroom":59,"MawBank":84,"White Beast Statue":50,"Peace Pipe":41,"Anchor":50,"CaptainsWheel":120,"Busted Crown":101,"Ornamental Fan":97,"Coffee Dripper":19,"Art of War":45,"Bag of Marbles":152,"Bottled Lightning":29,"Membership Card":120,"Toy Ornithopter":38,"TungstenRod":114}]},"card_choices":[{"not_picked":["PrismaMod:IllyaBlindPoisonToss","PrismaMod:IllyaBoysLove"],"picked":"PrismaMod:IllyaSaphire","floor":1},{"not_picked":["PrismaMod:IllyaBerserCAR","PrismaMod:IllyaDualEvoke"],"picked":"PrismaMod:IllyaTestament","floor":3},{"not_picked":["PrismaMod:IllyaPoisoningPhantasm","PrismaMod:IllyaStunPoison","PrismaMod:IllyaBlindPoisonToss"],"picked":"SKIP","floor":4},{"not_picked":["PrismaMod:IllyaBoysLove","PrismaMod:IllyaGrail"],"picked":"PrismaMod:IllyaUberChannel","floor":6},{"not_picked":["PrismaMod:IllyaCheapChannelAttack","PrismaMod:IllyaGun","PrismaMod:IllyaMaid"],"picked":"SKIP","floor":7},{"not_picked":["PrismaMod:IllyaRapidFire","PrismaMod:IllyaGrail"],"picked":"PrismaMod:IllyaTestament","floor":8}],"player_experience":240535,"relics_obtained":[{"floor":6,"key":"Matryoshka"},{"floor":8,"key":"Lantern"},{"floor":9,"key":"Blood Vial"}],"event_choices":[{"cards_removed":["PrismaMod:IllyaCommonDefend"],"damage_healed":0,"gold_gain":0,"player_choice":"Card Removal","damage_taken":7,"max_hp_gain":0,"max_hp_loss":0,"event_name":"Golden Wing","floor":2,"gold_loss":0},{"damage_healed":0,"gold_gain":0,"player_choice":"Grow","damage_taken":0,"max_hp_gain":0,"max_hp_loss":0,"event_name":"Living Wall","floor":5,"gold_loss":0,"cards_upgraded":["PrismaMod:IllyaTestament"]},{"damage_healed":0,"gold_gain":0,"player_choice":"Left Gold","damage_taken":0,"max_hp_gain":0,"max_hp_loss":0,"event_name":"World of Goop","floor":10,"gold_loss":24}],"is_beta":false,"boss_relics":[],"items_purged_floors":[],"is_endless":false,"potions_floor_spawned":[4,7],"killed_by":"Gremlin Nob","ascension_level":3}}