{"host":"t75twhtg6c476ygg","time":1613587689,"event":{"mods":["AchievementEnabler","BaseMod","Colored Powertips","Minty Spire (QoL Compilation)","Quick Restart","Relic Stats","StSLib","SuperFastMode"],"gold_per_floor":[114,129,144,495,495,525,540,540,540,555,127,142,142,157,157,257,257,272,197,112,127,327,357,372,372,397,427,427,442,472,472,472,572,572,587,602,617,617,617,617,642,642,642,672,687,112,112,127,127,127],"floor_reached":51,"language":"ENG","playtime":1750,"items_purged":["Pray","Strike_P","PanicButton+1"],"score":1012,"play_id":"e73b154c-e37a-44d5-a99f-b3d77c42fa85","local_time":"20210217184809","daily_mods":["Specialized","ControlledChaos","Lethality"],"is_ascension_mode":false,"campfire_choices":[{"data":"Apotheosis","floor":15.0,"key":"SMITH"},{"data":"Vault","floor":25.0,"key":"SMITH"},{"data":"Vigilance","floor":32.0,"key":"SMITH"},{"data":"FollowUp","floor":40,"key":"SMITH"},{"data":"1","floor":49,"key":"LIFT"}],"circlet_count":0,"master_deck":["Strike_P+1","Strike_P+1","Defend_P+1","Defend_P+1","Eruption+1","Vigilance+1","Pray+1","DeceiveReality+1","FearNoEvil+1","ClearTheMind+1","LessonLearned+1","Vault+1","SpiritShield+1","Tantrum+1","FollowUp+1","Scrawl+1","Weave+1","DevaForm+1","Consecrate+1","FollowUp+1"],"relics":["PureWater","Frozen Eye","Bag of Marbles","Singing Bowl","Omamori","War Paint","Bag of Preparation","Mercury Hourglass","Calling Bell","Tiny Chest","Yang","Gambling Chip","TeardropLocket","Dead Branch","Prayer Wheel","MealTicket","Eternal Feather","Kunai","Juzu Bracelet","Enchiridion","Astrolabe","Mummified Hand","Girya","Ancient Tea Set","Meat on the Bone","Toy Ornithopter","Sling","Regal Pillow","Damaru"],"acts_visited":["Exordium","TheCity","TheBeyond"],"potions_floor_usage":[50,50],"damage_taken":[{"damage":0.0,"enemies":"Small Slimes","floor":1.0,"turns":2.0},{"damage":0.0,"enemies":"Jaw Worm","floor":2.0,"turns":3.0},{"damage":0.0,"enemies":"Cultist","floor":3.0,"turns":3.0},{"damage":2.0,"enemies":"Gremlin Nob","floor":6.0,"turns":3.0},{"damage":0.0,"enemies":"3 Louse","floor":7.0,"turns":2.0},{"damage":0.0,"enemies":"2 Fungi Beasts","floor":10.0,"turns":1.0},{"damage":0.0,"enemies":"Exordium Wildlife","floor":12.0,"turns":2.0},{"damage":0.0,"enemies":"Gremlin Gang","floor":14.0,"turns":2.0},{"damage":73.0,"enemies":"The Guardian","floor":16.0,"turns":5.0},{"damage":0.0,"enemies":"Shell Parasite","floor":18.0,"turns":2.0},{"damage":0.0,"enemies":"Spheric Guardian","floor":21.0,"turns":1.0},{"damage":0.0,"enemies":"Gremlin Leader","floor":23.0,"turns":1.0},{"damage":3.0,"enemies":"Snake Plant","floor":24.0,"turns":3.0},{"damage":0.0,"enemies":"Book of Stabbing","floor":27.0,"turns":1.0},{"damage":0.0,"enemies":"Shelled Parasite and Fungi","floor":29.0,"turns":3.0},{"damage":14.0,"enemies":"Gremlin Leader","floor":30.0,"turns":2.0},{"damage":17.0,"enemies":"Champ","floor":33.0,"turns":6.0},{"damage":0,"enemies":"3 Darklings","floor":35,"turns":1},{"damage":0,"enemies":"Orb Walker","floor":36,"turns":2},{"damage":0,"enemies":"Writhing Mass","floor":37,"turns":2},{"damage":2,"enemies":"Reptomancer","floor":44,"turns":4},{"damage":0,"enemies":"Maw","floor":45,"turns":1},{"damage":0,"enemies":"Spire Growth","floor":48,"turns":1},{"damage":0,"enemies":"Donu and Deca","floor":50,"turns":3}],"seed_played":"2711566965655028651","potions_obtained":[{"floor":1.0,"key":"PowerPotion"},{"floor":2.0,"key":"PowerPotion"},{"floor":10.0,"key":"Weak Potion"},{"floor":16.0,"key":"Weak Potion"},{"floor":18.0,"key":"CultistPotion"}],"is_trial":false,"path_per_floor":["M","M","M","$","?","E","M","T","T","M","$","M","?","M","R","B",null,"M","?","?","M","$","E","M","R","T","E","T","M","E","?","R","B",null,"M","M","M","?","T","R","T","?","T","E","M","$","?","M","R","B",null],"character_chosen":"WATCHER","items_purchased":["Bag of Marbles","Singing Bowl","Apotheosis","Vault","Mercury Hourglass","Dead Branch","Sling","Regal Pillow","Damaru"],"campfire_rested":0,"item_purchase_floors":[4,4,4,11,11,22,46,46,46],"current_hp_per_floor":[72,72,72,72,77,77,79,79,79,81,81,81,81,81,81,10,85,87,87,87,87,87,89,90,90,90,92,92,96,84,68,77,60,101,105,105,109,109,109,109,109,104,104,104,108,110,112,116,116,116],"gold":127,"neow_bonus":"","is_daily":true,"chose_seed":false,"campfire_upgraded":4,"win_rate":0.0,"timestamp":1613587689,"path_taken":["M","M","M","$","?","E","M","?","T","M","$","M","?","?","R","BOSS","M","?","?","M","?","E","M","R","T","E","?","M","E","?","R","BOSS","M","M","M","?","?","R","?","?","T","E","M","?","?","M","R","BOSS"],"items_purchased_type":["Relic","Relic","Card","Card","Relic","Relic","Relic","Relic","Relic"],"build_version":"2020-12-22","purchased_purges":3,"victory":true,"max_hp_per_floor":[72,72,72,72,77,79,81,81,81,83,83,83,83,83,83,85,85,87,87,87,87,87,89,93,93,93,95,95,99,101,101,101,101,101,105,105,109,109,109,109,109,104,104,106,110,110,112,116,116,116],"relic_stats":{"Regal Pillow":0,"Singing Bowl":44,"counters":[24,56],"Dead Branch":[35],"Astrolabe":["PanicButton","Weave","DevaForm"],"Yang":[98],"Eternal Feather":9,"Bag of Preparation":[38],"Juzu Bracelet":0,"War Paint":["DeceiveReality","Defend_P"],"Mercury Hourglass":[150],"Mummified Hand":[4],"Gambling Chip":[47],"Tiny Chest":2,"Prayer Wheel":7,"MealTicket":2,"Kunai":[16],"obtain_stats":[{"Regal Pillow":46,"Singing Bowl":4,"Enchiridion":31,"Yang":17,"Bag of Preparation":9,"Juzu Bracelet":30,"TeardropLocket":20,"Ancient Tea Set":41,"Sling":46,"Frozen Eye":0,"Mummified Hand":39,"Gambling Chip":17,"Tiny Chest":17,"Prayer Wheel":23,"MealTicket":26,"Kunai":28,"Girya":40,"Dead Branch":22,"Astrolabe":34,"Damaru":46,"Eternal Feather":27,"Omamori":6,"War Paint":8,"Mercury Hourglass":11,"Calling Bell":17,"Bag of Marbles":4,"PureWater":0,"Toy Ornithopter":44,"Meat on the Bone":43},{"Regal Pillow":22,"Singing Bowl":3,"Enchiridion":16,"Yang":9,"Bag of Preparation":5,"Juzu Bracelet":16,"TeardropLocket":10,"Ancient Tea Set":20,"Sling":22,"Frozen Eye":0,"Mummified Hand":20,"Gambling Chip":9,"Tiny Chest":9,"Prayer Wheel":12,"MealTicket":13,"Kunai":14,"Girya":20,"Dead Branch":11,"Astrolabe":17,"Damaru":22,"Eternal Feather":14,"Omamori":4,"War Paint":5,"Mercury Hourglass":6,"Calling Bell":9,"Bag of Marbles":3,"PureWater":0,"Toy Ornithopter":21,"Meat on the Bone":20},{"Regal Pillow":52,"Singing Bowl":8,"Enchiridion":36,"Yang":23,"Bag of Preparation":13,"Juzu Bracelet":36,"TeardropLocket":25,"Ancient Tea Set":47,"Sling":52,"Frozen Eye":0,"Mummified Hand":47,"Gambling Chip":23,"Tiny Chest":23,"Prayer Wheel":27,"MealTicket":30,"Kunai":31,"Girya":47,"Dead Branch":26,"Astrolabe":42,"Damaru":52,"Eternal Feather":31,"Omamori":11,"War Paint":13,"Mercury Hourglass":14,"Calling Bell":23,"Bag of Marbles":8,"PureWater":0,"Toy Ornithopter":51,"Meat on the Bone":47}],"Toy Ornithopter":0,"Meat on the Bone":0},"card_choices":[{"not_picked":["FollowUp","ForeignInfluence"],"picked":"DeceiveReality","floor":1.0},{"not_picked":["CrushJoints","ThirdEye"],"picked":"FearNoEvil","floor":2.0},{"not_picked":["CutThroughFate","SignatureMove"],"picked":"ClearTheMind","floor":3.0},{"not_picked":["Wireheading","Evaluate","ClearTheMind"],"picked":"Singing Bowl","floor":6.0},{"not_picked":["Evaluate","Prostrate","SashWhip"],"picked":"Singing Bowl","floor":7.0},{"not_picked":["Halt","Prostrate","EmptyBody"],"picked":"Singing Bowl","floor":10.0},{"not_picked":["Vengeance","BowlingBash"],"picked":"SpiritShield","floor":12.0},{"not_picked":["FollowUp","FlyingSleeves"],"picked":"Tantrum","floor":14.0},{"not_picked":["Judgement","DevaForm","Omniscience"],"picked":"Singing Bowl","floor":16.0},{"not_picked":["ThirdEye+1","EmptyMind","SashWhip"],"picked":"Singing Bowl","floor":18.0},{"not_picked":["BowlingBash","Protect"],"picked":"FollowUp","floor":21.0},{"not_picked":["EmptyBody","ReachHeaven","Alpha"],"picked":"Singing Bowl","floor":23.0},{"not_picked":["CutThroughFate","Consecrate","CrushJoints+1"],"picked":"Singing Bowl","floor":24.0},{"not_picked":["ThirdEye","Halt+1","Protect+1"],"picked":"Singing Bowl","floor":24.0},{"not_picked":["DeceiveReality+1","EmptyBody","WheelKick+1"],"picked":"Singing Bowl","floor":27.0},{"not_picked":["SignatureMove","Brilliance","CarveReality"],"picked":"Singing Bowl","floor":29.0},{"not_picked":["EmptyBody+1","Wireheading+1","ThirdEye+1"],"picked":"Singing Bowl","floor":29.0},{"not_picked":["Evaluate","SashWhip+1","FlurryOfBlows"],"picked":"Singing Bowl","floor":30.0},{"not_picked":["LessonLearned","Vault"],"picked":"Scrawl","floor":33.0},{"not_picked":["DeceiveReality","FlyingSleeves","JustLucky+1"],"picked":"Singing Bowl","floor":35},{"not_picked":["Study+1","ClearTheMind+1","FlurryOfBlows+1"],"picked":"Singing Bowl","floor":35},{"not_picked":["FollowUp+1","Weave"],"picked":"Consecrate+1","floor":36},{"not_picked":["Consecrate","JustLucky+1"],"picked":"FollowUp+1","floor":36},{"not_picked":["Swivel","EmptyFist","WindmillStrike+1"],"picked":"Singing Bowl","floor":37},{"not_picked":["Wallop+1","Halt","Study"],"picked":"SKIP","floor":37},{"not_picked":["Wallop+1","Halt","Study"],"picked":"Singing Bowl","floor":37},{"not_picked":["WindmillStrike","DeceiveReality+1","Evaluate+1"],"picked":"Singing Bowl","floor":44},{"not_picked":["DeceiveReality+1","FlurryOfBlows+1","SashWhip"],"picked":"Singing Bowl","floor":45},{"not_picked":["InnerPeace+1","Scrawl","Study+1"],"picked":"Singing Bowl","floor":45},{"not_picked":["Swift Strike","Panacea","Jack Of All Trades"],"picked":"Singing Bowl","floor":47},{"not_picked":["TalkToTheHand+1","Meditate","PathToVictory+1"],"picked":"Singing Bowl","floor":48},{"not_picked":["PathToVictory+1","FlurryOfBlows+1","WheelKick"],"picked":"Singing Bowl","floor":48}],"player_experience":376643,"relics_obtained":[{"floor":6.0,"key":"Omamori"},{"floor":8.0,"key":"War Paint"},{"floor":9.0,"key":"Bag of Preparation"},{"floor":17.0,"key":"Tiny Chest"},{"floor":17.0,"key":"Yang"},{"floor":17.0,"key":"Gambling Chip"},{"floor":23.0,"key":"Prayer Wheel"},{"floor":26.0,"key":"MealTicket"},{"floor":27.0,"key":"Eternal Feather"},{"floor":28.0,"key":"Kunai"},{"floor":30.0,"key":"Juzu Bracelet"},{"floor":31.0,"key":"Enchiridion"},{"floor":39,"key":"Mummified Hand"},{"floor":41,"key":"Ancient Tea Set"},{"floor":43,"key":"Meat on the Bone"},{"floor":44,"key":"Toy Ornithopter"}],"event_choices":[{"damage_healed":0.0,"max_hp_gain":5.0,"max_hp_loss":0.0,"gold_gain":0.0,"event_name":"Big Fish","player_choice":"Donut","floor":5.0,"gold_loss":0.0,"damage_taken":0.0},{"damage_healed":0.0,"max_hp_gain":0.0,"max_hp_loss":0.0,"gold_gain":0.0,"event_name":"The Woman in Blue","player_choice":"Bought 0 Potions","floor":13.0,"gold_loss":0.0,"damage_taken":0.0},{"cards_removed":["Defend_P"],"damage_healed":0.0,"max_hp_gain":0.0,"max_hp_loss":0.0,"gold_gain":0.0,"event_name":"Beggar","player_choice":"Gave Gold","floor":19.0,"gold_loss":75.0,"damage_taken":0.0},{"damage_healed":0.0,"max_hp_gain":0.0,"max_hp_loss":0.0,"gold_gain":0.0,"event_name":"Addict","player_choice":"Obtained Relic","floor":20.0,"gold_loss":85.0,"damage_taken":0.0,"relics_obtained":["TeardropLocket"]},{"damage_healed":0.0,"max_hp_gain":0.0,"max_hp_loss":0.0,"gold_gain":0.0,"event_name":"Cursed Tome","player_choice":"Obtained Book","floor":31.0,"gold_loss":0.0,"damage_taken":16.0},{"damage_healed":0,"gold_gain":0,"player_choice":"Ignored","damage_taken":0,"max_hp_gain":0,"max_hp_loss":0,"event_name":"Tomb of Lord Red Mask","floor":38,"gold_loss":0},{"damage_healed":0,"gold_gain":0,"player_choice":"Max HP","damage_taken":0,"max_hp_gain":0,"max_hp_loss":5,"event_name":"Winding Halls","floor":42,"gold_loss":0},{"damage_healed":0,"gold_gain":0,"player_choice":"Memory 1","damage_taken":0,"max_hp_gain":0,"max_hp_loss":0,"event_name":"SensoryStone","floor":47,"gold_loss":0}],"is_beta":false,"boss_relics":[{"not_picked":["Black Star","HolyWater"],"picked":"Calling Bell"},{"not_picked":["Sozu","Cursed Key"],"picked":"Astrolabe"}],"items_purged_floors":[4,11,46],"is_endless":false,"potions_floor_spawned":[1,2,10,12,16,18,23,36,37,44],"ascension_level":0}}