{"host":"9rqxlbwknj581inl","time":1613520712,"event":{"mods":["BaseMod","Colored Map","Colored Powertips","Minty Spire (QoL Compilation)","Quick Restart","Random Character Mod"],"gold_per_floor":[116,131,147,165,165,165,195,195,195,195,222,242,207,221,221,320,320,330,330,255,301,301,301],"floor_reached":22,"language":"ENG","playtime":2108,"items_purged":["Strike_B"],"score":194,"play_id":"1e88a3f4-881c-48fc-bb54-7ff77f2de1a6","local_time":"20210216171152","is_ascension_mode":false,"campfire_choices":[{"data":"Zap","floor":6,"key":"SMITH"},{"data":"Dualcast","floor":8,"key":"SMITH"},{"data":"Sweeping Beam","floor":10,"key":"SMITH"},{"data":"Stack","floor":15,"key":"SMITH"}],"circlet_count":0,"master_deck":["Strike_B","Strike_B","Defend_B","Defend_B","Defend_B","Defend_B","Zap+1","Dualcast+1","Go for the Eyes","Coolheaded","Cold Snap","Sweeping Beam+1","Steam","Stack+1","Gash","Rebound","Reboot","Skim+1","Zap","Thunder Strike"],"relics":["FrozenCore","Bronze Scales","Tiny Chest","Blue Candle","Bag of Marbles"],"acts_visited":["Exordium","TheCity"],"potions_floor_usage":[],"damage_taken":[{"damage":1,"enemies":"Cultist","floor":1,"turns":3},{"damage":0,"enemies":"2 Louse","floor":2,"turns":2},{"damage":0,"enemies":"Small Slimes","floor":3,"turns":2},{"damage":5,"enemies":"Blue Slaver","floor":4,"turns":4},{"damage":16,"enemies":"3 Sentries","floor":7,"turns":9},{"damage":11,"enemies":"Lagavulin","floor":11,"turns":6},{"damage":4,"enemies":"Exordium Thugs","floor":12,"turns":4},{"damage":0,"enemies":"3 Louse","floor":14,"turns":2},{"damage":15,"enemies":"Slime Boss","floor":16,"turns":12},{"damage":8,"enemies":"3 Byrds","floor":18,"turns":3},{"damage":0,"enemies":"2 Thieves","floor":22,"turns":1}],"seed_played":"7870748100411416218","potions_obtained":[{"floor":1,"key":"DuplicationPotion"},{"floor":3,"key":"Block Potion"},{"floor":14,"key":"SteroidPotion"}],"is_trial":false,"path_per_floor":["M","M","M","M","?","R","E","R","T","R","E","M","?","M","R","B",null,"M","?","$","T","M"],"character_chosen":"DEFECT","items_purchased":[],"campfire_rested":0,"item_purchase_floors":[],"current_hp_per_floor":[81,81,81,76,69,69,53,53,53,53,42,38,58,58,58,43,82,74,74,74,74,74,74],"gold":301,"neow_bonus":"TEN_PERCENT_HP_BONUS","is_daily":false,"chose_seed":false,"campfire_upgraded":4,"win_rate":0.0,"timestamp":1613520712,"path_taken":["M","?","M","M","?","R","E","R","T","R","E","M","?","M","R","BOSS","M","?","?","?","M"],"items_purchased_type":[],"build_version":"2020-12-22","purchased_purges":1,"victory":false,"max_hp_per_floor":[82,82,82,82,82,82,82,82,82,82,82,82,82,82,82,82,82,82,82,82,82,82,82],"card_choices":[{"not_picked":["Defragment","Conserve Battery"],"picked":"Go for the Eyes","floor":1},{"not_picked":["Fusion","Double Energy"],"picked":"Coolheaded","floor":2},{"not_picked":["Ball Lightning","Defragment"],"picked":"Cold Snap","floor":3},{"not_picked":["Ball Lightning","Leap"],"picked":"Sweeping Beam","floor":4},{"not_picked":["Cold Snap","Darkness"],"picked":"Steam","floor":7},{"not_picked":["Double Energy","Go for the Eyes"],"picked":"Stack","floor":11},{"not_picked":["Tempest","Redo"],"picked":"Gash","floor":12},{"not_picked":["Go for the Eyes","All For One"],"picked":"Rebound","floor":14},{"not_picked":["Amplify","Hyperbeam"],"picked":"Reboot","floor":16},{"not_picked":["Redo","Cold Snap"],"picked":"Skim+1","floor":18}],"player_experience":112429,"relics_obtained":[{"floor":7,"key":"Bronze Scales"},{"floor":9,"key":"Tiny Chest"},{"floor":11,"key":"Blue Candle"},{"floor":21,"key":"Bag of Marbles"}],"event_choices":[{"cards_removed":["Strike_B"],"damage_healed":0,"gold_gain":0,"player_choice":"Card Removal","damage_taken":7,"max_hp_gain":0,"max_hp_loss":0,"event_name":"Golden Wing","floor":5,"gold_loss":0},{"damage_healed":20,"gold_gain":0,"player_choice":"Healed","damage_taken":0,"max_hp_gain":0,"max_hp_loss":0,"event_name":"The Cleric","floor":13,"gold_loss":35},{"damage_healed":0,"gold_gain":0,"player_choice":"2 cards matched","damage_taken":0,"max_hp_gain":0,"max_hp_loss":0,"event_name":"Match and Keep!","floor":19,"gold_loss":0,"cards_obtained":["Zap","Thunder Strike"]}],"is_beta":false,"boss_relics":[{"not_picked":["Velvet Choker","SlaversCollar"],"picked":"FrozenCore"}],"items_purged_floors":[20],"is_endless":false,"potions_floor_spawned":[1,3,14],"killed_by":"2 Thieves","ascension_level":0}}