{"host":"ve9aztkoyqeblvav","time":1613577854,"event":{"mods":["Act Like it!","Aspiration","BaseMod","Colored Map","Colored Powertips","Highlight Path","Minty Spire (QoL Compilation)","Pale of the Ancients","Quick Restart","Reorder Act Four","StSLib","The Hierophant","Waifu the Spire"],"gold_per_floor":[112,187,187,207,81,81,122,122,168,212,225,225,240,275,275,369,369,385,112,153,153,172,172,205,205,205,236,251,126,126,150,150,243,243,262,287,287,301,112,112,130,130,154,173,173,192,207,241,241,241,241],"floor_reached":50,"language":"ZHS","playtime":1938,"items_purged":["Defend_P","Defend_P","Strike_P","Strike_P"],"score":1160,"play_id":"29d201d4-6252-405b-b78f-3b8718fdddc0","local_time":"20210218000414","is_ascension_mode":true,"campfire_choices":[{"data":"Eruption","floor":6.0,"key":"SMITH"},{"data":"BowlingBash","floor":8.0,"key":"SMITH"},{"data":"TalkToTheHand","floor":12.0,"key":"SMITH"},{"data":"CrushJoints","floor":15.0,"key":"SMITH"},{"data":"Adaptation","floor":23.0,"key":"SMITH"},{"data":"Ragnarok","floor":30.0,"key":"SMITH"},{"floor":32.0,"key":"DIG"},{"floor":40.0,"key":"DIG"},{"floor":42.0,"key":"DIG"},{"floor":49,"key":"RECALL"}],"circlet_count":0,"master_deck":["AscendersBane","Strike_P","Defend_P+1","Defend_P+1","Eruption+1","Vigilance","TalkToTheHand+1","FlurryOfBlows","BowlingBash+1","MentalFortress","TalkToTheHand","CrushJoints+1","Ragnarok+1","Adaptation+1","Seek","Reprogram","Turbo","FearNoEvil","Crescendo+1"],"relics":["PureWater","aspiration:Nostalgia","Burning Blood","Golden Idol","Shovel","War Paint","Lantern","Oddly Smooth Stone","aspiration:RitualDagger","PrismaticShard","Red Mask","aspiration:StickyExplosives_weak","Darkstone Periapt","aspiration:ChemicalBlood","Runic Dome","Eternal Feather","Boot","CeramicFish","HornCleat"],"acts_visited":["Exordium","TheCity","TheBeyond"],"potions_floor_usage":[46,46,50,50,50,50,50],"damage_taken":[{"damage":1.0,"enemies":"Cultist","floor":1.0,"turns":4.0},{"damage":0.0,"enemies":"Jaw Worm","floor":4.0,"turns":3.0},{"damage":28.0,"enemies":"Lagavulin","floor":7.0,"turns":7.0},{"damage":15.0,"enemies":"3 Sentries","floor":10.0,"turns":5.0},{"damage":0.0,"enemies":"2 Louse","floor":11.0,"turns":2.0},{"damage":12.0,"enemies":"Large Slime","floor":13.0,"turns":3.0},{"damage":0.0,"enemies":"Gremlin Nob","floor":14.0,"turns":3.0},{"damage":15.0,"enemies":"Hexaghost","floor":16.0,"turns":7.0},{"damage":44.0,"enemies":"Shell Parasite","floor":18.0,"turns":6.0},{"damage":13.0,"enemies":"Masked Bandits","floor":20.0,"turns":3.0},{"damage":45.0,"enemies":"2 Thieves","floor":22.0,"turns":3.0},{"damage":36.0,"enemies":"Gremlin Leader","floor":24.0,"turns":5.0},{"damage":9.0,"enemies":"Book of Stabbing","floor":27.0,"turns":3.0},{"damage":36.0,"enemies":"Snake Plant","floor":28.0,"turns":4.0},{"damage":22.0,"enemies":"Centurion and Healer","floor":31.0,"turns":5.0},{"damage":55.0,"enemies":"Champ","floor":33.0,"turns":4.0},{"damage":9.0,"enemies":"Orb Walker","floor":35.0,"turns":3.0},{"damage":28.0,"enemies":"3 Darklings","floor":36.0,"turns":2.0},{"damage":31.0,"enemies":"Sphere and 2 Shapes","floor":38.0,"turns":3.0},{"damage":33.0,"enemies":"Spire Growth","floor":41.0,"turns":3.0},{"damage":44.0,"enemies":"Maw","floor":44.0,"turns":4.0},{"damage":12,"enemies":"4 Shapes","floor":46,"turns":4},{"damage":6,"enemies":"Sphere and 2 Shapes","floor":47,"turns":2},{"damage":20,"enemies":"Nemesis","floor":48,"turns":4},{"damage":146,"enemies":"Time Eater","floor":50,"turns":7}],"seed_played":"5673091326337655651","potions_obtained":[{"floor":1.0,"key":"Regen Potion"},{"floor":11.0,"key":"DuplicationPotion"},{"floor":14.0,"key":"DistilledChaos"},{"floor":16.0,"key":"Explosive Potion"},{"floor":22.0,"key":"Explosive Potion"},{"floor":27.0,"key":"DuplicationPotion"},{"floor":33.0,"key":"Swift Potion"},{"floor":33.0,"key":"SneckoOil"},{"floor":35.0,"key":"SkillPotion"},{"floor":38.0,"key":"DistilledChaos"},{"floor":41.0,"key":"FearPotion"},{"floor":44.0,"key":"StancePotion"},{"floor":47,"key":"StancePotion"},{"floor":50,"key":"Block Potion"},{"floor":50,"key":"DuplicationPotion"},{"floor":50,"key":"GamblersBrew"}],"is_trial":false,"path_per_floor":["M","?","?","M","$","R","E","R","T","E","M","R","M","E","R","B",null,"M","$","?","?","M","R","E","?","T","E","M","$","R","M","R","B",null,"M","M","?","M","$","R","M","R","T","M","$","M","M","E","R","B"],"character_chosen":"WATCHER","items_purchased":["BowlingBash","PrismaticShard","FearNoEvil"],"campfire_rested":0,"item_purchase_floors":[5,19,39],"current_hp_per_floor":[66,55,55,61,61,61,39,39,39,42,48,48,42,48,48,39,56,18,18,11,11,49,49,45,62,62,62,41,41,41,45,45,46,58,62,49,62,46,46,46,40,49,49,44,44,55,62,59,62,0,0],"gold":241,"neow_bonus":"NOSTALGIA","is_daily":false,"chose_seed":false,"campfire_upgraded":6,"win_rate":0.0,"timestamp":1613577854,"path_taken":["M","?","?","?","$","R","E","R","T","E","M","R","M","E","R","BOSS","M","$","?","?","?","R","E","?","T","E","?","?","R","M","R","BOSS","M","M","?","M","$","R","M","R","T","M","$","M","M","E","R","BOSS"],"items_purchased_type":["Card","Relic","Card"],"build_version":"2020-12-22","purchased_purges":4,"victory":false,"max_hp_per_floor":[68,68,62,62,62,62,62,62,62,62,62,62,62,62,62,62,62,62,62,62,62,62,62,62,62,62,62,62,62,62,62,62,62,62,62,62,62,62,62,62,62,62,62,62,62,62,62,62,62,62,62],"card_choices":[{"not_picked":["WindmillStrike","FlyingSleeves"],"picked":"TalkToTheHand","floor":1.0},{"not_picked":["Crescendo","Vengeance"],"picked":"FlurryOfBlows","floor":4.0},{"not_picked":["BowlingBash","PathToVictory"],"picked":"MentalFortress","floor":7.0},{"not_picked":["EmptyFist","Perseverance","Crescendo"],"picked":"SKIP","floor":10.0},{"not_picked":["Protect","CarveReality","Halt"],"picked":"SKIP","floor":11.0},{"not_picked":["Indignation","ThirdEye"],"picked":"TalkToTheHand","floor":13.0},{"not_picked":["PathToVictory","FlyingSleeves"],"picked":"CrushJoints","floor":14.0},{"not_picked":["Brilliance","Devotion"],"picked":"Ragnarok","floor":16.0},{"not_picked":["Sanctity+1","ClearTheMind"],"picked":"Adaptation","floor":18.0},{"not_picked":["Auto Shields","Prostrate","Coolheaded"],"picked":"SKIP","floor":22.0},{"not_picked":["Twin Strike","Footwork"],"picked":"Bandage Up","floor":24.0},{"not_picked":["hierophant:RepressedViolence","Blur","Perfected Strike"],"picked":"SKIP","floor":27.0},{"not_picked":["Envenom","hierophant:Shelter+1","Choke"],"picked":"SKIP","floor":28.0},{"not_picked":["hierophant:Doomsaying","Darkness","Conserve Battery"],"picked":"SKIP","floor":31.0},{"not_picked":["Secret Weapon","Devotion"],"picked":"Seek","floor":33.0},{"not_picked":["Fasting2+1","Sanctity"],"picked":"Reprogram","floor":35.0},{"not_picked":["EmptyMind","Backflip"],"picked":"Turbo","floor":36.0},{"not_picked":["Streamline","FollowUp","CrushJoints"],"picked":"SKIP","floor":38.0},{"not_picked":["FearNoEvil","Storm"],"picked":"Crescendo+1","floor":41.0},{"not_picked":["WindmillStrike+1","FlyingSleeves","Seeing Red"],"picked":"SKIP","floor":44.0},{"not_picked":["hierophant:DisplayOfPower","Combust","Dagger Spray+1"],"picked":"SKIP","floor":46},{"not_picked":["Good Instincts","Headbutt+1","Body Slam+1"],"picked":"SKIP","floor":47},{"not_picked":["Sentinel+1","CutThroughFate+1","hierophant:FieryStrike+1"],"picked":"SKIP","floor":48}],"player_experience":1659501,"relics_obtained":[{"floor":7.0,"key":"Shovel"},{"floor":9.0,"key":"War Paint"},{"floor":10.0,"key":"Lantern"},{"floor":14.0,"key":"Oddly Smooth Stone"},{"floor":20.0,"key":"Red Mask"},{"floor":24.0,"key":"aspiration:StickyExplosives_weak"},{"floor":27.0,"key":"Darkstone Periapt"},{"floor":32.0,"key":"aspiration:ChemicalBlood"},{"floor":40.0,"key":"Eternal Feather"},{"floor":42.0,"key":"Boot"},{"floor":43.0,"key":"CeramicFish"},{"floor":48,"key":"HornCleat"}],"event_choices":[{"damage_healed":0.0,"max_hp_gain":0.0,"max_hp_loss":0.0,"gold_gain":75.0,"event_name":"World of Goop","player_choice":"Gather Gold","floor":2.0,"gold_loss":0.0,"damage_taken":11.0},{"damage_healed":0.0,"max_hp_gain":0.0,"max_hp_loss":6.0,"gold_gain":0.0,"event_name":"Golden Idol","player_choice":"Lose Max HP","floor":3.0,"gold_loss":0.0,"damage_taken":0.0,"relics_obtained":["Golden Idol"]},{"damage_healed":0.0,"max_hp_gain":0.0,"max_hp_loss":0.0,"gold_gain":0.0,"event_name":"Masked Bandits","player_choice":"Fought Bandits","floor":20.0,"gold_loss":0.0,"damage_taken":0.0},{"cards_removed":["Strike_P"],"damage_healed":0.0,"max_hp_gain":0.0,"max_hp_loss":0.0,"gold_gain":0.0,"event_name":"Purifier","player_choice":"Purged","floor":21.0,"gold_loss":0.0,"damage_taken":0.0},{"cards_removed":["Bandage Up"],"damage_healed":17.0,"max_hp_gain":0.0,"max_hp_loss":0.0,"gold_gain":0.0,"event_name":"Bonfire Elementals","player_choice":"Offered Uncommon","floor":25.0,"gold_loss":0.0,"damage_taken":0.0},{"damage_healed":13.0,"max_hp_gain":0.0,"max_hp_loss":0.0,"gold_gain":0.0,"event_name":"Wheel of Change","player_choice":"Full Heal","floor":37.0,"gold_loss":0.0,"damage_taken":0.0}],"is_beta":false,"boss_relics":[{"not_picked":["Astrolabe","HolyWater"],"picked":"aspiration:RitualDagger"},{"not_picked":["SlaversCollar","Black Star"],"picked":"Runic Dome"}],"items_purged_floors":[5,19,29,39],"is_endless":false,"potions_floor_spawned":[1,11,14,16,22,27,33,35,38,47,48],"killed_by":"Time Eater","ascension_level":20}}