{"host":"pj7egx7jkoz18hom","time":1613532870,"event":{"mods":["AchievementEnabler","BaseMod","Keyboard Shortcuts","Minty Spire (QoL Compilation)","SuperFastMode"],"gold_per_floor":[111,123,137,8,8,33,33,98,98,111,121,133,163,179,179,283,283,293,293,308,186,186,218,231,263,263,263,363,373,405,422,422,422,422],"floor_reached":33,"language":"KOR","playtime":1297,"items_purged":["Shame","Defend_R"],"score":399,"play_id":"e2872050-78b6-4bce-8611-2a9cf50b6c1a","local_time":"20210217123430","is_ascension_mode":true,"campfire_choices":[{"floor":7,"key":"REST"},{"data":"Armaments","floor":15,"key":"SMITH"},{"data":"Double Tap","floor":27,"key":"SMITH"},{"floor":32,"key":"REST"}],"circlet_count":0,"master_deck":["Strike_R","Strike_R","Strike_R","Strike_R","Strike_R","Defend_R+1","Defend_R+1","Bash","Perfected Strike","Offering","Headbutt","Twin Strike","Cleave","Pommel Strike","Flame Barrier","Intimidate","Wild Strike","Armaments+1","Double Tap+1","Pommel Strike","True Grit","Ghostly Armor","Ghostly Armor+1","Dropkick+1"],"relics":["Burning Blood","Champion Belt","Ornamental Fan","Red Skull","War Paint","Tiny Chest","Sozu","Molten Egg 2","Paper Frog","Calipers","Torii","Toxic Egg 2","Bag of Marbles"],"acts_visited":["Exordium","TheCity"],"potions_floor_usage":[6,13,16,23,25],"damage_taken":[{"damage":4,"enemies":"Small Slimes","floor":1,"turns":4},{"damage":9,"enemies":"Jaw Worm","floor":2,"turns":3},{"damage":7,"enemies":"2 Louse","floor":3,"turns":2},{"damage":37,"enemies":"Gremlin Nob","floor":6,"turns":4},{"damage":37,"enemies":"Lagavulin Event","floor":8,"turns":4},{"damage":0,"enemies":"2 Fungi Beasts","floor":10,"turns":2},{"damage":0,"enemies":"Large Slime","floor":11,"turns":3},{"damage":8,"enemies":"Blue Slaver","floor":12,"turns":2},{"damage":26,"enemies":"Lagavulin","floor":13,"turns":5},{"damage":0,"enemies":"Looter","floor":14,"turns":2},{"damage":26,"enemies":"The Guardian","floor":16,"turns":7},{"damage":19,"enemies":"2 Thieves","floor":18,"turns":3},{"damage":6,"enemies":"Spheric Guardian","floor":20,"turns":2},{"damage":7,"enemies":"Gremlin Leader","floor":23,"turns":4},{"damage":24,"enemies":"Cultist and Chosen","floor":24,"turns":6},{"damage":17,"enemies":"Slavers","floor":25,"turns":5},{"damage":6,"enemies":"Colosseum Slavers","floor":28,"turns":2},{"damage":6,"enemies":"Colosseum Nobs","floor":28,"turns":4},{"damage":6,"enemies":"Snecko","floor":29,"turns":2},{"damage":14,"enemies":"Book of Stabbing","floor":30,"turns":4},{"damage":6,"enemies":"Centurion and Healer","floor":31,"turns":3},{"damage":73,"enemies":"Collector","floor":33,"turns":7}],"seed_played":"-3396950469237060996","potions_obtained":[{"floor":1,"key":"GamblersBrew"},{"floor":8,"key":"BloodPotion"},{"floor":10,"key":"BloodPotion"},{"floor":11,"key":"Weak Potion"},{"floor":14,"key":"LiquidBronze"}],"is_trial":false,"path_per_floor":["M","M","M","$","?","E","R","?","T","M","M","M","E","M","R","B",null,"M","?","M","$","?","E","M","E","T","R","?","M","E","M","R","B"],"character_chosen":"IRONCLAD","items_purchased":["Twin Strike","True Grit"],"campfire_rested":2,"item_purchase_floors":[4,21],"current_hp_per_floor":[80,77,76,76,69,38,62,31,31,37,43,41,37,43,43,23,66,53,53,53,53,53,52,34,39,39,39,39,39,31,31,55,0,0],"gold":422,"neow_bonus":"ONE_RARE_RELIC","is_daily":false,"chose_seed":false,"campfire_upgraded":2,"win_rate":0.0,"timestamp":1613532870,"path_taken":["M","M","M","$","?","E","R","?","T","M","M","M","E","M","R","BOSS","M","?","M","$","?","E","M","E","T","R","?","M","E","M","R","BOSS"],"items_purchased_type":["Card","Card"],"build_version":"2020-12-22","purchased_purges":2,"victory":false,"max_hp_per_floor":[80,80,80,80,80,80,80,80,80,80,80,80,80,80,80,80,80,80,80,80,80,80,80,80,80,80,80,80,80,80,80,80,80,80],"card_choices":[{"not_picked":["Headbutt","Flex"],"picked":"Perfected Strike","floor":1},{"not_picked":["Havoc","Entrench"],"picked":"Offering","floor":2},{"not_picked":["Anger","Flex"],"picked":"Headbutt","floor":3},{"not_picked":["Flex","Havoc"],"picked":"Cleave","floor":6},{"not_picked":["Headbutt","Sword Boomerang"],"picked":"Pommel Strike","floor":8},{"not_picked":["Sword Boomerang","Entrench"],"picked":"Flame Barrier","floor":10},{"not_picked":["Fiend Fire","Feel No Pain"],"picked":"Intimidate","floor":11},{"not_picked":["Iron Wave","Anger","Headbutt"],"picked":"SKIP","floor":12},{"not_picked":["Dropkick","Clothesline"],"picked":"Wild Strike","floor":13},{"not_picked":["Warcry","Metallicize"],"picked":"Armaments","floor":14},{"not_picked":["Reaper","Fiend Fire"],"picked":"Double Tap","floor":16},{"not_picked":["Cleave","Rage","Clothesline"],"picked":"SKIP","floor":18},{"not_picked":["Havoc","Flex"],"picked":"Pommel Strike","floor":20},{"not_picked":["True Grit","Rupture+1"],"picked":"Ghostly Armor","floor":23},{"not_picked":["Rupture","Warcry","Anger+1"],"picked":"SKIP","floor":24},{"not_picked":["Clash+1","Bloodletting+1","Disarm"],"picked":"SKIP","floor":25},{"not_picked":["Thunderclap+1","Twin Strike+1"],"picked":"Ghostly Armor+1","floor":28},{"not_picked":["Feed+1","Reckless Charge+1","Inflame+1"],"picked":"SKIP","floor":29},{"not_picked":["Flex+1","Immolate+1"],"picked":"Dropkick+1","floor":30},{"not_picked":["Dark Embrace","Dropkick+1","Clothesline+1"],"picked":"SKIP","floor":31}],"player_experience":134242,"relics_obtained":[{"floor":6,"key":"Ornamental Fan"},{"floor":8,"key":"Red Skull"},{"floor":9,"key":"War Paint"},{"floor":13,"key":"Tiny Chest"},{"floor":23,"key":"Molten Egg 2"},{"floor":25,"key":"Paper Frog"},{"floor":26,"key":"Calipers"},{"floor":28,"key":"Torii"},{"floor":28,"key":"Toxic Egg 2"},{"floor":30,"key":"Bag of Marbles"}],"event_choices":[{"cards_removed":["Defend_R"],"damage_healed":0,"gold_gain":0,"player_choice":"Card Removal","damage_taken":7,"max_hp_gain":0,"max_hp_loss":0,"event_name":"Golden Wing","floor":5,"gold_loss":0},{"damage_healed":0,"gold_gain":30,"player_choice":"Searched \u00272\u0027 times","damage_taken":0,"max_hp_gain":0,"max_hp_loss":0,"event_name":"Dead Adventurer","floor":8,"gold_loss":0},{"damage_healed":0,"gold_gain":0,"player_choice":"Ignored","damage_taken":0,"max_hp_gain":0,"max_hp_loss":0,"event_name":"Vampires","floor":19,"gold_loss":0},{"damage_healed":0,"gold_gain":0,"player_choice":"Ignored","damage_taken":0,"max_hp_gain":0,"max_hp_loss":0,"event_name":"Ghosts","floor":22,"gold_loss":0},{"damage_healed":0,"gold_gain":0,"player_choice":"Fight","damage_taken":0,"max_hp_gain":0,"max_hp_loss":0,"event_name":"Colosseum","floor":28,"gold_loss":0},{"damage_healed":0,"gold_gain":0,"player_choice":"Fought Nobs","damage_taken":0,"max_hp_gain":0,"max_hp_loss":0,"event_name":"Colosseum","floor":28,"gold_loss":0}],"is_beta":false,"boss_relics":[{"not_picked":["Coffee Dripper","Busted Crown"],"picked":"Sozu"}],"items_purged_floors":[4,21],"is_endless":false,"potions_floor_spawned":[1,8,10,11,14,18,20,28,28],"killed_by":"Collector","ascension_level":5}}