{"host":"u4hhjc8c2w7dbcnr","time":1613599839,"event":{"mods":["BaseMod","Colored Map","Colored Powertips","Highlight Path","Minty Spire (QoL Compilation)","StSLib"],"gold_per_floor":[118,132,82,95,47,47,74,133,133,149,149,160,160,160,160,256,256,270,283,299,310,330,330,344,344,344,269,269,20,36,50,50,150,150,166,166,166,166,38,38,63,63,63,63,83,83,99,99,99,99],"floor_reached":51,"language":"ENG","playtime":3507,"items_purged":["Gash","Static Discharge+1"],"score":770,"play_id":"faf25f1d-3da3-4f29-9eee-3d72f70b746d","local_time":"20210218061039","is_ascension_mode":true,"campfire_choices":[{"data":"Fusion","floor":6,"key":"SMITH"},{"data":"Consume","floor":11,"key":"SMITH"},{"data":"Chaos","floor":13,"key":"SMITH"},{"data":"Dualcast","floor":15,"key":"SMITH"},{"data":"Defragment","floor":23,"key":"SMITH"},{"data":"Electrodynamics","floor":25,"key":"SMITH"},{"data":"Hello World","floor":28,"key":"SMITH"},{"floor":32,"key":"REST"},{"floor":40,"key":"RECALL"},{"floor":42,"key":"REST"},{"data":"Ball Lightning","floor":49,"key":"SMITH"}],"circlet_count":0,"master_deck":["Zap+1","Dualcast+1","Fusion+1","Glacier+1","Conserve Battery+1","Ball Lightning+1","Consume+1","Reinforced Body+1","Chaos+1","Electrodynamics+1","Leap+1","Defragment+1","Hello World+1","Doom and Gloom+1","Thunder Strike+1","Coolheaded+1","Rainbow+1","Ball Lightning+1","Fission+1","Metamorphosis+1"],"relics":["Cracked Core","HornCleat","Pocketwatch","Matryoshka","Juzu Bracelet","Smiling Mask","Pandora\u0027s Box","Orichalcum","War Paint","Toolbox","Busted Crown","Mark of the Bloom","Toxic Egg 2","Du-Vu Doll"],"acts_visited":["Exordium","TheCity","TheBeyond"],"potions_floor_usage":[7,7,8,16,24,31,33,33,41,50,50,50],"damage_taken":[{"damage":2,"enemies":"Jaw Worm","floor":1,"turns":3},{"damage":1,"enemies":"2 Louse","floor":2,"turns":3},{"damage":0,"enemies":"Small Slimes","floor":4,"turns":5},{"damage":10,"enemies":"Gremlin Nob","floor":7,"turns":3},{"damage":0,"enemies":"Gremlin Nob","floor":8,"turns":3},{"damage":2,"enemies":"Red Slaver","floor":10,"turns":2},{"damage":2,"enemies":"Blue Slaver","floor":12,"turns":3},{"damage":10,"enemies":"The Guardian","floor":16,"turns":11},{"damage":12,"enemies":"Chosen","floor":18,"turns":3},{"damage":5,"enemies":"3 Byrds","floor":19,"turns":3},{"damage":1,"enemies":"3 Cultists","floor":20,"turns":3},{"damage":0,"enemies":"Snecko","floor":21,"turns":4},{"damage":10,"enemies":"Centurion and Healer","floor":22,"turns":9},{"damage":3,"enemies":"Shelled Parasite and Fungi","floor":24,"turns":6},{"damage":15,"enemies":"Snake Plant","floor":30,"turns":3},{"damage":3,"enemies":"Centurion and Healer","floor":31,"turns":5},{"damage":0,"enemies":"Automaton","floor":33,"turns":10},{"damage":2,"enemies":"3 Darklings","floor":35,"turns":4},{"damage":17,"enemies":"Giant Head","floor":41,"turns":7},{"damage":0,"enemies":"Orb Walker","floor":45,"turns":3},{"damage":0,"enemies":"Maw","floor":47,"turns":6},{"damage":36,"enemies":"Awakened One","floor":50,"turns":13}],"seed_played":"4048525778064361771","potions_obtained":[{"floor":4,"key":"EntropicBrew"},{"floor":8,"key":"EssenceOfSteel"},{"floor":10,"key":"DuplicationPotion"},{"floor":18,"key":"PowerPotion"},{"floor":20,"key":"Energy Potion"},{"floor":36,"key":"GamblersBrew"},{"floor":36,"key":"ColorlessPotion"},{"floor":36,"key":"Fruit Juice"},{"floor":47,"key":"Fruit Juice"}],"is_trial":false,"path_per_floor":["M","M","?","M","$","R","E","?","T","M","R","M","R","T","R","B",null,"M","M","M","M","M","R","M","R","T","?","R","$","M","M","R","B",null,"M","?","?","?","$","R","E","R","T","?","M","?","M","?","R","B",null],"character_chosen":"DEFECT","items_purchased":["Ball Lightning","Toolbox","BlessingOfTheForge","PotionOfCapacity"],"campfire_rested":2,"item_purchase_floors":[5,29,29,39],"current_hp_per_floor":[66,65,65,65,65,65,55,55,55,53,53,51,51,51,51,41,68,56,51,50,50,40,40,37,37,37,37,37,37,22,19,39,39,68,66,66,66,66,66,66,49,49,49,49,49,49,49,49,49,13],"gold":99,"neow_bonus":"REMOVE_TWO","is_daily":false,"chose_seed":false,"campfire_upgraded":8,"win_rate":0.0,"timestamp":1613599839,"path_taken":["M","M","?","M","$","R","E","?","T","M","R","M","R","?","R","BOSS","M","M","M","M","M","R","M","R","T","?","R","$","M","M","R","BOSS","M","?","?","?","?","R","E","R","T","?","M","?","M","?","R","BOSS"],"items_purchased_type":["Card","Relic","Potion","Potion"],"build_version":"2020-12-22","purchased_purges":2,"victory":true,"max_hp_per_floor":[68,68,68,68,68,68,68,68,68,68,68,68,68,68,68,68,68,68,68,68,68,68,68,68,68,68,68,68,68,68,68,68,68,68,68,68,68,68,68,68,73,73,73,73,73,73,73,73,73,78],"card_choices":[{"not_picked":["Turbo","Hologram"],"picked":"Fusion","floor":1},{"not_picked":["Stack","Beam Cell"],"picked":"Glacier","floor":2},{"not_picked":["Undo","BootSequence"],"picked":"Conserve Battery","floor":4},{"not_picked":["Undo","Go for the Eyes"],"picked":"Consume","floor":7},{"not_picked":["Barrage","Go for the Eyes"],"picked":"Reinforced Body","floor":8},{"not_picked":["Steam","Go for the Eyes"],"picked":"Chaos","floor":10},{"not_picked":["Hologram","Force Field","Conserve Battery"],"picked":"SKIP","floor":12},{"not_picked":["Rainbow","Creative AI"],"picked":"Electrodynamics","floor":16},{"not_picked":["FTL+1","Stack"],"picked":"Doom and Gloom","floor":18},{"not_picked":["Barrage","Compile Driver"],"picked":"Static Discharge+1","floor":19},{"not_picked":["Rebound","Beam Cell","Fusion+1"],"picked":"SKIP","floor":20},{"not_picked":["Stack","Compile Driver"],"picked":"Cold Snap","floor":21},{"not_picked":["Static Discharge","Streamline","Ball Lightning"],"picked":"SKIP","floor":22},{"not_picked":["Hologram","Stack"],"picked":"Thunder Strike","floor":24},{"not_picked":["Gash","Steam"],"picked":"Coolheaded+1","floor":30},{"not_picked":["Sweeping Beam","Coolheaded","Go for the Eyes"],"picked":"SKIP","floor":31},{"not_picked":["Multi-Cast","Core Surge"],"picked":"Rainbow","floor":33},{"not_picked":["Turbo"],"picked":"SKIP","floor":35},{"not_picked":["Leap+1"],"picked":"SKIP","floor":41},{"not_picked":["Gash"],"picked":"SKIP","floor":45},{"not_picked":[],"picked":"Good Instincts+1","floor":46},{"not_picked":["Ball Lightning"],"picked":"SKIP","floor":47}],"player_experience":117018,"relics_obtained":[{"floor":7,"key":"HornCleat"},{"floor":8,"key":"Pocketwatch"},{"floor":9,"key":"Matryoshka"},{"floor":14,"key":"Juzu Bracelet"},{"floor":14,"key":"Smiling Mask"},{"floor":26,"key":"Orichalcum"},{"floor":26,"key":"War Paint"},{"floor":41,"key":"Toxic Egg 2"},{"floor":43,"key":"Du-Vu Doll"}],"event_choices":[{"cards_removed":["Strike_B"],"damage_healed":0,"gold_gain":0,"player_choice":"Card Removal","damage_taken":0,"max_hp_gain":0,"max_hp_loss":0,"event_name":"The Cleric","floor":3,"gold_loss":50},{"damage_healed":0,"gold_gain":30,"player_choice":"Searched \u00273\u0027 times","damage_taken":0,"max_hp_gain":0,"max_hp_loss":0,"event_name":"Dead Adventurer","floor":8,"gold_loss":0},{"cards_removed":["Recycle"],"damage_healed":0,"gold_gain":0,"player_choice":"Gave Gold","damage_taken":0,"max_hp_gain":0,"max_hp_loss":0,"event_name":"Beggar","floor":27,"gold_loss":75},{"damage_healed":0,"gold_gain":0,"player_choice":"Got Potions","damage_taken":0,"max_hp_gain":0,"max_hp_loss":0,"event_name":"Lab","floor":36,"gold_loss":0},{"damage_healed":0,"gold_gain":0,"player_choice":"Upgrade","damage_taken":0,"relics_obtained":["Mark of the Bloom"],"max_hp_gain":0,"max_hp_loss":0,"event_name":"MindBloom","floor":37,"gold_loss":0,"cards_upgraded":["Glacier","Conserve Battery","Ball Lightning","Leap","Doom and Gloom","Cold Snap","Thunder Strike","Rainbow"]},{"cards_removed":["Cold Snap"],"damage_healed":0,"gold_gain":0,"player_choice":"Removed Attack","damage_taken":0,"max_hp_gain":0,"max_hp_loss":0,"event_name":"Falling","floor":38,"gold_loss":0},{"damage_healed":0,"gold_gain":0,"player_choice":"2 cards matched","damage_taken":0,"max_hp_gain":0,"max_hp_loss":0,"event_name":"Match and Keep!","floor":44,"gold_loss":0,"cards_obtained":["Ball Lightning","Fission"]},{"damage_healed":0,"gold_gain":0,"player_choice":"Memory 1","damage_taken":0,"max_hp_gain":0,"max_hp_loss":0,"event_name":"SensoryStone","floor":46,"gold_loss":0},{"damage_healed":0,"gold_gain":0,"cards_transformed":["Good Instincts"],"player_choice":"Transformed","damage_taken":0,"max_hp_gain":0,"max_hp_loss":0,"event_name":"Transmorgrifier","floor":48,"gold_loss":0,"cards_obtained":["Metamorphosis"]}],"is_beta":false,"boss_relics":[{"not_picked":["Runic Dome","SacredBark"],"picked":"Pandora\u0027s Box"},{"not_picked":["FrozenCore","Snecko Eye"],"picked":"Busted Crown"}],"items_purged_floors":[29,39],"is_endless":false,"potions_floor_spawned":[4,8,10,18,20,30,31,47],"ascension_level":2}}