{"host":"y4mx56vxqys6xwyn","time":1613536624,"event":{"mods":["BaseMod","Hermit","Minty Spire (QoL Compilation)","StSLib","The Bug Knight"],"gold_per_floor":[114,114,126,126,126,126,160,15,40,52,64,64],"floor_reached":11,"language":"ENG","playtime":469,"items_purged":[],"score":94,"play_id":"9b43fcf5-4625-4aa1-adf5-ffa660264b47","local_time":"20210216223704","is_ascension_mode":false,"campfire_choices":[{"data":"HollowMod:LifebloodCocoon","floor":6,"key":"SMITH"},{"data":"HollowMod:theNailsmith","floor":10,"key":"SMITH"}],"circlet_count":0,"master_deck":["HollowMod:NailStrikeStart","HollowMod:NailStrikeStart+1","HollowMod:NailStrikeStart","HollowMod:NailStrikeStart","HollowMod:QuickDashStart","HollowMod:QuickDashStart","HollowMod:QuickDashStart","HollowMod:QuickDashStart","HollowMod:FocusHealStart+1","HollowMod:PogoStrike","HollowMod:GoodIntentions","HollowMod:LifebloodCocoon+1","Regret","HollowMod:SiblingsSouls","HollowMod:theNailsmith+1"],"relics":["HollowMod:VesselMask","NeowsBlessing","Vajra","Peace Pipe","Toy Ornithopter","MawBank"],"acts_visited":["Exordium"],"potions_floor_usage":[],"damage_taken":[{"damage":0,"enemies":"Jaw Worm","floor":1,"turns":1},{"damage":0,"enemies":"2 Louse","floor":3,"turns":1},{"damage":0,"enemies":"Lagavulin","floor":7,"turns":1},{"damage":80,"enemies":"Gremlin Nob","floor":11,"turns":5}],"seed_played":"-6736685028434674304","potions_obtained":[],"is_trial":false,"path_per_floor":["M","?","M","?","T","R","E","$","T","R","E"],"character_chosen":"THE_BUGKNIGHT","items_purchased":["HollowMod:theNailsmith"],"campfire_rested":0,"item_purchase_floors":[8],"current_hp_per_floor":[75,60,60,60,60,60,60,60,60,60,0,0],"gold":64,"neow_bonus":"THREE_ENEMY_KILL","is_daily":false,"chose_seed":false,"campfire_upgraded":2,"win_rate":0.0,"timestamp":1613536624,"path_taken":["M","?","M","?","?","R","E","$","T","R","E"],"items_purchased_type":["Card"],"build_version":"2020-12-22","purchased_purges":0,"victory":false,"max_hp_per_floor":[75,75,75,75,75,75,75,75,75,75,75,75],"card_choices":[{"not_picked":["HollowMod:ShadowDash","HollowMod:DescendingDark"],"picked":"HollowMod:GoodIntentions","floor":1},{"not_picked":["HollowMod:DesolateDive","HollowMod:ShadowDash"],"picked":"HollowMod:LifebloodCocoon","floor":3},{"not_picked":["HollowMod:WraithStrike","HollowMod:SoulStrike"],"picked":"HollowMod:SiblingsSouls","floor":7}],"player_experience":71154,"relics_obtained":[{"floor":5,"key":"Peace Pipe"},{"floor":7,"key":"Toy Ornithopter"},{"floor":9,"key":"MawBank"}],"event_choices":[{"damage_healed":0,"gold_gain":0,"player_choice":"Entered Light","damage_taken":15,"max_hp_gain":0,"max_hp_loss":0,"event_name":"Shining Light","floor":2,"gold_loss":0,"cards_upgraded":["HollowMod:FocusHealStart","HollowMod:NailStrikeStart"]},{"damage_healed":0,"gold_gain":0,"player_choice":"Box","damage_taken":0,"relics_obtained":["Vajra"],"max_hp_gain":0,"max_hp_loss":0,"event_name":"Big Fish","floor":4,"gold_loss":0,"cards_obtained":["Regret"]}],"is_beta":false,"boss_relics":[],"items_purged_floors":[],"is_endless":false,"potions_floor_spawned":[],"killed_by":"Gremlin Nob","ascension_level":0}}