{"host":"uv231blk40vjdojr","time":1613592802,"event":{"mods":["BaseMod","Minty Spire (QoL Compilation)","Relic Stats"],"gold_per_floor":[117,117,117,137,155,155,184,197,220,220,63,91,91,101,101,205,205,219,144,162,182,22,51,83,83,83,117,117,131,8,41,41,136,136,151,166,116,136,156,176,176,14,39,39,372,372,372,382,382,382],"floor_reached":51,"playtime":4109,"items_purged":["Strike_P","Parasite","LessonLearned"],"score":1026,"play_id":"3118b57b-cc01-481e-b63b-d8a6ff08fa80","local_time":"20210217211322","is_ascension_mode":true,"campfire_choices":[{"data":"Eruption","floor":6.0,"key":"SMITH"},{"data":"TalkToTheHand","floor":10.0,"key":"SMITH"},{"data":"Meditate","floor":15.0,"key":"SMITH"},{"floor":25.0,"key":"REST"},{"floor":32.0,"key":"REST"},{"floor":41.0,"key":"REST"},{"data":"Vault","floor":46.0,"key":"SMITH"},{"data":"CutThroughFate","floor":49.0,"key":"SMITH"}],"circlet_count":0,"master_deck":["Strike_P+1","Defend_P+1","Eruption+1","Vigilance+1","TalkToTheHand+1","Consecrate","Swivel+1","Meditate+1","BattleHymn+1","CutThroughFate+1","CrushJoints+1","LikeWater+1","Halt+1","ReachHeaven+1","Wireheading+1","Devotion+1","CutThroughFate+1","MasterReality+1","SashWhip+1","Fasting2+1","Evaluate+1","Vault+1"],"relics":["Empty Cage","Smiling Mask","Happy Flower","Membership Card","Potion Belt","Cursed Key","Bottled Lightning","TeardropLocket","Red Mask","Lizard Tail","Lantern","Omamori","War Paint","Astrolabe","Pen Nib","PreservedInsect","Old Coin"],"acts_visited":["Exordium","TheCity","TheBeyond"],"potions_floor_usage":[],"damage_taken":[{"damage":4.0,"enemies":"2 Louse","floor":1.0,"turns":2.0},{"damage":0.0,"enemies":"Cultist","floor":4.0,"turns":3.0},{"damage":0.0,"enemies":"Small Slimes","floor":5.0,"turns":3.0},{"damage":20.0,"enemies":"Gremlin Nob","floor":7.0,"turns":3.0},{"damage":5.0,"enemies":"3 Louse","floor":8.0,"turns":3.0},{"damage":15.0,"enemies":"Lagavulin","floor":12.0,"turns":10.0},{"damage":3.0,"enemies":"Looter","floor":14.0,"turns":3.0},{"damage":0.0,"enemies":"Slime Boss","floor":16.0,"turns":6.0},{"damage":22.0,"enemies":"2 Thieves","floor":18.0,"turns":2.0},{"damage":0.0,"enemies":"Spheric Guardian","floor":20.0,"turns":2.0},{"damage":7.0,"enemies":"Snake Plant","floor":21.0,"turns":4.0},{"damage":17.0,"enemies":"Gremlin Leader","floor":23.0,"turns":6.0},{"damage":2.0,"enemies":"Masked Bandits","floor":24.0,"turns":2.0},{"damage":21.0,"enemies":"Book of Stabbing","floor":27.0,"turns":5.0},{"damage":0.0,"enemies":"3 Cultists","floor":29.0,"turns":3.0},{"damage":9.0,"enemies":"Gremlin Leader","floor":31.0,"turns":6.0},{"damage":14.0,"enemies":"Champ","floor":33.0,"turns":9.0},{"damage":28.0,"enemies":"3 Darklings","floor":35.0,"turns":4.0},{"damage":0.0,"enemies":"Orb Walker","floor":36.0,"turns":3.0},{"damage":10.0,"enemies":"Maw","floor":38.0,"turns":6.0},{"damage":7.0,"enemies":"Jaw Worm Horde","floor":39.0,"turns":3.0},{"damage":6.0,"enemies":"4 Shapes","floor":40.0,"turns":3.0},{"damage":9.0,"enemies":"Giant Head","floor":45.0,"turns":6.0},{"damage":0.0,"enemies":"Sphere and 2 Shapes","floor":48.0,"turns":4.0},{"damage":24,"enemies":"Donu and Deca","floor":50,"turns":7}],"seed_played":"1384057846606785384","potions_obtained":[{"floor":5.0,"key":"Block Potion"},{"floor":7.0,"key":"FearPotion"},{"floor":8.0,"key":"Fruit Juice"},{"floor":12.0,"key":"Dexterity Potion"},{"floor":23.0,"key":"Dexterity Potion"},{"floor":24.0,"key":"Block Potion"},{"floor":29.0,"key":"StancePotion"},{"floor":31.0,"key":"SpeedPotion"},{"floor":35.0,"key":"Strength Potion"},{"floor":40.0,"key":"Strength Potion"},{"floor":45.0,"key":"Fruit Juice"},{"floor":48.0,"key":"SpeedPotion"}],"is_trial":false,"path_per_floor":["M","?","?","M","M","R","E","M","T","R","$","E","?","M","R","B",null,"M","$","M","M","$","E","?","R","T","E","?","M","$","E","R","B",null,"M","M","$","M","M","M","R","$","T","?","E","R","?","M","R","B",null],"character_chosen":"WATCHER","items_purchased":["Membership Card","CrushJoints","Bottled Lightning","ReachHeaven","Omamori","Vault","Pen Nib","FairyPotion"],"campfire_rested":3,"item_purchase_floors":[11,19,22,22,30,42,42,42],"current_hp_per_floor":[61,61,61,61,61,61,41,36,36,36,36,21,21,18,18,18,59,42,42,42,35,35,18,16,39,39,18,18,18,18,9,31,17,60,32,32,32,22,15,9,31,31,31,50,46,46,46,46,46,22],"gold":382,"neow_bonus":"BOSS_RELIC","is_daily":false,"chose_seed":false,"campfire_upgraded":5,"win_rate":0.0,"timestamp":1613592802,"path_taken":["M","?","?","M","M","R","E","?","T","R","?","E","?","M","R","BOSS","M","$","M","M","$","E","?","R","T","E","?","?","$","E","R","BOSS","M","M","$","M","M","M","R","$","T","?","E","R","?","M","R","BOSS"],"items_purchased_type":["Relic","Card","Relic","Card","Relic","Card","Relic","Potion"],"build_version":"2020-12-22","purchased_purges":3,"victory":true,"max_hp_per_floor":[72,72,72,72,72,72,72,72,72,72,72,72,72,72,72,72,72,77,77,77,77,77,77,77,77,77,77,77,77,74,74,74,74,74,74,74,74,74,74,74,74,74,74,74,79,79,79,79,79,79],"relic_stats":{"Lizard Tail":0,"Happy Flower":[31],"counters":[25,108],"Astrolabe":["LessonLearned","SashWhip","Fasting2"],"Pen Nib":[4],"PreservedInsect":125,"War Paint":["Swivel","Vigilance"],"Smiling Mask":1,"Cursed Key":2,"obtain_stats":[{"Potion Belt":12,"Lantern":28,"Happy Flower":9,"Astrolabe":34,"Pen Nib":42,"PreservedInsect":43,"Omamori":30,"TeardropLocket":23,"War Paint":31,"Empty Cage":0,"Smiling Mask":7,"Cursed Key":17,"Old Coin":45,"Lizard Tail":27,"Red Mask":24,"Membership Card":11,"Bottled Lightning":22,"PureWater":0},{"Potion Belt":6,"Lantern":14,"Happy Flower":5,"Astrolabe":17,"Pen Nib":22,"PreservedInsect":22,"Omamori":15,"TeardropLocket":12,"War Paint":16,"Empty Cage":0,"Smiling Mask":4,"Cursed Key":8,"Old Coin":23,"Lizard Tail":14,"Red Mask":13,"Membership Card":5,"Bottled Lightning":11,"PureWater":0},{"Potion Belt":24,"Lantern":54,"Happy Flower":14,"Astrolabe":72,"Pen Nib":91,"PreservedInsect":91,"Omamori":57,"TeardropLocket":47,"War Paint":63,"Empty Cage":0,"Smiling Mask":11,"Cursed Key":33,"Old Coin":97,"Lizard Tail":54,"Red Mask":49,"Membership Card":14,"Bottled Lightning":41,"PureWater":0}]},"card_choices":[{"not_picked":["FlurryOfBlows","SandsOfTime"],"picked":"TalkToTheHand","floor":1.0},{"not_picked":["Prostrate","EmptyFist"],"picked":"Halt","floor":4.0},{"not_picked":["SignatureMove","Meditate"],"picked":"Consecrate","floor":5.0},{"not_picked":["JustLucky","Crescendo"],"picked":"Swivel","floor":7.0},{"not_picked":["EmptyBody","Halt","Fasting2"],"picked":"SKIP","floor":8.0},{"not_picked":["EmptyBody","Halt","Fasting2"],"picked":"SKIP","floor":8.0},{"not_picked":["EmptyBody","Evaluate"],"picked":"Meditate","floor":12.0},{"not_picked":["Nirvana","Study"],"picked":"BattleHymn","floor":14.0},{"not_picked":["Omniscience","SpiritShield"],"picked":"LessonLearned","floor":16.0},{"not_picked":["EmptyFist","JustLucky+1"],"picked":"CutThroughFate","floor":18.0},{"not_picked":["FollowUp","Evaluate+1"],"picked":"LikeWater+1","floor":20.0},{"not_picked":["Crescendo","EmptyBody"],"picked":"Halt+1","floor":21.0},{"not_picked":["BowlingBash","WaveOfTheHand"],"picked":"Wireheading+1","floor":23.0},{"not_picked":["SashWhip","BowlingBash"],"picked":"Devotion","floor":24.0},{"not_picked":["JustLucky","MentalFortress","ClearTheMind"],"picked":"SKIP","floor":27.0},{"not_picked":["Sanctity+1","Crescendo"],"picked":"CutThroughFate","floor":29.0},{"not_picked":["EmptyBody","MentalFortress","ThirdEye+1"],"picked":"SKIP","floor":31.0},{"not_picked":["Judgement","LessonLearned"],"picked":"MasterReality","floor":33.0},{"not_picked":["Evaluate","Nirvana","ClearTheMind+1"],"picked":"SKIP","floor":35.0},{"not_picked":["FlurryOfBlows+1","ThirdEye+1","WheelKick+1"],"picked":"SKIP","floor":36.0},{"not_picked":["Weave","InnerPeace","Wireheading+1"],"picked":"SKIP","floor":38.0},{"not_picked":["Fasting2+1","ClearTheMind+1","Consecrate+1"],"picked":"SKIP","floor":39.0},{"not_picked":["Crescendo","CrushJoints"],"picked":"Evaluate+1","floor":40.0},{"not_picked":["CutThroughFate","SashWhip+1","Nirvana+1"],"picked":"SKIP","floor":45.0},{"not_picked":["Nirvana+1","ForeignInfluence","ThirdEye+1"],"picked":"SKIP","floor":48.0}],"player_experience":774594,"relics_obtained":[{"floor":7.0,"key":"Smiling Mask"},{"floor":9.0,"key":"Happy Flower"},{"floor":12.0,"key":"Potion Belt"},{"floor":23.0,"key":"TeardropLocket"},{"floor":24.0,"key":"Red Mask"},{"floor":27.0,"key":"Lizard Tail"},{"floor":31.0,"key":"War Paint"},{"floor":43.0,"key":"PreservedInsect"},{"floor":45.0,"key":"Old Coin"}],"event_choices":[{"damage_healed":0.0,"max_hp_gain":0.0,"max_hp_loss":0.0,"gold_gain":0.0,"event_name":"The Cleric","player_choice":"Leave","floor":2.0,"gold_loss":0.0,"damage_taken":0.0},{"cards_removed":["Defend_P"],"damage_healed":0.0,"max_hp_gain":0.0,"max_hp_loss":0.0,"gold_gain":0.0,"event_name":"Bonfire Elementals","player_choice":"Offered Basic","floor":3.0,"gold_loss":0.0,"damage_taken":0.0},{"damage_healed":0.0,"max_hp_gain":0.0,"max_hp_loss":0.0,"gold_gain":0.0,"event_name":"Golden Wing","player_choice":"Ignored","floor":13.0,"gold_loss":0.0,"damage_taken":0.0},{"damage_healed":0.0,"max_hp_gain":0.0,"max_hp_loss":0.0,"gold_gain":0.0,"event_name":"Masked Bandits","player_choice":"Fought Bandits","floor":24.0,"gold_loss":0.0,"damage_taken":0.0},{"damage_healed":0.0,"max_hp_gain":0.0,"max_hp_loss":0.0,"gold_gain":0.0,"event_name":"WeMeetAgain","player_choice":"Gave Potion","floor":28.0,"gold_loss":0.0,"damage_taken":0.0,"relics_obtained":["Lantern"]},{"damage_healed":19.0,"max_hp_gain":0.0,"max_hp_loss":0.0,"gold_gain":0.0,"event_name":"Winding Halls","player_choice":"Writhe","floor":44.0,"gold_loss":0.0,"damage_taken":0.0,"cards_obtained":["Writhe"]},{"cards_removed":["LessonLearned"],"damage_healed":0.0,"max_hp_gain":0.0,"max_hp_loss":0.0,"gold_gain":0.0,"event_name":"Falling","player_choice":"Removed Attack","floor":47.0,"gold_loss":0.0,"damage_taken":0.0}],"is_beta":false,"boss_relics":[{"not_picked":["Philosopher\u0027s Stone","Tiny House"],"picked":"Cursed Key"},{"not_picked":["Snecko Eye","Black Star"],"picked":"Astrolabe"}],"items_purged_floors":[19,30,37],"is_endless":false,"potions_floor_spawned":[5,7,8,12,23,24,29,31,35,40,45,48],"ascension_level":6}}