{"host":"9zznonz1olisd4fd","time":1613536925,"event":{"mods":["BaseMod","Keyboard Shortcuts","Minty Spire (QoL Compilation)","StSLib","SuperFastMode"],"gold_per_floor":[113,0,12,12,12,55,55,55,55,55,55],"floor_reached":10,"language":"KOR","playtime":377,"items_purged":["Strike_B"],"score":102,"play_id":"2826ddaf-bb62-43cd-9c90-2bbed2c314ec","local_time":"20210217134205","is_ascension_mode":true,"campfire_choices":[{"data":"Darkness","floor":7,"key":"SMITH"}],"circlet_count":0,"master_deck":["AscendersBane","Strike_B","Strike_B","Strike_B","Defend_B+1","Defend_B","Defend_B","Defend_B","Zap","Dualcast+1","Master of Strategy","Darkness+1","Genetic Algorithm","Hologram"],"relics":["Cracked Core","Golden Idol","Lantern","Dream Catcher"],"acts_visited":["Exordium"],"potions_floor_usage":[7,10],"damage_taken":[{"damage":7,"enemies":"Jaw Worm","floor":1,"turns":2},{"damage":4,"enemies":"Small Slimes","floor":3,"turns":4},{"damage":22,"enemies":"Lagavulin","floor":6,"turns":7},{"damage":50,"enemies":"Gremlin Nob","floor":10,"turns":4}],"seed_played":"-6767670563216745449","potions_obtained":[{"floor":3,"key":"SpeedPotion"},{"floor":6,"key":"Fruit Juice"}],"is_trial":false,"path_per_floor":["M","$","M","?","?","E","R","?","T","E"],"character_chosen":"DEFECT","items_purchased":["Genetic Algorithm"],"campfire_rested":0,"item_purchase_floors":[2],"current_hp_per_floor":[61,61,57,62,62,40,45,30,30,0,0],"gold":55,"neow_bonus":"RANDOM_COLORLESS_2","is_daily":false,"chose_seed":false,"campfire_upgraded":1,"win_rate":0.0,"timestamp":1613536925,"path_taken":["M","$","M","?","?","E","R","?","T","E"],"items_purchased_type":["Card"],"build_version":"2020-12-22","purchased_purges":1,"victory":false,"max_hp_per_floor":[68,68,68,73,68,68,73,73,73,73,73],"card_choices":[{"not_picked":["Thinking Ahead","Mayhem"],"picked":"Master of Strategy","floor":0},{"not_picked":["Auto Shields","Redo"],"picked":"Darkness","floor":1},{"not_picked":["Leap","Fusion","Storm"],"picked":"SKIP","floor":3},{"not_picked":["Beam Cell","Ball Lightning"],"picked":"Hologram","floor":6}],"player_experience":554726,"relics_obtained":[{"floor":6,"key":"Lantern"},{"floor":9,"key":"Dream Catcher"}],"event_choices":[{"damage_healed":0,"gold_gain":0,"player_choice":"Donut","damage_taken":0,"max_hp_gain":5,"max_hp_loss":0,"event_name":"Big Fish","floor":4,"gold_loss":0},{"damage_healed":0,"gold_gain":0,"player_choice":"Lose Max HP","damage_taken":0,"relics_obtained":["Golden Idol"],"max_hp_gain":0,"max_hp_loss":5,"event_name":"Golden Idol","floor":5,"gold_loss":0},{"damage_healed":0,"gold_gain":0,"player_choice":"Entered Light","damage_taken":15,"max_hp_gain":0,"max_hp_loss":0,"event_name":"Shining Light","floor":8,"gold_loss":0,"cards_upgraded":["Dualcast","Defend_B"]}],"is_beta":false,"boss_relics":[],"items_purged_floors":[2],"is_endless":false,"potions_floor_spawned":[3,6],"killed_by":"Gremlin Nob","ascension_level":12}}