{"host":"q57ekfojy3i00x9o","time":1613569627,"event":{"mods":["Act Like it!","Arknights","Aspiration","BaseMod","Colored Map","Energized Spire","Hermit","Minty Spire (QoL Compilation)","Quick Restart","Spicy Shops","Spikes Relics","StSLib","slay the spire mod where everything is the same but ironclad has a cowboy hat"],"gold_per_floor":[118,41,58,58,76,76,76,96,121,121,134,153,153,172,172,172,172],"floor_reached":16,"language":"RUS","playtime":383,"items_purged":[],"score":147,"play_id":"295f8ccf-a281-45f0-8ee0-e38cae136192","local_time":"20210217184707","is_ascension_mode":true,"campfire_choices":[{"data":"ats:Echo Reverb","floor":6,"key":"SMITH"},{"floor":10,"key":"REST"},{"floor":15,"key":"REST"}],"circlet_count":0,"master_deck":["AscendersBane","ats:Strike C","ats:Strike G","ats:Strike S","ats:Armor Crushing Shot","ats:Defend","ats:Defend","ats:Defend","ats:Defend","ats:Emotion Absorption","ats:Echo Reverb+1","ats:Blood Oath","ats:Magnetic Hammer","ats:Cat Scratch","ats:Collapsing Strike","Injury","ats:Sword Rain+1","ats:Guard Mode","ats:Ambush","ats:Song Of Battle","ats:Closed Bolt Burst Fire+1"],"relics":["ats:Sanity","Molten Egg 2","Odd Mushroom","Strawberry"],"acts_visited":["Exordium"],"potions_floor_usage":[8,16,16],"damage_taken":[{"damage":9,"enemies":"ats:Genji","floor":1,"turns":4},{"damage":6,"enemies":"Jaw Worm","floor":3,"turns":3},{"damage":0,"enemies":"Small Slimes","floor":5,"turns":3},{"damage":38,"enemies":"The Mushroom Lair","floor":8,"turns":5},{"damage":1,"enemies":"Exordium Wildlife","floor":11,"turns":2},{"damage":27,"enemies":"Large Slime","floor":12,"turns":6},{"damage":15,"enemies":"Looter","floor":14,"turns":4},{"damage":50,"enemies":"Hexaghost","floor":16,"turns":13}],"seed_played":"-868520348591761030","potions_obtained":[{"floor":3,"key":"Dexterity Potion"},{"floor":8,"key":"Fruit Juice"},{"floor":12,"key":"Block Potion"},{"floor":14,"key":"Fire Potion"}],"is_trial":false,"path_per_floor":["M","$","M","?","M","R","?","?","T","R","M","M","?","M","R","B"],"character_chosen":"DOCTOR_CLASS","items_purchased":["ats:Magnetic Hammer"],"campfire_rested":2,"item_purchase_floors":[2],"current_hp_per_floor":[56,56,53,58,58,58,58,28,35,59,58,34,34,22,46,0,0],"gold":172,"neow_bonus":"THREE_RARE_CARDS","is_daily":false,"chose_seed":false,"campfire_upgraded":1,"win_rate":0.0,"timestamp":1613569627,"path_taken":["M","$","M","?","M","R","?","?","T","R","M","M","?","?","R","BOSS"],"items_purchased_type":["Card"],"build_version":"2020-12-22","purchased_purges":0,"victory":false,"max_hp_per_floor":[65,65,65,70,70,70,70,75,82,82,82,82,82,82,82,82,82],"card_choices":[{"not_picked":["ats:Roar Of Ursus","ats:Fractured Body"],"picked":"ats:Echo Reverb","floor":0},{"not_picked":["ats:Assault Order","ats:Shell Defense"],"picked":"ats:Blood Oath","floor":1},{"not_picked":["ats:Assault Order","ats:Beaten Up"],"picked":"ats:Cat Scratch","floor":3},{"not_picked":["ats:Assault Order","ats:Chain Hook"],"picked":"ats:Collapsing Strike","floor":5},{"not_picked":["ats:Burning Ground","ats:Magnetic Hammer+1"],"picked":"ats:Sword Rain+1","floor":8},{"not_picked":["ats:Part Time Job","ats:Encircling Forest"],"picked":"ats:Guard Mode","floor":11},{"not_picked":["ats:Powerful Strike+1","ats:Cat Scratch+1"],"picked":"ats:Ambush","floor":12},{"not_picked":["ats:Revitalization","ats:Leaping Hammer+1"],"picked":"ats:Closed Bolt Burst Fire+1","floor":14}],"player_experience":773318,"relics_obtained":[{"floor":8,"key":"Odd Mushroom"},{"floor":9,"key":"Strawberry"}],"event_choices":[{"damage_healed":0,"gold_gain":0,"player_choice":"Donut","damage_taken":0,"max_hp_gain":5,"max_hp_loss":0,"event_name":"Big Fish","floor":4,"gold_loss":0},{"damage_healed":0,"gold_gain":0,"player_choice":"Fought Mushrooms","damage_taken":0,"max_hp_gain":0,"max_hp_loss":0,"event_name":"Mushrooms","floor":8,"gold_loss":0},{"damage_healed":0,"gold_gain":0,"cards_transformed":["ats:Strike V"],"player_choice":"Transformed","damage_taken":0,"max_hp_gain":0,"max_hp_loss":0,"event_name":"Transmorgrifier","floor":13,"gold_loss":0,"cards_obtained":["ats:Song Of Battle"]}],"is_beta":false,"boss_relics":[],"items_purged_floors":[],"is_endless":false,"potions_floor_spawned":[3,8,12,14],"killed_by":"Hexaghost","ascension_level":12}}