{"host":"tr0r177cvmpvg89h","time":1613550501,"event":{"mods":["BaseMod","Colored Map","DeckTracker","Minty Spire (QoL Compilation)","StSLib","SuperFastMode"],"gold_per_floor":[114,64,64,81,81,109,109,136,136,154,154,168,168,185,185,289,289,305,321,26,301,311,311,311,311,311],"floor_reached":25,"language":"KOR","playtime":1693,"items_purged":[],"score":201,"play_id":"c87cb31e-26c3-4ea6-8f06-ef9bc38ab65c","local_time":"20210217172821","is_ascension_mode":false,"campfire_choices":[{"data":"Noxious Fumes","floor":7,"key":"SMITH"},{"data":"Neutralize","floor":11,"key":"SMITH"},{"data":"Survivor","floor":13,"key":"SMITH"},{"data":"Backstab","floor":15,"key":"SMITH"},{"floor":24,"key":"REST"}],"circlet_count":0,"master_deck":["Strike_G","Strike_G","Strike_G","Defend_G","Defend_G","Defend_G+1","Defend_G","Defend_G+1","Survivor+1","Neutralize+1","Noxious Fumes+1","Backstab+1","Masterful Stab","Burst","Regret"],"relics":["Ring of the Serpent","Blue Candle","War Paint","Snake Skull","Lantern","Enchiridion"],"acts_visited":["Exordium","TheCity"],"potions_floor_usage":[16],"damage_taken":[{"damage":8,"enemies":"Jaw Worm","floor":1,"turns":8},{"damage":0,"enemies":"Small Slimes","floor":4,"turns":5},{"damage":27,"enemies":"Lagavulin","floor":6,"turns":12},{"damage":0,"enemies":"Cultist","floor":10,"turns":4},{"damage":0,"enemies":"3 Louse","floor":12,"turns":3},{"damage":0,"enemies":"2 Fungi Beasts","floor":14,"turns":3},{"damage":21,"enemies":"Slime Boss","floor":16,"turns":10},{"damage":14,"enemies":"2 Thieves","floor":18,"turns":5},{"damage":9,"enemies":"3 Byrds","floor":19,"turns":5},{"damage":8,"enemies":"Sentry and Sphere","floor":22,"turns":7},{"damage":54,"enemies":"Gremlin Leader","floor":25,"turns":7}],"seed_played":"-600509832891280769","potions_obtained":[{"floor":1,"key":"Swift Potion"},{"floor":6,"key":"Poison Potion"},{"floor":14,"key":"Dexterity Potion"},{"floor":18,"key":"PowerPotion"}],"is_trial":false,"path_per_floor":["M","?","$","M","?","E","R","T","T","M","R","M","R","M","R","B",null,"M","M","$","?","M","?","R","E"],"character_chosen":"THE_SILENT","items_purchased":["Burst","Lantern"],"campfire_rested":1,"item_purchase_floors":[20,20],"current_hp_per_floor":[62,62,62,62,67,40,40,40,40,40,40,40,40,40,40,19,75,61,52,52,52,44,28,50,0,0],"gold":311,"neow_bonus":"REMOVE_CARD","is_daily":false,"chose_seed":false,"campfire_upgraded":4,"win_rate":0.0,"timestamp":1613550501,"path_taken":["M","?","$","M","?","E","R","?","T","M","R","M","R","M","R","BOSS","M","M","$","?","?","?","R","E"],"items_purchased_type":["Card","Relic"],"build_version":"2020-12-22","purchased_purges":0,"victory":false,"max_hp_per_floor":[70,70,70,70,75,75,75,75,75,75,75,75,75,75,75,75,75,75,75,75,75,75,75,75,75,75],"card_choices":[{"not_picked":["Backstab","Acrobatics"],"picked":"Noxious Fumes","floor":1},{"not_picked":["Noxious Fumes","Flechettes"],"picked":"Backstab","floor":4},{"not_picked":["Blade Dance","Dagger Throw"],"picked":"Masterful Stab","floor":6},{"not_picked":["Infinite Blades","Flying Knee","Underhanded Strike"],"picked":"SKIP","floor":10},{"not_picked":["Backflip","Dash","All Out Attack"],"picked":"SKIP","floor":12},{"not_picked":["Dagger Spray","Underhanded Strike","Tactician"],"picked":"SKIP","floor":14},{"not_picked":["Underhanded Strike","Flying Knee+1","Acrobatics+1"],"picked":"SKIP","floor":18},{"not_picked":["Eviscerate+1","Sucker Punch+1","Blade Dance"],"picked":"SKIP","floor":19},{"not_picked":["Heel Hook","PiercingWail","Outmaneuver"],"picked":"SKIP","floor":22}],"player_experience":93299,"relics_obtained":[{"floor":6,"key":"Blue Candle"},{"floor":8,"key":"War Paint"},{"floor":9,"key":"Snake Skull"},{"floor":23,"key":"Enchiridion"}],"event_choices":[{"cards_removed":["Strike_G"],"damage_healed":0,"gold_gain":0,"player_choice":"Card Removal","damage_taken":0,"max_hp_gain":0,"max_hp_loss":0,"event_name":"The Cleric","floor":2,"gold_loss":50},{"damage_healed":0,"gold_gain":0,"player_choice":"Donut","damage_taken":0,"max_hp_gain":5,"max_hp_loss":0,"event_name":"Big Fish","floor":5,"gold_loss":0},{"damage_healed":0,"gold_gain":275,"player_choice":"Desecrate","damage_taken":0,"max_hp_gain":0,"max_hp_loss":0,"event_name":"Golden Shrine","floor":21,"gold_loss":0,"cards_obtained":["Regret"]},{"damage_healed":0,"gold_gain":0,"player_choice":"Obtained Book","damage_taken":16,"max_hp_gain":0,"max_hp_loss":0,"event_name":"Cursed Tome","floor":23,"gold_loss":0}],"is_beta":false,"boss_relics":[{"not_picked":["Astrolabe","Cursed Key"],"picked":"Ring of the Serpent"}],"items_purged_floors":[],"is_endless":false,"potions_floor_spawned":[1,6,14,18],"killed_by":"Gremlin Leader","ascension_level":0}}