{"host":"6vtgmkkqqeew181q","time":1613522687,"event":{"mods":["AYAYA","BaseMod","Better Skull","Better Third Choice","BetterRewards","Colored Powertips","Downfall","Faster Ascension Climbing","Highlight Path","Minty Spire (QoL Compilation)","Reliquary","Spicy Shops","Spire Birthday Party","StSLib","The Bug Knight","The Jungle"],"gold_per_floor":[114,133,20,40,40,68,68,68,141,141,141,156,156,169,169,273,273,293,312,12,12,23,23,57,89,89,14,14,48,48,48,48],"floor_reached":31,"language":"ENG","playtime":2449,"items_purged":["HollowMod:NailStrikeStart"],"score":271,"play_id":"bd19d51d-d22d-4742-aa38-c9d94f70689b","local_time":"20210216164447","is_ascension_mode":false,"campfire_choices":[{"data":"HollowMod:VengefulSpirit","floor":7,"key":"SMITH"},{"data":"HollowMod:RecoilStrike","floor":10,"key":"SMITH"},{"data":"HollowMod:SlysStrikes","floor":13,"key":"SMITH"},{"data":"HollowMod:SoulStrike","floor":15,"key":"SMITH"},{"data":"HollowMod:DesolateDive","floor":23,"key":"SMITH"},{"data":"HollowMod:SlysStrikes","floor":30,"key":"SMITH"}],"circlet_count":0,"master_deck":["HollowMod:NailStrikeStart","HollowMod:NailStrikeStart","HollowMod:NailStrikeStart","HollowMod:QuickDashStart","HollowMod:QuickDashStart","HollowMod:QuickDashStart","HollowMod:QuickDashStart","HollowMod:FocusHealStart","HollowMod:PogoStrike","HollowMod:PerfectDash","HollowMod:DashSlash","HollowMod:MothsMistake","HollowMod:RecoilStrike+1","HollowMod:VengefulSpirit+1","HollowMod:DesolateDive+1","HollowMod:SlysStrikes+1","HollowMod:SoulStrike+1","HollowMod:Hiveblood","HollowMod:Grubsong+1","HollowMod:CloakDash+1","HollowMod:NewLastStag","HollowMod:CloakDash","HollowMod:Weaversong","HollowMod:GreatSlash","Pain","HollowMod:SlysStrikes+1"],"relics":["HollowMod:VesselMask","NlothsMask","Akabeko","SlaversCollar","Blood Vial","Red Mask","Nunchaku","InkBottle","WarpedTongs","Girya"],"acts_visited":["Exordium","TheCity"],"potions_floor_usage":[6,16,16,29],"damage_taken":[{"damage":0,"enemies":"2 Louse","floor":1,"turns":4},{"damage":1,"enemies":"Cultist","floor":2,"turns":4},{"damage":2,"enemies":"Jaw Worm","floor":4,"turns":4},{"damage":12,"enemies":"Gremlin Nob","floor":6,"turns":4},{"damage":0,"enemies":"Looter","floor":12,"turns":2},{"damage":9,"enemies":"Red Slaver","floor":14,"turns":4},{"damage":29,"enemies":"HollowMod:FalseKnight","floor":16,"turns":6},{"damage":21,"enemies":"Chosen","floor":18,"turns":6},{"damage":28,"enemies":"3 Byrds","floor":19,"turns":6},{"damage":43,"enemies":"Snake Plant","floor":22,"turns":6},{"damage":51,"enemies":"Masked Bandits","floor":24,"turns":6},{"damage":30,"enemies":"Book of Stabbing","floor":25,"turns":5},{"damage":8,"enemies":"HollowMod:Nosk","floor":29,"turns":5},{"damage":24,"enemies":"Shelled Parasite and Fungi","floor":31,"turns":4}],"seed_played":"754577602718650670","potions_obtained":[{"floor":2,"key":"Weak Potion"},{"floor":6,"key":"Strength Potion"},{"floor":12,"key":"GamblersBrew"},{"floor":19,"key":"PowerPotion"},{"floor":22,"key":"Block Potion"}],"is_trial":false,"path_per_floor":["M","M","$","M","?","E","R","$","T","R","?","M","R","M","R","B",null,"M","M","?","?","M","R","?","E","T","$","?","E","R","M"],"character_chosen":"THE_BUGKNIGHT","items_purchased":["HollowMod:MothsMistake","HollowMod:RecoilStrike"],"campfire_rested":0,"item_purchase_floors":[3,3],"current_hp_per_floor":[82,82,82,80,80,68,68,68,68,68,68,68,68,65,65,42,82,79,66,66,66,46,46,15,7,7,7,7,7,7,0,0],"gold":48,"neow_bonus":"TEN_PERCENT_HP_BONUS","is_daily":false,"chose_seed":false,"campfire_upgraded":6,"win_rate":0.0,"timestamp":1613522687,"path_taken":["M","M","$","M","?","E","R","?","T","R","?","M","R","M","R","BOSS","M","M","?","?","?","R","?","E","T","$","?","E","R","?"],"items_purchased_type":["Card","Card"],"build_version":"2020-12-22","purchased_purges":1,"victory":false,"max_hp_per_floor":[82,82,82,82,82,82,82,82,82,82,82,82,82,82,82,82,82,82,82,82,82,82,82,82,82,82,82,82,82,82,82,82],"card_choices":[{"not_picked":["HollowMod:ShadowDash","HollowMod:SiblingsSouls"],"picked":"HollowMod:PerfectDash","floor":1},{"not_picked":["HollowMod:DescendingDark","HollowMod:SiblingsSouls"],"picked":"HollowMod:DashSlash","floor":2},{"not_picked":["HollowMod:DescendingDark","HollowMod:LifebloodCocoon"],"picked":"HollowMod:VengefulSpirit","floor":4},{"not_picked":["HollowMod:GrimmsGift","HollowMod:InfectedCysts"],"picked":"HollowMod:DesolateDive","floor":6},{"not_picked":["HollowMod:BaldurShell","HollowMod:CloakDash"],"picked":"HollowMod:SlysStrikes","floor":12},{"not_picked":["HollowMod:InfectedAttack","HollowMod:DashSlash"],"picked":"HollowMod:SoulStrike","floor":14},{"not_picked":["HollowMod:AwokenDreamNail","HollowMod:VoidDash"],"picked":"HollowMod:Hiveblood","floor":16},{"not_picked":["HollowMod:SiblingsSouls","HollowMod:GreatSlash"],"picked":"HollowMod:Grubsong+1","floor":18},{"not_picked":["HollowMod:ShadowDash","HollowMod:HowlingWraiths"],"picked":"HollowMod:CloakDash+1","floor":19},{"not_picked":["HollowMod:VengefulVoid+1","HollowMod:CycloneSlash+1"],"picked":"HollowMod:CloakDash","floor":22},{"not_picked":["HollowMod:NewJinnsSoul+1","HollowMod:CornifersMapStart"],"picked":"HollowMod:Weaversong","floor":24},{"not_picked":["HollowMod:SoulSplash","HollowMod:MawleksShell"],"picked":"HollowMod:GreatSlash","floor":25},{"not_picked":["HollowMod:NewJinnsSoul","HollowMod:HuntersJournal"],"picked":"HollowMod:SlysStrikes","floor":29}],"player_experience":639308,"relics_obtained":[{"floor":6,"key":"Akabeko"},{"floor":24,"key":"Red Mask"},{"floor":25,"key":"Nunchaku"},{"floor":26,"key":"InkBottle"},{"floor":29,"key":"Girya"}],"event_choices":[{"damage_healed":0,"gold_gain":0,"player_choice":"Trade","damage_taken":0,"relics_obtained":["NlothsMask"],"max_hp_gain":0,"max_hp_loss":0,"event_name":"FaceTrader","floor":5,"gold_loss":0},{"damage_healed":0,"gold_gain":0,"player_choice":"Gave Potion","damage_taken":0,"relics_obtained":["Blood Vial"],"max_hp_gain":0,"max_hp_loss":0,"event_name":"WeMeetAgain","floor":21,"gold_loss":0},{"damage_healed":0,"gold_gain":0,"player_choice":"Fought Bandits","damage_taken":0,"max_hp_gain":0,"max_hp_loss":0,"event_name":"Masked Bandits","floor":24,"gold_loss":0},{"damage_healed":0,"gold_gain":0,"player_choice":"Rummage","damage_taken":0,"relics_obtained":["WarpedTongs"],"max_hp_gain":0,"max_hp_loss":0,"event_name":"Accursed Blacksmith","floor":28,"gold_loss":0,"cards_obtained":["Pain"]}],"is_beta":false,"boss_relics":[{"not_picked":["reliquary:Ember","Calling Bell"],"picked":"SlaversCollar"}],"items_purged_floors":[27],"is_endless":false,"potions_floor_spawned":[2,6,12,19,22],"killed_by":"Shelled Parasite and Fungi","ascension_level":0}}