{"host":"pj7egx7jkoz18hom","time":1613547901,"event":{"mods":["AchievementEnabler","BaseMod","Keyboard Shortcuts","Minty Spire (QoL Compilation)","SuperFastMode"],"gold_per_floor":[11,23,36,36,36,36,36,57,57,95,111,211,211,231,231,355,355,373,111,126,126,126,167,167,167,222,222,222,241,241,259,259,259,259],"floor_reached":33,"language":"KOR","playtime":1091,"items_purged":["Defend_P"],"score":335,"play_id":"b6d65c8c-7b5a-4281-97ab-687099ff0727","local_time":"20210217164501","is_ascension_mode":false,"campfire_choices":[{"floor":13,"key":"REST"},{"data":"1","floor":15,"key":"LIFT"},{"data":"Adaptation","floor":24,"key":"SMITH"},{"data":"Adaptation","floor":28,"key":"SMITH"},{"data":"Halt","floor":30,"key":"SMITH"},{"floor":32,"key":"REST"}],"circlet_count":0,"master_deck":["Strike_P","Strike_P","Strike_P","Defend_P","Defend_P","Defend_P","Eruption","Evaluate","Adaptation+1","FlurryOfBlows","Tantrum","DeusExMachina","ClearTheMind+1","Adaptation+1","Halt+1"],"relics":["PureWater","Girya","HornCleat","Golden Idol","Ginger","Kunai","Tiny Chest","Empty Cage","Sling","Mango","Pantograph","Blood Vial"],"acts_visited":["Exordium","TheCity"],"potions_floor_usage":[10,14,16,23,25,29,33],"damage_taken":[{"damage":0,"enemies":"Cultist","floor":1,"turns":2},{"damage":0,"enemies":"2 Louse","floor":2,"turns":2},{"damage":0,"enemies":"Small Slimes","floor":3,"turns":3},{"damage":0,"enemies":"3 Louse","floor":8,"turns":3},{"damage":37,"enemies":"Lagavulin","floor":10,"turns":5},{"damage":11,"enemies":"Exordium Wildlife","floor":11,"turns":4},{"damage":0,"enemies":"Large Slime","floor":14,"turns":3},{"damage":0,"enemies":"Slime Boss","floor":16,"turns":6},{"damage":0,"enemies":"3 Byrds","floor":18,"turns":4},{"damage":4,"enemies":"2 Thieves","floor":20,"turns":3},{"damage":17,"enemies":"Gremlin Leader","floor":23,"turns":4},{"damage":0,"enemies":"Slavers","floor":25,"turns":1},{"damage":15,"enemies":"Snake Plant","floor":29,"turns":3},{"damage":9,"enemies":"3 Cultists","floor":31,"turns":4},{"damage":85,"enemies":"Collector","floor":33,"turns":7}],"seed_played":"-1120068056923265055","potions_obtained":[{"floor":2,"key":"DuplicationPotion"},{"floor":10,"key":"Dexterity Potion"},{"floor":11,"key":"Regen Potion"},{"floor":16,"key":"Weak Potion"},{"floor":18,"key":"SmokeBomb"},{"floor":31,"key":"DuplicationPotion"}],"is_trial":false,"path_per_floor":["M","M","M","T","?","?","?","M","T","E","M","?","R","M","R","B",null,"M","$","M","?","T","E","R","E","T","?","R","M","R","M","R","B"],"character_chosen":"WATCHER","items_purchased":["Adaptation","Sling"],"campfire_rested":2,"item_purchase_floors":[19,19],"current_hp_per_floor":[72,72,72,72,67,67,60,60,60,23,12,12,32,41,41,41,67,67,67,63,63,77,60,60,60,60,48,48,35,35,28,52,0,0],"gold":259,"neow_bonus":"ONE_RARE_RELIC","is_daily":false,"chose_seed":false,"campfire_upgraded":3,"win_rate":0.0,"timestamp":1613547901,"path_taken":["M","M","M","?","?","?","?","M","T","E","?","?","R","M","R","BOSS","M","$","M","?","?","E","R","E","T","?","R","M","R","M","R","BOSS"],"items_purchased_type":["Card","Relic"],"build_version":"2020-12-22","purchased_purges":1,"victory":false,"max_hp_per_floor":[72,72,72,72,67,67,67,67,67,67,67,67,67,67,67,67,67,67,67,67,67,81,81,81,81,81,81,81,81,81,81,81,81,81],"card_choices":[{"not_picked":["Crescendo","CutThroughFate"],"picked":"Evaluate","floor":1},{"not_picked":["Perseverance","Consecrate"],"picked":"Adaptation","floor":2},{"not_picked":["BattleHymn","CutThroughFate","Meditate"],"picked":"SKIP","floor":3},{"not_picked":["ConjureBlade","SandsOfTime"],"picked":"FlurryOfBlows","floor":8},{"not_picked":["ThirdEye","Indignation"],"picked":"Tantrum","floor":10},{"not_picked":["Evaluate","Vengeance","Collect"],"picked":"SKIP","floor":11},{"not_picked":["EmptyFist","Protect","SandsOfTime"],"picked":"SKIP","floor":14},{"not_picked":["Wish","DevaForm"],"picked":"DeusExMachina","floor":16},{"not_picked":["CrushJoints+1","Crescendo"],"picked":"ClearTheMind+1","floor":18},{"not_picked":["TalkToTheHand","JustLucky+1","CrushJoints+1"],"picked":"SKIP","floor":20},{"not_picked":["WreathOfFlame+1","Consecrate"],"picked":"Halt","floor":23},{"not_picked":["Prostrate","JustLucky","EmptyBody"],"picked":"SKIP","floor":29},{"not_picked":["Swivel","SashWhip+1","FollowUp"],"picked":"SKIP","floor":31}],"player_experience":141599,"relics_obtained":[{"floor":4,"key":"HornCleat"},{"floor":9,"key":"Kunai"},{"floor":10,"key":"Tiny Chest"},{"floor":22,"key":"Mango"},{"floor":23,"key":"Pantograph"},{"floor":26,"key":"Blood Vial"}],"event_choices":[{"damage_healed":0,"gold_gain":0,"player_choice":"Lose Max HP","damage_taken":0,"relics_obtained":["Golden Idol"],"max_hp_gain":0,"max_hp_loss":5,"event_name":"Golden Idol","floor":5,"gold_loss":0},{"damage_healed":0,"gold_gain":0,"player_choice":"Leave","damage_taken":0,"max_hp_gain":0,"max_hp_loss":0,"event_name":"The Cleric","floor":6,"gold_loss":0},{"damage_healed":0,"gold_gain":0,"player_choice":"Success","damage_taken":7,"relics_obtained":["Ginger"],"max_hp_gain":0,"max_hp_loss":0,"event_name":"Scrap Ooze","floor":7,"gold_loss":0},{"damage_healed":0,"gold_gain":100,"player_choice":"Gold","damage_taken":0,"max_hp_gain":0,"max_hp_loss":0,"event_name":"Wheel of Change","floor":12,"gold_loss":0},{"damage_healed":0,"gold_gain":0,"player_choice":"Ignored","damage_taken":0,"max_hp_gain":0,"max_hp_loss":0,"event_name":"Duplicator","floor":21,"gold_loss":0},{"damage_healed":0,"gold_gain":0,"player_choice":"POTION ","damage_taken":12,"max_hp_gain":0,"max_hp_loss":0,"event_name":"Knowing Skull","floor":27,"potions_obtained":["LiquidBronze"],"gold_loss":0,"cards_obtained":[]}],"is_beta":false,"boss_relics":[{"not_picked":["Runic Pyramid","Sozu"],"picked":"Empty Cage"}],"items_purged_floors":[19],"is_endless":false,"potions_floor_spawned":[2,10,11,16,18,25,31],"killed_by":"Collector","ascension_level":0}}