{"host":"vucub2jtaeo9vgh1","time":1613569493,"event":{"mods":["BaseMod","BetterRewards","Minty Spire (QoL Compilation)","Quick Restart","Rare Cards Sparkle","Replay The Spire","StSLib"],"gold_per_floor":[111,111,122,21,38,38,72,89,158,158,158,169,183,216,216,314,314,300,123,141,161,181,181,212,226,303,303,316,333,361,98,98,197,197,207,60,78,78,78,112,131,131,131,159,170,20,0,25,25,25],"floor_reached":51,"language":"ENG","playtime":2119,"items_purged":["Strike_B","Strike_B","Strike_B","Defend_B"],"score":1014,"play_id":"f8b963d2-86ad-4021-bee0-3cba0858dcba","local_time":"20210217144453","is_ascension_mode":false,"campfire_choices":[{"data":"Apotheosis","floor":6.0,"key":"SMITH"},{"floor":11.0,"key":"REST"},{"floor":15.0,"key":"REST"},{"floor":23.0,"key":"REST"},{"floor":32.0,"key":"REST"},{"floor":42,"key":"DIG"},{"floor":49,"key":"DIG"}],"circlet_count":0,"master_deck":["Defend_B","Defend_B","Defend_B","Zap","Dualcast","Leap","Sweeping Beam","All For One","Conserve Battery","Apotheosis+1","Go for the Eyes","Go for the Eyes","Beam Cell","Streamline","Genetic Algorithm","FTL","ReplayTheSpireMod:Calculation Training","Echo Form+1","Gash+1","Gash+1","Streamline+1","Machine Learning+1","ReplayGash+1","Machine Learning+1","ReplayGash+1"],"relics":["Cracked Core","Thread and Needle","Orrery","Lizard Tail","Ginger","Golden Egg","Oddly Smooth Stone","Replay:Bronze Core","Eternal Feather","Quantum Egg","Replay:Antivirus Software","Sozu","Bag of Preparation","Shovel","FossilizedHelix","Pear","Unceasing Top","Red Mask","Mummified Hand","Replay:Bottled Snecko"],"acts_visited":["Exordium","TheCity","TheBeyond"],"potions_floor_usage":[],"damage_taken":[{"damage":0.0,"enemies":"Jaw Worm","floor":1.0,"turns":3.0},{"damage":0.0,"enemies":"Cultist","floor":3.0,"turns":3.0},{"damage":0.0,"enemies":"2 Louse","floor":5.0,"turns":3.0},{"damage":16.0,"enemies":"Gremlin Nob","floor":7.0,"turns":4.0},{"damage":0.0,"enemies":"Gremlin Gang","floor":8.0,"turns":3.0},{"damage":0.0,"enemies":"Lots of Slimes","floor":12.0,"turns":3.0},{"damage":1.0,"enemies":"Red Slaver","floor":13.0,"turns":2.0},{"damage":2.0,"enemies":"Lagavulin","floor":14.0,"turns":5.0},{"damage":8.0,"enemies":"The Guardian","floor":16.0,"turns":8.0},{"damage":7.0,"enemies":"2 Thieves","floor":18.0,"turns":5.0},{"damage":0.0,"enemies":"Shell Parasite","floor":20.0,"turns":5.0},{"damage":1.0,"enemies":"Cultist and Chosen","floor":21.0,"turns":5.0},{"damage":31.0,"enemies":"3 Cultists","floor":22.0,"turns":5.0},{"damage":14.0,"enemies":"Book of Stabbing","floor":24.0,"turns":6.0},{"damage":0.0,"enemies":"Snecko","floor":25.0,"turns":7.0},{"damage":0.0,"enemies":"Cultist and Chosen","floor":28.0,"turns":4.0},{"damage":35.0,"enemies":"Shelled Parasite and Fungi","floor":29.0,"turns":5.0},{"damage":2.0,"enemies":"Replay:Snechameleon","floor":30.0,"turns":5.0},{"damage":14.0,"enemies":"Collector","floor":33.0,"turns":8.0},{"damage":0,"enemies":"Orb Walker","floor":35,"turns":3},{"damage":9,"enemies":"3 Darklings","floor":37,"turns":5},{"damage":30,"enemies":"R_Hoarder","floor":40,"turns":8},{"damage":0,"enemies":"Transient","floor":41,"turns":5},{"damage":0,"enemies":"Giant Head","floor":44,"turns":6},{"damage":0,"enemies":"Maw","floor":45,"turns":6},{"damage":24,"enemies":"R_Hoarder","floor":48,"turns":6},{"damage":2,"enemies":"Donu and Deca","floor":50,"turns":7}],"seed_played":"-3009376331429879353","potions_obtained":[{"floor":1.0,"key":"Ancient Potion"},{"floor":8.0,"key":"Adrenaline Potion"},{"floor":14.0,"key":"FocusPotion"},{"floor":16.0,"key":"SneckoOil"},{"floor":18.0,"key":"LifebloodPotion"},{"floor":20.0,"key":"SteroidPotion"},{"floor":22.0,"key":"FocusPotion"},{"floor":25.0,"key":"Languid Potion"},{"floor":29.0,"key":"Swift Potion"},{"floor":30.0,"key":"FocusPotion"}],"is_trial":false,"path_per_floor":["M","?","M","$","M","R","E","M","T","?","R","M","M","E","R","B",null,"M","$","M","M","M","R","E","M","T","?","M","M","E","$","R","B",null,"M","$","M","$","?","E","M","R","T","E","M","$","?","E","R","B",null],"character_chosen":"DEFECT","items_purchased":["Orrery","Apotheosis","Go for the Eyes","Beam Cell","Streamline","Gash","Streamline","Machine Learning","Bag of Preparation"],"campfire_rested":4,"item_purchase_floors":[0,0,0,4,4,19,19,31,36],"current_hp_per_floor":[33,33,33,33,33,33,17,17,17,17,39,39,38,36,58,50,75,68,68,68,67,36,58,44,44,44,44,44,9,7,7,44,30,75,75,75,66,66,66,36,36,51,61,61,61,61,61,37,52,50],"gold":25,"neow_bonus":"","is_daily":false,"chose_seed":false,"campfire_upgraded":1,"win_rate":0.0,"timestamp":1613569493,"path_taken":["M","?","M","$","?","R","E","?","T","?","R","M","M","E","R","BOSS","M","$","M","M","M","R","E","?","T","?","M","M","E","$","R","BOSS","M","$","M","$","?","E","M","R","T","E","?","$","?","E","R","BOSS"],"items_purchased_type":["Relic","Card","Card","Card","Card","Card","Card","Card","Relic"],"build_version":"2020-12-22","purchased_purges":4,"victory":true,"max_hp_per_floor":[75,75,75,75,75,75,75,75,75,75,75,75,75,75,75,75,75,75,75,75,75,75,75,75,75,75,75,75,75,75,75,75,75,75,75,75,75,75,75,75,75,75,85,85,85,85,85,85,85,85],"card_choices":[{"not_picked":["Steam","Cold Snap"],"picked":"Leap","floor":0.0},{"not_picked":["Barrage","Coolheaded"],"picked":"Sweeping Beam","floor":0.0},{"not_picked":["Sweeping Beam","ReplayTheSpireMod:GoodbyeWorld"],"picked":"All For One","floor":0.0},{"not_picked":["Lockon","Sweeping Beam"],"picked":"Conserve Battery","floor":0.0},{"not_picked":["Leap","Sunder"],"picked":"Go for the Eyes","floor":1.0},{"not_picked":["ReplayTheSpireMod:Reroute Power","Rebound","Tempest"],"picked":"SKIP","floor":3.0},{"not_picked":["BasicCrystalCard","Time Bomb","Sweeping Beam"],"picked":"SKIP","floor":5.0},{"not_picked":["Reinforced Body","Melter","All For One"],"picked":"SKIP","floor":7.0},{"not_picked":["Rebound","Coolheaded"],"picked":"Genetic Algorithm","floor":8.0},{"not_picked":["FIFO Queue","Steam"],"picked":"FTL","floor":12.0},{"not_picked":["BasicCrystalCard","Redo","Lockon"],"picked":"SKIP","floor":13.0},{"not_picked":["Turbo","Barrage"],"picked":"ReplayTheSpireMod:Calculation Training","floor":14.0},{"not_picked":["Hyperbeam","All For One"],"picked":"Echo Form","floor":16.0},{"not_picked":["Rebound","Ball Lightning"],"picked":"Gash+1","floor":18.0},{"not_picked":["Panic Button+1","Sweeping Beam","Stack"],"picked":"SKIP","floor":20.0},{"not_picked":["Conserve Battery","Redo","BasicCrystalCard"],"picked":"SKIP","floor":21.0},{"not_picked":["Storm","Hello World+1"],"picked":"Machine Learning","floor":22.0},{"not_picked":["BasicCrystalCard","Coolheaded","Panic Button"],"picked":"SKIP","floor":24.0},{"not_picked":["Cold Snap+1","Double Energy"],"picked":"ReplayGash","floor":25.0},{"not_picked":["Sweeping Beam+1","Conserve Battery+1","Melter"],"picked":"SKIP","floor":28.0},{"not_picked":["Hologram","Stack","Heatsinks"],"picked":"SKIP","floor":29.0},{"not_picked":["Stack","Steam","Hologram+1"],"picked":"SKIP","floor":30.0},{"not_picked":["Darkness+1","Tempest","Melter"],"picked":"SKIP","floor":35},{"not_picked":["Time Bomb+1","Rebound","Tempest"],"picked":"SKIP","floor":37},{"not_picked":["ReplayTheSpireMod:Calculation Training","Coolheaded","Capacitor+1"],"picked":"SKIP","floor":40},{"not_picked":["Rebound","Redo+1","Barrage+1"],"picked":"SKIP","floor":41},{"not_picked":["Skim","ReplayTheSpireMod:Repulse"],"picked":"ReplayGash+1","floor":44},{"not_picked":["Redo+1","Auto Shields+1","Recycle+1"],"picked":"SKIP","floor":45},{"not_picked":["Defragment","Cold Snap+1","Go for the Eyes"],"picked":"SKIP","floor":48}],"player_experience":298363,"relics_obtained":[{"floor":7.0,"key":"Ginger"},{"floor":9.0,"key":"Golden Egg"},{"floor":14.0,"key":"Oddly Smooth Stone"},{"floor":24.0,"key":"Eternal Feather"},{"floor":26.0,"key":"Quantum Egg"},{"floor":30.0,"key":"Replay:Antivirus Software"},{"floor":40,"key":"Shovel"},{"floor":42,"key":"FossilizedHelix"},{"floor":43,"key":"Pear"},{"floor":44,"key":"Unceasing Top"},{"floor":48,"key":"Mummified Hand"},{"floor":49,"key":"Replay:Bottled Snecko"}],"event_choices":[{"cards_removed":["Strike_B"],"damage_healed":0.0,"max_hp_gain":0.0,"max_hp_loss":0.0,"gold_gain":0.0,"event_name":"Bonfire Elementals","player_choice":"Offered Basic","floor":2.0,"gold_loss":0.0,"damage_taken":0.0},{"damage_healed":0.0,"max_hp_gain":0.0,"max_hp_loss":0.0,"gold_gain":0.0,"event_name":"Match and Keep!","player_choice":"0 cards matched","floor":10.0,"gold_loss":0.0,"damage_taken":0.0,"cards_obtained":[]},{"damage_healed":0.0,"max_hp_gain":0.0,"max_hp_loss":0.0,"gold_gain":0.0,"event_name":"Vampires","player_choice":"Ignored","floor":27.0,"gold_loss":0.0,"damage_taken":0.0},{"damage_healed":0,"gold_gain":0,"player_choice":"Upgraded","damage_taken":0,"max_hp_gain":0,"max_hp_loss":0,"event_name":"Upgrade Shrine","floor":39,"gold_loss":0,"cards_upgraded":["ReplayGash"]},{"damage_healed":0,"gold_gain":0,"player_choice":"Paid","damage_taken":0,"relics_obtained":["Red Mask"],"max_hp_gain":0,"max_hp_loss":0,"event_name":"Tomb of Lord Red Mask","floor":47,"gold_loss":20}],"is_beta":false,"boss_relics":[{"not_picked":["Runic Pyramid","FrozenCore"],"picked":"Replay:Bronze Core"},{"not_picked":["Inserter","Black Star"],"picked":"Sozu"}],"items_purged_floors":[0,19,31,46],"is_endless":false,"potions_floor_spawned":[1,8,14,16,18,20,22,25,29,30,37,41,44,48],"ascension_level":0}}