{"host":"8d3fefv2347kqkpz","time":1613567048,"event":{"mods":["AchievementEnabler","Aspiration","BaseMod","Better Vampires","BetterRewards","Colored Map","Colored Powertips","Downfall","Emptier Cage","Highlight Path","Marked Mod","Minty Spire (QoL Compilation)","Permanent Neow","Quick Restart","Rare Cards Sparkle","Relic Stats","Say the Spire","Spicy Shops","StSLib","Waifu the Spire"],"gold_per_floor":[111,131,141,66,79,113,113,131,154,154,230,264,280,34,34,34,34],"floor_reached":16,"language":"ZHS","playtime":497,"items_purged":["Defend_P","Defend_P"],"score":162,"play_id":"c196c670-adc4-4d45-93ef-7de346ca730d","local_time":"20210217210408","is_ascension_mode":false,"campfire_choices":[{"floor":7,"key":"REST"},{"floor":15,"key":"REST"}],"circlet_count":0,"master_deck":["Strike_P","Strike_P","Strike_P","Defend_P","Defend_P","Eruption","Vigilance","Adaptation","Adaptation"],"relics":["PureWater","HornCleat","Question Card","Gambling Chip","DollysMirror"],"acts_visited":["Exordium"],"potions_floor_usage":[6,12,16],"damage_taken":[{"damage":2,"enemies":"Jaw Worm","floor":1,"turns":5},{"damage":0,"enemies":"Small Slimes","floor":2,"turns":3},{"damage":0,"enemies":"Cultist","floor":3,"turns":2},{"damage":6,"enemies":"3 Louse","floor":5,"turns":4},{"damage":58,"enemies":"Gremlin Nob","floor":6,"turns":7},{"damage":0,"enemies":"2 Fungi Beasts","floor":8,"turns":4},{"damage":22,"enemies":"Lagavulin","floor":12,"turns":6},{"damage":1,"enemies":"Looter","floor":13,"turns":4}],"seed_played":"-4552887922725210028","potions_obtained":[{"floor":3,"key":"Energy Potion"},{"floor":5,"key":"Ancient Potion"},{"floor":6,"key":"AttackPotion"}],"is_trial":false,"path_per_floor":["M","M","M","$","M","E","R","M","T","?","T","E","M","$","R","B"],"character_chosen":"WATCHER","items_purchased":["DollysMirror"],"campfire_rested":2,"item_purchase_floors":[14],"current_hp_per_floor":[70,70,70,70,64,6,27,27,27,51,51,29,28,28,49,0,0],"gold":34,"neow_bonus":"REMOVE_CARD","is_daily":false,"chose_seed":false,"campfire_upgraded":0,"win_rate":0.0,"timestamp":1613567048,"path_taken":["M","M","M","$","M","E","R","M","T","?","?","E","M","$","R","BOSS"],"items_purchased_type":["Relic"],"build_version":"2020-12-22","purchased_purges":2,"victory":false,"max_hp_per_floor":[72,72,72,72,72,72,72,72,72,72,72,72,72,72,72,72,72],"relic_stats":{"counters":[9,53],"Gambling Chip":[4],"Question Card":2,"obtain_stats":[{"HornCleat":6,"DollysMirror":14,"Gambling Chip":12,"PureWater":0,"Question Card":11},{"HornCleat":5,"DollysMirror":8,"Gambling Chip":7,"PureWater":0,"Question Card":6},{"HornCleat":21,"DollysMirror":35,"Gambling Chip":31,"PureWater":0,"Question Card":25}]},"card_choices":[{"not_picked":["EmptyFist","DeceiveReality","MarkedMod:Acupuncture"],"picked":"SKIP","floor":1},{"not_picked":["MarkedMod:FirstStrike","FollowUp","Consecrate"],"picked":"SKIP","floor":2},{"not_picked":["EmptyMind","Perseverance","CutThroughFate"],"picked":"SKIP","floor":3},{"not_picked":["FollowUp","FlurryOfBlows","BowlingBash"],"picked":"SKIP","floor":5},{"not_picked":["MarkedMod:OneThousandNeedles","MentalFortress","Fasting2"],"picked":"SKIP","floor":6},{"not_picked":["Judgement","FollowUp"],"picked":"Adaptation","floor":8},{"not_picked":["FollowUp","CutThroughFate","WheelKick","FlyingSleeves"],"picked":"SKIP","floor":12},{"not_picked":["Devotion","Perseverance","ClearTheMind","Swivel"],"picked":"SKIP","floor":13}],"player_experience":451108,"relics_obtained":[{"floor":6,"key":"HornCleat"},{"floor":11,"key":"Question Card"},{"floor":12,"key":"Gambling Chip"}],"event_choices":[{"damage_healed":24,"gold_gain":0,"player_choice":"Banana","damage_taken":0,"max_hp_gain":0,"max_hp_loss":0,"event_name":"Big Fish","floor":10,"gold_loss":0}],"is_beta":false,"boss_relics":[],"items_purged_floors":[4,14],"is_endless":false,"potions_floor_spawned":[3,5,6],"killed_by":"The Guardian","ascension_level":0}}