{"host":"qyez2yslpe45fpbf","time":1613559899,"event":{"mods":["BaseMod","BetterRewards","Colored Map","Hubris","Minty Spire (QoL Compilation)","Shop Mod","Spires And Sneckos","StSLib"],"gold_per_floor":[117,131,131,131,143,173,173,199,223,255,255,21,21,55,55,151,151,161,161,192,220,233,233,233,265,319,344,326,338,364,364,364,459,459,478,478,478,511,543,577,606,639,639,666,696,709,709,735,735,735],"floor_reached":51,"language":"ENG","playtime":4076,"items_purged":[],"score":1451,"play_id":"d070f974-d63f-4eef-8a96-ddf8f0762787","local_time":"20210217120459","daily_mods":["SealedDeck","Heirloom","Time Dilation","Flight","DeadlyEvents","Elite Swarm"],"is_ascension_mode":false,"campfire_choices":[{"data":"Defragment","floor":7.0,"key":"SMITH"},{"data":"Seek","floor":11.0,"key":"SMITH"},{"data":"Capacitor","floor":13.0,"key":"SMITH"},{"data":"Echo Form","floor":15.0,"key":"SMITH"},{"data":"Fission","floor":23.0,"key":"SMITH"},{"data":"Echo Form","floor":24.0,"key":"SMITH"},{"data":"Amplify","floor":32,"key":"SMITH"},{"data":"Seek","floor":47,"key":"SMITH"},{"data":"Tempest","floor":49,"key":"SMITH"}],"circlet_count":0,"master_deck":["Leap","Conserve Battery","Conserve Battery","Ball Lightning","Ball Lightning","Capacitor+1","Cold Snap","BootSequence","Cold Snap","Thunder Strike","Seek+1","hubris:Ukulele","Echo Form+1","Fission+1","Echo Form+1","BootSequence","Electrodynamics","hubris:DuctTapeCard","Secret Technique","Conserve Battery","Tempest+1","Amplify+1","Buffer+1","Meteor Strike","Seek+1","Reboot","Echo Form"],"relics":["Cracked Core","hubris:FunFungus","Toy Ornithopter","NlothsMask","hubris:TenFootPole","hubris:DuctTape","Pocketwatch","Membership Card","Oddly Smooth Stone","hubris:VirtuousBlindfold","Bag of Preparation","Lantern","hubris:DeckOfHolding","Singing Bowl","Centennial Puzzle","MealTicket","Bird Faced Urn","Cables","hubris:NiceRug","Boot","Lizard Tail","TheAbacus","Emotion Chip","Sozu","Ice Cream","Anchor","Bag of Marbles","Pen Nib","Strawberry","hubris:Potato","Sundial","hubris:BallOfYels"],"acts_visited":["Exordium","TheCity","TheBeyond"],"potions_floor_usage":[40,40],"damage_taken":[{"damage":0.0,"enemies":"Jaw Worm","floor":1.0,"turns":3.0},{"damage":0.0,"enemies":"2 Louse","floor":2.0,"turns":3.0},{"damage":0.0,"enemies":"Cultist","floor":5.0,"turns":3.0},{"damage":2.0,"enemies":"3 Sentries","floor":6.0,"turns":7.0},{"damage":15.0,"enemies":"Gremlin Nob","floor":8.0,"turns":4.0},{"damage":0.0,"enemies":"Lagavulin","floor":10.0,"turns":5.0},{"damage":6.0,"enemies":"Gremlin Nob","floor":14.0,"turns":3.0},{"damage":0.0,"enemies":"Slime Boss","floor":16.0,"turns":5.0},{"damage":0.0,"enemies":"Shell Parasite","floor":18.0,"turns":4.0},{"damage":14.0,"enemies":"Slavers","floor":20.0,"turns":4.0},{"damage":10.0,"enemies":"Book of Stabbing","floor":21.0,"turns":4.0},{"damage":0.0,"enemies":"2 Thieves","floor":22.0,"turns":2.0},{"damage":8.0,"enemies":"Slavers","floor":25.0,"turns":5.0},{"damage":0.0,"enemies":"Book of Stabbing","floor":27.0,"turns":4.0},{"damage":1.0,"enemies":"hubris:Merchant","floor":28.0,"turns":7.0},{"damage":0,"enemies":"Chosen and Byrds","floor":29,"turns":3},{"damage":0,"enemies":"Gremlin Leader","floor":30,"turns":4},{"damage":5,"enemies":"Collector","floor":33,"turns":5},{"damage":0,"enemies":"3 Darklings","floor":35,"turns":3},{"damage":0,"enemies":"Nemesis","floor":38,"turns":5},{"damage":0,"enemies":"Giant Head","floor":39,"turns":4},{"damage":0,"enemies":"Reptomancer","floor":40,"turns":5},{"damage":0,"enemies":"Giant Head","floor":41,"turns":6},{"damage":0,"enemies":"Reptomancer","floor":42,"turns":3},{"damage":0,"enemies":"Giant Head","floor":44,"turns":4},{"damage":0,"enemies":"Reptomancer","floor":45,"turns":3},{"damage":0,"enemies":"3 Shapes","floor":46,"turns":2},{"damage":0,"enemies":"Nemesis","floor":48,"turns":5},{"damage":0,"enemies":"Time Eater","floor":50,"turns":5}],"seed_played":"-9163807330323069459","potions_obtained":[{"floor":2.0,"key":"ColorlessPotion"},{"floor":8.0,"key":"Fire Potion"},{"floor":18.0,"key":"Explosive Potion"},{"floor":25.0,"key":"LiquidMemories"},{"floor":27.0,"key":"PotionOfCapacity"},{"floor":28,"key":"Fire Potion"},{"floor":28,"key":"SteroidPotion"},{"floor":29,"key":"Swift Potion"},{"floor":33,"key":"PowerPotion"}],"is_trial":true,"path_per_floor":["M","M","?","?","M","E","R","E","T","E","R","$","R","E","R","B",null,"M","?","E","E","M","R","R","E","T","E","$","M","E","$","R","B",null,"M","?","?","E","E","E","E","E","T","E","E","M","R","E","R","B",null],"character_chosen":"DEFECT","items_purchased":["Membership Card","hubris:Ukulele","EntropicBrew","Bird Faced Urn","Cables","LiquidMemories"],"campfire_rested":0,"item_purchase_floors":[12,12,12,28,28,28],"current_hp_per_floor":[75,75,63,63,63,73,73,58,58,61,61,61,61,55,55,60,75,75,75,67,57,57,57,57,51,51,58,87,87,87,87,87,87,87,89,89,89,91,91,91,93,95,102,104,104,106,106,106,106,106],"gold":735,"neow_bonus":"","is_daily":false,"chose_seed":false,"campfire_upgraded":9,"win_rate":0.0,"timestamp":1613559899,"path_taken":["M","M","?","?","?","E","R","E","T","E","R","$","R","E","R","BOSS","M","?","?","?","?","R","R","E","T","E","$","?","E","$","R","BOSS","M","?","?","?","?","E","E","E","T","E","E","?","R","E","R","BOSS"],"items_purchased_type":["Relic","Card","Potion","Relic","Relic","Potion"],"build_version":"2020-12-22","purchased_purges":0,"victory":true,"max_hp_per_floor":[75,75,75,75,75,75,75,75,75,75,75,75,75,75,75,75,75,75,75,75,75,75,75,75,75,75,77,87,87,87,87,87,87,87,89,89,89,91,91,91,93,95,102,104,104,106,106,106,106,106],"card_choices":[{"not_picked":["Streamline","Steam","Hologram"],"picked":"SKIP","floor":1.0},{"not_picked":["Streamline","Stack","Scrape"],"picked":"SKIP","floor":2.0},{"not_picked":["Hologram","Coolheaded"],"picked":"Cold Snap","floor":5.0},{"not_picked":["Biased Cognition","Multi-Cast"],"picked":"Thunder Strike","floor":6.0},{"not_picked":["Amplify","Machine Learning","hubris:Prefetch"],"picked":"SKIP","floor":8.0},{"not_picked":["Rainbow","Buffer"],"picked":"Seek","floor":10.0},{"not_picked":["Multi-Cast","Meteor Strike"],"picked":"Echo Form","floor":14.0},{"not_picked":["Biased Cognition","Seek"],"picked":"Fission","floor":16.0},{"not_picked":["Hologram","Consume","Turbo+1"],"picked":"SKIP","floor":18.0},{"not_picked":["Core Surge","Amplify","Hyperbeam"],"picked":"SKIP","floor":20.0},{"not_picked":["Meteor Strike","Core Surge"],"picked":"Echo Form","floor":21.0},{"not_picked":["Coolheaded","Go for the Eyes"],"picked":"BootSequence","floor":22.0},{"not_picked":["Echo Form","All For One"],"picked":"Electrodynamics","floor":25.0},{"not_picked":["hubris:Prefetch","Buffer","Multi-Cast"],"picked":"Singing Bowl","floor":27.0},{"not_picked":[],"picked":"Secret Technique","floor":28},{"not_picked":["Discovery"],"picked":"Singing Bowl","floor":28},{"not_picked":["Biased Cognition"],"picked":"Singing Bowl","floor":28},{"not_picked":[],"picked":"Conserve Battery","floor":28},{"not_picked":["Stack"],"picked":"Singing Bowl","floor":28},{"not_picked":["Gash"],"picked":"Singing Bowl","floor":28},{"not_picked":["Rip and Tear"],"picked":"Singing Bowl","floor":28},{"not_picked":["Gash","Stack"],"picked":"Tempest","floor":29},{"not_picked":["Fission","Hyperbeam"],"picked":"Amplify","floor":30},{"not_picked":["Biased Cognition","Fission"],"picked":"Buffer","floor":33},{"not_picked":["Leap+1","Turbo+1","Sweeping Beam"],"picked":"Singing Bowl","floor":35},{"not_picked":["Thunder Strike","Biased Cognition","Hyperbeam"],"picked":"Singing Bowl","floor":38},{"not_picked":["Multi-Cast","hubris:SpecializedCircuitry"],"picked":"Meteor Strike","floor":39},{"not_picked":["Rainbow","Fission"],"picked":"Seek","floor":40},{"not_picked":["Reboot","All For One","Rainbow"],"picked":"Singing Bowl","floor":41},{"not_picked":["All For One","Core Surge","hubris:SpecializedCircuitry"],"picked":"Singing Bowl","floor":42},{"not_picked":["Buffer","Multi-Cast","Electrodynamics"],"picked":"Singing Bowl","floor":44},{"not_picked":["Creative AI","Machine Learning"],"picked":"Reboot","floor":45},{"not_picked":["Streamline+1","Go for the Eyes+1","Turbo"],"picked":"Singing Bowl","floor":46},{"not_picked":["Thunder Strike","hubris:SpecializedCircuitry"],"picked":"Echo Form","floor":48}],"player_experience":16174,"relics_obtained":[{"floor":6.0,"key":"hubris:TenFootPole"},{"floor":8.0,"key":"hubris:DuctTape"},{"floor":10.0,"key":"Pocketwatch"},{"floor":14.0,"key":"Oddly Smooth Stone"},{"floor":20.0,"key":"Lantern"},{"floor":21.0,"key":"hubris:DeckOfHolding"},{"floor":25.0,"key":"Singing Bowl"},{"floor":26.0,"key":"Centennial Puzzle"},{"floor":27.0,"key":"MealTicket"},{"floor":28,"key":"Boot"},{"floor":28,"key":"Lizard Tail"},{"floor":28,"key":"TheAbacus"},{"floor":30,"key":"Emotion Chip"},{"floor":39,"key":"Ice Cream"},{"floor":40,"key":"Anchor"},{"floor":41,"key":"Bag of Marbles"},{"floor":42,"key":"Pen Nib"},{"floor":43,"key":"Strawberry"},{"floor":44,"key":"hubris:Potato"},{"floor":45,"key":"Sundial"},{"floor":48,"key":"hubris:BallOfYels"}],"event_choices":[{"damage_healed":0.0,"max_hp_gain":0.0,"max_hp_loss":0.0,"gold_gain":0.0,"event_name":"Scrap Ooze","player_choice":"Success","floor":3.0,"gold_loss":0.0,"damage_taken":12.0,"relics_obtained":["Toy Ornithopter"]},{"damage_healed":0.0,"max_hp_gain":0.0,"max_hp_loss":0.0,"gold_gain":0.0,"event_name":"FaceTrader","player_choice":"Trade","floor":4.0,"gold_loss":0.0,"damage_taken":0.0,"relics_obtained":["NlothsMask"]},{"damage_healed":0.0,"max_hp_gain":0.0,"max_hp_loss":0.0,"gold_gain":0.0,"event_name":"WeMeetAgain","player_choice":"Gave Potion","floor":19.0,"gold_loss":0.0,"damage_taken":0.0,"relics_obtained":["Bag of Preparation"]},{"damage_healed":0,"gold_gain":0,"player_choice":"Ignored","damage_taken":0,"max_hp_gain":0,"max_hp_loss":0,"event_name":"Tomb of Lord Red Mask","floor":36,"gold_loss":0}],"is_beta":false,"boss_relics":[{"not_picked":["Tiny House","Coffee Dripper"],"picked":"hubris:VirtuousBlindfold"},{"not_picked":["Philosopher\u0027s Stone","Black Star"],"picked":"Sozu"}],"items_purged_floors":[],"is_endless":false,"potions_floor_spawned":[2,8,18,25,27,29,30,33,39,42,45],"ascension_level":0}}