{"host":"ELF","time":1613561220,"event":{"mods":["BaseMod","Bestiary","Minty Spire (QoL Compilation)","Relic Stats","Slay the Relics Exporter"],"gold_per_floor":[115,134,144,155,155,155,80,93,116,129,148,62,62,96,96,174,174,185,100,120,120,135,168,168,198,223,223,248,73,101,116,116,188,188,208,98,115,115,134,147,173,173,199,0,12,12,12],"floor_reached":46,"language":"ENG","playtime":12720,"items_purged":["Regret","Strike_G"],"score":1164,"play_id":"2d76561f-aa0d-4753-975a-2dfb4987aa4e","local_time":"20210217052700","is_ascension_mode":true,"campfire_choices":[{"data":"Cloak And Dagger","floor":6.0,"key":"SMITH"},{"data":"Cloak And Dagger","floor":13.0,"key":"SMITH"},{"data":"Backflip","floor":15.0,"key":"SMITH"},{"data":"After Image","floor":24.0,"key":"SMITH"},{"floor":27,"key":"REST"},{"data":"A Thousand Cuts","floor":32,"key":"SMITH"},{"floor":42,"key":"REST"}],"circlet_count":0,"master_deck":["AscendersBane","Strike_G","Defend_G","Defend_G","Defend_G","Defend_G","Defend_G","Survivor","Neutralize","Slice","Backflip+1","Acrobatics","Cloak And Dagger+1","PiercingWail","Cloak And Dagger+1","Predator","Accuracy","Dagger Spray","After Image+1","Tactician","Infinite Blades+1","Endless Agony","A Thousand Cuts+1","Reflex+1","Die Die Die","Prepared","Well Laid Plans","Night Terror","Concentrate","Prepared","Malaise","Deadly Poison+1","Backflip","Deflect+1"],"relics":["Calling Bell","Anchor","Sundial","Dead Branch","Centennial Puzzle","Bag of Marbles","Tiny Chest","Sozu","Mango","Vajra","Molten Egg 2","Blood Vial","Ice Cream","Gremlin Horn","Busted Crown","HornCleat","Ornamental Fan","Red Mask"],"acts_visited":["Exordium","TheCity","TheBeyond"],"potions_floor_usage":[25],"damage_taken":[{"damage":2.0,"enemies":"Small Slimes","floor":1.0,"turns":7.0},{"damage":2.0,"enemies":"Jaw Worm","floor":2.0,"turns":4.0},{"damage":0.0,"enemies":"Cultist","floor":3.0,"turns":5.0},{"damage":0.0,"enemies":"Looter","floor":4.0,"turns":4.0},{"damage":0.0,"enemies":"Exordium Wildlife","floor":8.0,"turns":6.0},{"damage":0.0,"enemies":"Red Slaver","floor":10.0,"turns":4.0},{"damage":0.0,"enemies":"Blue Slaver","floor":11.0,"turns":4.0},{"damage":3.0,"enemies":"3 Sentries","floor":14.0,"turns":5.0},{"damage":17.0,"enemies":"The Guardian","floor":16.0,"turns":16.0},{"damage":10.0,"enemies":"2 Thieves","floor":18.0,"turns":4.0},{"damage":0.0,"enemies":"3 Byrds","floor":20.0,"turns":5.0},{"damage":12.0,"enemies":"Snecko","floor":22.0,"turns":6.0},{"damage":9.0,"enemies":"Gremlin Leader","floor":23.0,"turns":6.0},{"damage":20,"enemies":"Slavers","floor":25,"turns":3},{"damage":0,"enemies":"Gremlin Leader","floor":28,"turns":5},{"damage":3,"enemies":"Book of Stabbing","floor":30,"turns":6},{"damage":5,"enemies":"Centurion and Healer","floor":31,"turns":5},{"damage":16,"enemies":"Collector","floor":33,"turns":8},{"damage":0,"enemies":"3 Darklings","floor":35,"turns":2},{"damage":6,"enemies":"Orb Walker","floor":37,"turns":4},{"damage":15,"enemies":"4 Shapes","floor":39,"turns":3},{"damage":4,"enemies":"Spire Growth","floor":40,"turns":3},{"damage":50,"enemies":"Nemesis","floor":41,"turns":7},{"damage":0,"enemies":"Sphere and 2 Shapes","floor":45,"turns":5},{"damage":36,"enemies":"Reptomancer","floor":46,"turns":2}],"seed_played":"-243100823176566366","potions_obtained":[{"floor":3.0,"key":"DistilledChaos"},{"floor":4.0,"key":"Block Potion"},{"floor":10.0,"key":"Explosive Potion"},{"floor":14.0,"key":"AttackPotion"}],"is_trial":false,"path_per_floor":["M","M","M","M","?","R","$","M","T","M","M","$","R","E","R","B",null,"M","?","M","?","M","E","R","E","T","R","E","$","E","M","R","B",null,"M","?","M","T","M","M","E","R","T","?","M","E"],"character_chosen":"THE_SILENT","items_purchased":["Accuracy","Night Terror"],"campfire_rested":2,"item_purchase_floors":[12,29],"current_hp_per_floor":[57,55,55,55,55,55,55,55,55,55,55,55,55,52,52,35,58,48,62,62,62,50,41,41,21,21,45,47,47,46,43,43,29,67,69,69,65,65,52,50,2,26,26,26,28,0,0],"gold":12,"neow_bonus":"BOSS_RELIC","is_daily":false,"chose_seed":false,"campfire_upgraded":5,"win_rate":0.0,"timestamp":1613561220,"path_taken":["M","M","M","M","?","R","$","M","T","M","M","$","R","E","R","BOSS","M","?","M","?","M","E","R","E","T","R","E","$","E","M","R","BOSS","M","?","M","?","M","M","E","R","T","?","?","E"],"items_purchased_type":["Card","Card"],"build_version":"2020-12-18","purchased_purges":2,"victory":false,"max_hp_per_floor":[66,66,66,66,66,66,66,66,66,66,66,66,66,66,66,66,66,66,80,80,80,80,80,80,80,80,80,80,80,80,80,80,80,80,80,80,80,80,80,80,80,80,80,80,80,80,80],"relic_stats":{"Sozu":6,"Blood Vial":22,"Centennial Puzzle":[44],"Busted Crown":12,"Gremlin Horn":[13,13],"counters":[25,129],"Sundial":[16],"Ornamental Fan":[20],"Dead Branch":[244],"Tiny Chest":1,"obtain_stats":[{"Ice Cream":28,"Gremlin Horn":30,"Dead Branch":0,"Vajra":23,"Mango":19,"Calling Bell":0,"Sozu":17,"Blood Vial":26,"Anchor":0,"Centennial Puzzle":5,"Busted Crown":34,"HornCleat":38,"Sundial":0,"Ornamental Fan":41,"Tiny Chest":14,"Molten Egg 2":25,"Bag of Marbles":9,"Red Mask":44,"Ring of the Snake":0},{"Ice Cream":15,"Gremlin Horn":16,"Dead Branch":0,"Vajra":13,"Mango":10,"Calling Bell":0,"Sozu":9,"Blood Vial":14,"Anchor":0,"Centennial Puzzle":4,"Busted Crown":18,"HornCleat":20,"Sundial":0,"Ornamental Fan":23,"Tiny Chest":8,"Molten Egg 2":14,"Bag of Marbles":5,"Red Mask":23,"Ring of the Snake":0},{"Ice Cream":84,"Gremlin Horn":90,"Dead Branch":0,"Vajra":76,"Mango":59,"Calling Bell":0,"Sozu":55,"Blood Vial":79,"Anchor":0,"Centennial Puzzle":20,"Busted Crown":103,"HornCleat":109,"Sundial":0,"Ornamental Fan":122,"Tiny Chest":39,"Molten Egg 2":79,"Bag of Marbles":26,"Red Mask":122,"Ring of the Snake":0}]},"card_choices":[{"not_picked":["Acrobatics","Setup"],"picked":"Slice","floor":1.0},{"not_picked":["Acrobatics","Dodge and Roll"],"picked":"Backflip","floor":2.0},{"not_picked":["Backstab","Flechettes"],"picked":"Acrobatics","floor":3.0},{"not_picked":["Slice","Wraith Form v2"],"picked":"Cloak And Dagger","floor":4.0},{"not_picked":["Dagger Spray","Catalyst"],"picked":"PiercingWail","floor":8.0},{"not_picked":["Underhanded Strike","Sucker Punch"],"picked":"Cloak And Dagger","floor":10.0},{"not_picked":["Acrobatics","Phantasmal Killer"],"picked":"Predator","floor":11.0},{"not_picked":["Poisoned Stab","All Out Attack"],"picked":"Dagger Spray","floor":14.0},{"not_picked":["Unload","Envenom"],"picked":"After Image","floor":16.0},{"not_picked":["Deflect","Sucker Punch"],"picked":"Tactician","floor":18.0},{"not_picked":["Endless Agony","Prepared+1"],"picked":"Infinite Blades","floor":20.0},{"not_picked":["Concentrate","Infinite Blades"],"picked":"Reflex+1","floor":22.0},{"not_picked":["Slice","Backflip"],"picked":"Die Die Die","floor":23.0},{"not_picked":["Choke+1","Quick Slash+1"],"picked":"Prepared","floor":25},{"not_picked":["Cloak And Dagger","Distraction"],"picked":"Well Laid Plans","floor":28},{"not_picked":["Bane+1","Underhanded Strike+1"],"picked":"Concentrate","floor":30},{"not_picked":["Concentrate+1","Masterful Stab+1"],"picked":"Prepared","floor":31},{"not_picked":["Doppelganger","Night Terror"],"picked":"Malaise","floor":33},{"not_picked":["Concentrate"],"picked":"SKIP","floor":35},{"not_picked":[],"picked":"Deadly Poison+1","floor":37},{"not_picked":[],"picked":"Backflip","floor":39},{"not_picked":[],"picked":"Deflect+1","floor":40},{"not_picked":["Poisoned Stab+1"],"picked":"SKIP","floor":41},{"not_picked":["Deflect"],"picked":"SKIP","floor":45}],"player_experience":3451653,"relics_obtained":[{"floor":0.0,"key":"Anchor"},{"floor":0.0,"key":"Sundial"},{"floor":0.0,"key":"Dead Branch"},{"floor":9.0,"key":"Bag of Marbles"},{"floor":14.0,"key":"Tiny Chest"},{"floor":23.0,"key":"Vajra"},{"floor":25,"key":"Molten Egg 2"},{"floor":26,"key":"Blood Vial"},{"floor":28,"key":"Ice Cream"},{"floor":30,"key":"Gremlin Horn"},{"floor":38,"key":"HornCleat"},{"floor":41,"key":"Ornamental Fan"}],"event_choices":[{"damage_healed":0.0,"max_hp_gain":0.0,"max_hp_loss":0.0,"gold_gain":0.0,"event_name":"Big Fish","player_choice":"Box","floor":5.0,"gold_loss":0.0,"damage_taken":0.0,"relics_obtained":["Centennial Puzzle"],"cards_obtained":["Regret"]},{"damage_healed":0.0,"max_hp_gain":0.0,"max_hp_loss":0.0,"gold_gain":0.0,"event_name":"Addict","player_choice":"Obtained Relic","floor":19.0,"gold_loss":85.0,"damage_taken":0.0,"relics_obtained":["Mango"]},{"damage_healed":0.0,"max_hp_gain":0.0,"max_hp_loss":0.0,"gold_gain":0.0,"cards_transformed":["Strike_G","Strike_G"],"event_name":"Drug Dealer","player_choice":"Became Test Subject","floor":21.0,"gold_loss":0.0,"damage_taken":0.0,"cards_obtained":["Endless Agony","A Thousand Cuts"]},{"cards_removed":["Strike_G"],"damage_healed":0,"gold_gain":0,"player_choice":"Upgrade and Remove","damage_taken":0,"max_hp_gain":0,"max_hp_loss":0,"event_name":"Designer","floor":36,"gold_loss":110,"cards_upgraded":["Infinite Blades"]},{"damage_healed":0,"gold_gain":0,"player_choice":"Paid","damage_taken":0,"relics_obtained":["Red Mask"],"max_hp_gain":0,"max_hp_loss":0,"event_name":"Tomb of Lord Red Mask","floor":44,"gold_loss":199}],"is_beta":true,"boss_relics":[{"not_picked":["Philosopher\u0027s Stone","Astrolabe"],"picked":"Sozu"},{"not_picked":["Coffee Dripper","SacredBark"],"picked":"Busted Crown"}],"items_purged_floors":[7,29],"is_endless":false,"potions_floor_spawned":[3,4,10,14,20,25,30,33,35,40],"killed_by":"Reptomancer","ascension_level":20}}