{"host":"gdo3pwpqmgk4cf6b","time":1613528827,"event":{"mods":["Act Like it!","BaseMod","Better Match","Better Note","Hubris","Minty Spire (QoL Compilation)","Replay The Spire","StSLib","Swap Starting Deck Mod"],"gold_per_floor":[109,109,129,129,148,175,175,194,244,100,129,147,147,176,176,176,176],"floor_reached":16,"language":"ENG","playtime":2258,"items_purged":[],"score":157,"play_id":"86f02d37-3b04-4f2f-801d-33c2fd8f49cf","local_time":"20210216182707","is_ascension_mode":true,"campfire_choices":[{"data":"Barricade","floor":7.0,"key":"SMITH"}],"circlet_count":0,"master_deck":["Iron Wave","Iron Wave","Iron Wave","Iron Wave","Iron Wave","Entrench","Entrench","Entrench+1","Barricade+1","Perfected Strike+1","hubris:ReadiedAction","Sunder+1","Spot Weakness","Flex","Replay:DivineShield","Consecrate"],"relics":["Burning Blood","hubris:SphereOfDissonance","PrismaticShard","hubris:TinFlute","Shuriken"],"acts_visited":["Exordium"],"potions_floor_usage":[],"damage_taken":[{"damage":0.0,"enemies":"2 Louse","floor":1.0,"turns":3.0},{"damage":0.0,"enemies":"Small Slimes","floor":3.0,"turns":4.0},{"damage":4.0,"enemies":"Cultist","floor":5.0,"turns":6.0},{"damage":18.0,"enemies":"3 Sentries","floor":6.0,"turns":6.0},{"damage":1.0,"enemies":"Looter","floor":8.0,"turns":2.0},{"damage":21,"enemies":"Lagavulin","floor":11,"turns":6},{"damage":11,"enemies":"3 Louse","floor":12,"turns":3},{"damage":23,"enemies":"3 Sentries","floor":14,"turns":9},{"damage":36,"enemies":"The Guardian","floor":16,"turns":9}],"seed_played":"3734297117236090262","potions_obtained":[{"floor":1.0,"key":"Swift Potion"},{"floor":3.0,"key":"Adrenaline Potion"},{"floor":14,"key":"Death Potion"}],"is_trial":false,"path_per_floor":["M","?","M","?","M","E","R","M","T","$","E","M","?","E","R","B"],"character_chosen":"IRONCLAD","items_purchased":["PrismaticShard"],"campfire_rested":0,"item_purchase_floors":[10],"current_hp_per_floor":[60,60,60,60,60,48,48,53,53,53,38,33,53,36,36,0,0],"gold":176,"neow_bonus":"","is_daily":false,"chose_seed":false,"campfire_upgraded":1,"win_rate":0.0,"timestamp":1613528827,"path_taken":["M","?","M","?","?","E","R","M","T","$","E","M","?","E","R","BOSS"],"items_purchased_type":["Relic"],"build_version":"2020-12-22","purchased_purges":0,"victory":false,"max_hp_per_floor":[60,60,60,60,60,60,60,60,60,60,60,60,60,60,60,60,60],"card_choices":[{"not_picked":["Bloodletting","Abandon","Sentinel"],"picked":"SKIP","floor":1.0},{"not_picked":["Massacre","Twin Strike"],"picked":"hubris:ReadiedAction","floor":3.0},{"not_picked":["hubris:ReadiedAction","Cleave"],"picked":"Spot Weakness","floor":5.0},{"not_picked":["Life Link","ReplayTheSpireMod:Limb From Limb","Disarm"],"picked":"SKIP","floor":6.0},{"not_picked":["ReplayTheSpireMod:Corrosion Curse","Perfected Strike"],"picked":"Flex","floor":8.0},{"not_picked":["Dodge and Roll","Indignation","Mind Blast"],"picked":"SKIP","floor":11},{"not_picked":["Ball Lightning","Heavy Blade"],"picked":"Replay:DivineShield","floor":12},{"not_picked":["hubris:EnhanceAbility","Compile Driver"],"picked":"Consecrate","floor":14}],"player_experience":718758,"relics_obtained":[{"floor":6.0,"key":"hubris:SphereOfDissonance"},{"floor":11,"key":"hubris:TinFlute"},{"floor":14,"key":"Shuriken"}],"event_choices":[{"cards_removed":["Perfected Strike"],"damage_healed":0.0,"max_hp_gain":0.0,"max_hp_loss":0.0,"gold_gain":0.0,"event_name":"betterNote:BetterNote","player_choice":"Take \u0026 Give","floor":4.0,"gold_loss":0.0,"damage_taken":0.0,"cards_obtained":["Sunder"]},{"damage_healed":20,"gold_gain":0,"player_choice":"Banana","damage_taken":0,"max_hp_gain":0,"max_hp_loss":0,"event_name":"Big Fish","floor":13,"gold_loss":0}],"is_beta":false,"boss_relics":[],"items_purged_floors":[],"is_endless":false,"potions_floor_spawned":[1,3,14],"killed_by":"The Guardian","ascension_level":2}}