{"host":"8d3fefv2347kqkpz","time":1613578859,"event":{"mods":["AchievementEnabler","Aspiration","BaseMod","Better Vampires","BetterRewards","Colored Map","Colored Powertips","Downfall","Emptier Cage","Highlight Path","Marked Mod","Minty Spire (QoL Compilation)","Permanent Neow","Quick Restart","Rare Cards Sparkle","Relic Stats","Say the Spire","Spicy Shops","StSLib","Waifu the Spire"],"gold_per_floor":[416,416,416,241,254,254,268,278,304,320,332,352,352,77,77,77,77],"floor_reached":16,"language":"ZHS","playtime":503,"items_purged":["Defend_P","Defend_P","Strike_P","Strike_P"],"score":94,"play_id":"ecf59064-8256-457f-ae9f-7529a0e58e0b","local_time":"20210218002059","is_ascension_mode":false,"campfire_choices":[{"data":"Eruption","floor":6.0,"key":"SMITH"},{"floor":13,"key":"RECALL"},{"floor":15,"key":"REST"}],"circlet_count":0,"master_deck":["Strike_P","Defend_P","Defend_P","Eruption+1","Vigilance","InnerPeace"],"relics":["PureWater","Old Coin"],"acts_visited":["Exordium"],"potions_floor_usage":[16,16],"damage_taken":[{"damage":0.0,"enemies":"Small Slimes","floor":1.0,"turns":2.0},{"damage":1.0,"enemies":"Jaw Worm","floor":5.0,"turns":4.0},{"damage":0.0,"enemies":"Cultist","floor":7.0,"turns":2.0},{"damage":1.0,"enemies":"Exordium Thugs","floor":8.0,"turns":3.0},{"damage":5.0,"enemies":"3 Louse","floor":10.0,"turns":3.0},{"damage":6,"enemies":"Large Slime","floor":11,"turns":4},{"damage":2,"enemies":"Blue Slaver","floor":12,"turns":3},{"damage":65,"enemies":"Slime Boss","floor":16,"turns":19}],"seed_played":"-7115516217695483215","potions_obtained":[{"floor":5.0,"key":"Fruit Juice"},{"floor":10.0,"key":"Ambrosia"},{"floor":12,"key":"ColorlessPotion"}],"is_trial":false,"path_per_floor":["M","?","?","$","M","R","M","M","T","M","M","M","R","$","R","B"],"character_chosen":"WATCHER","items_purchased":[],"campfire_rested":1,"item_purchase_floors":[],"current_hp_per_floor":[51,51,51,51,55,55,55,54,54,49,43,41,41,41,64,0,0],"gold":77,"neow_bonus":"ONE_RARE_RELIC","is_daily":false,"chose_seed":false,"campfire_upgraded":1,"win_rate":0.0,"timestamp":1613578859,"path_taken":["M","?","?","$","M","R","M","M","T","M","M","M","R","$","R","BOSS"],"items_purchased_type":[],"build_version":"2020-12-22","purchased_purges":4,"victory":false,"max_hp_per_floor":[72,72,72,72,77,77,77,77,77,77,77,77,77,77,77,77,77],"relic_stats":{"counters":[8,40],"obtain_stats":[{"PureWater":0,"Old Coin":0},{"PureWater":0,"Old Coin":0},{"PureWater":0,"Old Coin":0}]},"card_choices":[{"not_picked":["MarkedMod:GentlePulse","FlyingSleeves","Conclude"],"picked":"SKIP","floor":1.0},{"not_picked":["Pray","Wireheading"],"picked":"InnerPeace","floor":5.0},{"not_picked":["FollowUp","EmptyFist","MarkedMod:Acupuncture"],"picked":"SKIP","floor":7.0},{"not_picked":["Crescendo","Worship","CarveReality"],"picked":"SKIP","floor":8.0},{"not_picked":["MarkedMod:GentlePulse","Consecrate","SashWhip"],"picked":"SKIP","floor":10.0},{"not_picked":["JustLucky","BowlingBash","SandsOfTime"],"picked":"SKIP","floor":11},{"not_picked":["BowlingBash","MarkedMod:Acupuncture","Fasting2"],"picked":"SKIP","floor":12}],"player_experience":453837,"relics_obtained":[],"event_choices":[{"damage_healed":0.0,"max_hp_gain":0.0,"max_hp_loss":0.0,"gold_gain":0.0,"event_name":"Shining Light","player_choice":"Ignored","floor":2.0,"gold_loss":0.0,"damage_taken":0.0},{"cards_removed":["Strike_P"],"damage_healed":0.0,"max_hp_gain":0.0,"max_hp_loss":0.0,"gold_gain":0.0,"event_name":"Living Wall","player_choice":"Forget","floor":3.0,"gold_loss":0.0,"damage_taken":0.0}],"is_beta":false,"boss_relics":[],"items_purged_floors":[4,4,14,14],"is_endless":false,"potions_floor_spawned":[5,10,12],"killed_by":"Slime Boss","ascension_level":0}}