{"host":"6a9c3xws62y7efyw","time":1613545555,"event":{"mods":["BaseMod","Colored Map","Minty Spire (QoL Compilation)","Relic Stats","StSLib"],"gold_per_floor":[111,131,151,76,76,101,101,163,163,184,196,221,2,2,2,76,76,91,91,108,125,125,125,153,182,182,208,224,224,204,219,219,290,290,305,140,155,155,377,409,409,439,462,495,495,510,355,372,372,372,372,372,372,48,78,78],"floor_reached":57,"language":"ENG","playtime":3348,"items_purged":["Strike_G"],"score":3047,"play_id":"5df3d657-8bc8-4884-978f-0a459a64a25b","local_time":"20210216230555","is_ascension_mode":true,"campfire_choices":[{"data":"Footwork","floor":7,"key":"SMITH"},{"data":"Skewer","floor":15,"key":"SMITH"},{"floor":23,"key":"REST"},{"data":"Skewer","floor":29,"key":"SMITH"},{"floor":32,"key":"REST"},{"data":"Crippling Poison","floor":41,"key":"SMITH"},{"floor":49,"key":"RECALL"},{"data":"Acrobatics","floor":53,"key":"SMITH"}],"circlet_count":0,"master_deck":["AscendersBane","Strike_G","Strike_G","Strike_G","Defend_G","Defend_G","Defend_G","Defend_G","Survivor","Neutralize","Predator+1","Backflip","Terror","Footwork+1","Skewer+1","Distraction","Doppelganger","Flying Knee","Malaise","Necronomicurse","Underhanded Strike","Dodge and Roll","RitualDagger","Skewer+1","Dash","Riddle With Holes+1","Crippling Poison+1","Venomology","Deadly Poison+1","Dodge and Roll+1","Corpse Explosion","Prepared+1","Choke+1","Dash","Predator","Acrobatics+1","Predator","Backflip"],"relics":["Ring of the Snake","NeowsBlessing","Thread and Needle","Gremlin Horn","Paper Crane","Odd Mushroom","Lantern","Orichalcum","Snecko Eye","Necronomicon","Ancient Tea Set","Red Mask","Kunai","Lizard Tail","HoveringKite","Chemical X","Happy Flower","InkBottle","Toy Ornithopter","HornCleat","Ninja Scroll"],"acts_visited":["Exordium","TheCity","TheBeyond","TheEnding"],"potions_floor_usage":[6,8,10,16,24,33,40,50,55,56,56],"damage_taken":[{"damage":0.0,"enemies":"Cultist","floor":1.0,"turns":1.0},{"damage":0.0,"enemies":"2 Louse","floor":2.0,"turns":1.0},{"damage":0.0,"enemies":"Jaw Worm","floor":3.0,"turns":1.0},{"damage":10,"enemies":"Lagavulin","floor":6,"turns":6},{"damage":22,"enemies":"Gremlin Nob","floor":8,"turns":4},{"damage":13,"enemies":"The Mushroom Lair","floor":10,"turns":5},{"damage":9,"enemies":"2 Fungi Beasts","floor":11,"turns":4},{"damage":6,"enemies":"3 Sentries","floor":12,"turns":9},{"damage":10,"enemies":"Slime Boss","floor":16,"turns":10},{"damage":0,"enemies":"Shell Parasite","floor":18,"turns":5},{"damage":0,"enemies":"2 Thieves","floor":20,"turns":2},{"damage":0,"enemies":"Centurion and Healer","floor":21,"turns":3},{"damage":15,"enemies":"Book of Stabbing","floor":24,"turns":4},{"damage":5,"enemies":"Masked Bandits","floor":25,"turns":3},{"damage":0,"enemies":"Slavers","floor":27,"turns":4},{"damage":0,"enemies":"Shelled Parasite and Fungi","floor":28,"turns":2},{"damage":0,"enemies":"Snecko","floor":31,"turns":2},{"damage":1,"enemies":"Champ","floor":33,"turns":10},{"damage":0,"enemies":"3 Shapes","floor":35,"turns":3},{"damage":0,"enemies":"3 Darklings","floor":37,"turns":6},{"damage":11,"enemies":"Giant Head","floor":40,"turns":7},{"damage":3,"enemies":"Nemesis","floor":42,"turns":9},{"damage":0,"enemies":"Reptomancer","floor":44,"turns":6},{"damage":0,"enemies":"Writhing Mass","floor":46,"turns":2},{"damage":0,"enemies":"4 Shapes","floor":48,"turns":2},{"damage":17,"enemies":"Awakened One","floor":50,"turns":11},{"damage":0,"enemies":"Donu and Deca","floor":51,"turns":3},{"damage":0,"enemies":"Shield and Spear","floor":55,"turns":5},{"damage":47,"enemies":"The Heart","floor":56,"turns":8}],"seed_played":"6302065750694252134","potions_obtained":[{"floor":1.0,"key":"Weak Potion"},{"floor":3.0,"key":"CultistPotion"},{"floor":8,"key":"Regen Potion"},{"floor":16,"key":"Swift Potion"},{"floor":24,"key":"SpeedPotion"},{"floor":28,"key":"LiquidMemories"},{"floor":30,"key":"Dexterity Potion"},{"floor":31,"key":"DuplicationPotion"},{"floor":33,"key":"Energy Potion"},{"floor":35,"key":"Fruit Juice"},{"floor":55,"key":"CultistPotion"}],"is_trial":false,"path_per_floor":["M","M","M","?","?","E","R","?","T","?","M","E","$","?","R","B",null,"M","?","M","M","?","R","E","?","T","E","M","R","?","M","R","B",null,"M","$","M","?","?","E","R","E","T","E","?","M","$","M","R","B","B",null,"R","$","E","B",null],"character_chosen":"THE_SILENT","items_purchased":["Orichalcum","PowerPotion","Chemical X","Predator","HornCleat","Predator"],"campfire_rested":2,"item_purchase_floors":[13,13,36,47,54,54],"current_hp_per_floor":[59,59,59,59,59,49,49,27,27,28,19,13,13,13,13,3,50,50,29,29,29,23,42,27,22,22,22,22,22,22,22,41,40,60,60,60,60,60,60,54,54,51,51,51,51,51,51,51,51,39,39,60,60,60,65,27],"gold":78,"neow_bonus":"THREE_ENEMY_KILL","is_daily":false,"chose_seed":false,"campfire_upgraded":5,"win_rate":0.0,"timestamp":1613545555,"path_taken":["M","?","M","?","?","E","R","?","T","?","M","E","$","?","R","BOSS","M","?","M","M","?","R","E","?","T","E","?","R","?","?","R","BOSS","M","$","M","?","?","E","R","E","T","E","?","?","$","M","R","BOSS","BOSS","R","$","E","BOSS"],"items_purchased_type":["Relic","Potion","Relic","Card","Relic","Card"],"build_version":"2020-12-22","purchased_purges":1,"victory":true,"max_hp_per_floor":[66,66,66,66,66,66,66,66,66,66,66,66,66,66,66,66,66,66,66,66,66,66,66,66,66,66,66,66,66,66,66,66,66,66,66,66,66,66,66,71,71,71,71,71,67,67,67,67,67,67,67,67,67,67,67,67],"relic_stats":{"Gremlin Horn":[35,35],"Happy Flower":[15],"counters":[29,138],"HoveringKite":[21],"Orichalcum":[162],"Lizard Tail":0,"Snecko Eye":[186,175,206,189],"Necronomicon":[56],"Kunai":[46],"Chemical X":[46],"obtain_stats":[{"Lantern":12,"NeowsBlessing":0,"Gremlin Horn":8,"Happy Flower":40,"HoveringKite":34,"Thread and Needle":6,"Paper Crane":9,"Odd Mushroom":10,"Orichalcum":13,"Ancient Tea Set":24,"Lizard Tail":27,"HornCleat":54,"Ninja Scroll":55,"Snecko Eye":17,"Necronomicon":19,"Red Mask":25,"Kunai":26,"Chemical X":36,"InkBottle":42,"Toy Ornithopter":44,"Ring of the Snake":0},{"Lantern":8,"NeowsBlessing":0,"Gremlin Horn":5,"Happy Flower":21,"HoveringKite":18,"Thread and Needle":4,"Paper Crane":5,"Odd Mushroom":6,"Orichalcum":8,"Ancient Tea Set":13,"Lizard Tail":15,"HornCleat":27,"Ninja Scroll":28,"Snecko Eye":9,"Necronomicon":10,"Red Mask":14,"Kunai":14,"Chemical X":19,"InkBottle":22,"Toy Ornithopter":23,"Ring of the Snake":0},{"Lantern":31,"NeowsBlessing":0,"Gremlin Horn":13,"Happy Flower":92,"HoveringKite":76,"Thread and Needle":9,"Paper Crane":13,"Odd Mushroom":18,"Orichalcum":31,"Ancient Tea Set":55,"Lizard Tail":62,"HornCleat":125,"Ninja Scroll":130,"Snecko Eye":41,"Necronomicon":46,"Red Mask":58,"Kunai":58,"Chemical X":79,"InkBottle":101,"Toy Ornithopter":107,"Ring of the Snake":0}],"InkBottle":[21],"Toy Ornithopter":19,"Ring of the Snake":[56]},"card_choices":[{"not_picked":["Dash","All Out Attack"],"picked":"Predator","floor":1.0},{"not_picked":["PiercingWail","Acrobatics"],"picked":"Backflip","floor":2.0},{"not_picked":["Blur","Slice"],"picked":"Terror","floor":3.0},{"not_picked":["Poisoned Stab","Finisher"],"picked":"Footwork","floor":6},{"not_picked":["Deflect","Terror"],"picked":"Skewer","floor":8},{"not_picked":["Heel Hook","Dagger Throw"],"picked":"Distraction","floor":10},{"not_picked":["Expertise","Backflip"],"picked":"Doppelganger","floor":11},{"not_picked":["Dodge and Roll","Accuracy"],"picked":"Flying Knee","floor":12},{"not_picked":["Doppelganger","Unload"],"picked":"Malaise","floor":16},{"not_picked":["PiercingWail","Masterful Stab","Slice"],"picked":"SKIP","floor":18},{"not_picked":["Tactician","Sucker Punch"],"picked":"Underhanded Strike","floor":20},{"not_picked":["Blade Dance","Noxious Fumes"],"picked":"Dodge and Roll","floor":21},{"not_picked":["Deadly Poison","Unload"],"picked":"Skewer","floor":24},{"not_picked":["Underhanded Strike","Poisoned Stab"],"picked":"Dash","floor":25},{"not_picked":["Flying Knee","Doppelganger"],"picked":"Riddle With Holes+1","floor":27},{"not_picked":["Poisoned Stab","Calculated Gamble","Sucker Punch"],"picked":"SKIP","floor":28},{"not_picked":["Flying Knee+1","Accuracy"],"picked":"Crippling Poison","floor":31},{"not_picked":["Malaise","Grand Finale"],"picked":"Venomology","floor":33},{"not_picked":["Dodge and Roll","Backflip"],"picked":"Deadly Poison+1","floor":35},{"not_picked":["Sucker Punch","Concentrate+1"],"picked":"Dodge and Roll+1","floor":37},{"not_picked":["Prepared","Burst"],"picked":"Corpse Explosion","floor":40},{"not_picked":["Backflip","Underhanded Strike"],"picked":"Prepared+1","floor":42},{"not_picked":["Deflect","Glass Knife"],"picked":"Choke+1","floor":44},{"not_picked":["Deadly Poison","PiercingWail"],"picked":"Dash","floor":46},{"not_picked":["Flying Knee+1","Setup"],"picked":"Acrobatics","floor":48},{"not_picked":["Deadly Poison","Bane+1"],"picked":"Backflip","floor":55}],"player_experience":1543243,"relics_obtained":[{"floor":6,"key":"Thread and Needle"},{"floor":8,"key":"Gremlin Horn"},{"floor":9,"key":"Paper Crane"},{"floor":10,"key":"Odd Mushroom"},{"floor":12,"key":"Lantern"},{"floor":19,"key":"Necronomicon"},{"floor":24,"key":"Ancient Tea Set"},{"floor":25,"key":"Red Mask"},{"floor":26,"key":"Kunai"},{"floor":27,"key":"Lizard Tail"},{"floor":40,"key":"Happy Flower"},{"floor":42,"key":"InkBottle"},{"floor":44,"key":"Toy Ornithopter"},{"floor":55,"key":"Ninja Scroll"}],"event_choices":[{"cards_removed":["Strike_G"],"damage_healed":0.0,"max_hp_gain":0.0,"max_hp_loss":0.0,"gold_gain":0.0,"event_name":"The Cleric","player_choice":"Card Removal","floor":4.0,"gold_loss":75.0,"damage_taken":0.0},{"damage_healed":0.0,"max_hp_gain":0.0,"max_hp_loss":0.0,"gold_gain":0.0,"event_name":"Living Wall","player_choice":"Grow","floor":5.0,"gold_loss":0.0,"damage_taken":0.0,"cards_upgraded":["Predator"]},{"damage_healed":0,"gold_gain":30,"player_choice":"Searched \u00272\u0027 times","damage_taken":0,"max_hp_gain":0,"max_hp_loss":0,"event_name":"Dead Adventurer","floor":8,"gold_loss":0},{"damage_healed":0,"gold_gain":0,"player_choice":"Fought Mushrooms","damage_taken":0,"max_hp_gain":0,"max_hp_loss":0,"event_name":"Mushrooms","floor":10,"gold_loss":0},{"damage_healed":0,"gold_gain":0,"player_choice":"0 cards matched","damage_taken":0,"max_hp_gain":0,"max_hp_loss":0,"event_name":"Match and Keep!","floor":14,"gold_loss":0,"cards_obtained":[]},{"damage_healed":0,"gold_gain":0,"player_choice":"Obtained Book","damage_taken":21,"max_hp_gain":0,"max_hp_loss":0,"event_name":"Cursed Tome","floor":19,"gold_loss":0},{"damage_healed":0,"gold_gain":0,"player_choice":"Joined the Cult","damage_taken":6,"max_hp_gain":0,"max_hp_loss":0,"event_name":"Nest","floor":22,"gold_loss":0,"cards_obtained":["RitualDagger"]},{"damage_healed":0,"gold_gain":0,"player_choice":"Fought Bandits","damage_taken":0,"max_hp_gain":0,"max_hp_loss":0,"event_name":"Masked Bandits","floor":25,"gold_loss":0},{"damage_healed":0,"gold_gain":0,"player_choice":"Bought 1 Potion","damage_taken":0,"max_hp_gain":0,"max_hp_loss":0,"event_name":"The Woman in Blue","floor":30,"gold_loss":0},{"cards_removed":["Defend_G"],"damage_healed":0,"gold_gain":0,"player_choice":"Removed Skill","damage_taken":0,"max_hp_gain":0,"max_hp_loss":0,"event_name":"Falling","floor":38,"gold_loss":0},{"damage_healed":0,"gold_gain":222,"player_choice":"Wore Mask","damage_taken":0,"max_hp_gain":0,"max_hp_loss":0,"event_name":"Tomb of Lord Red Mask","floor":39,"gold_loss":0},{"damage_healed":0,"gold_gain":0,"player_choice":"Max HP","damage_taken":0,"max_hp_gain":0,"max_hp_loss":4,"event_name":"Winding Halls","floor":45,"gold_loss":0}],"is_beta":false,"boss_relics":[{"not_picked":["Ring of the Serpent","Sozu"],"picked":"Snecko Eye"},{"not_picked":["Empty Cage","Tiny House"],"picked":"HoveringKite"}],"items_purged_floors":[47],"is_endless":false,"potions_floor_spawned":[1,3,8,16,24,28,31,33,35,46,48,55],"ascension_level":20}}