{"host":"en4narc5947t7k9n","time":1613584442,"event":{"mods":["AchievementEnabler","BaseMod","Colored Map","Minty Spire (QoL Compilation)","SuperFastMode"],"gold_per_floor":[113,129,149,53,53,86,86,105,154,174,184,184,184,207,207,331,331,344,26,45,63,63,63,63,63],"floor_reached":24,"language":"KOR","playtime":1521,"items_purged":[],"score":200,"play_id":"cb08ef53-4625-4ee4-9f5a-9ccacdee4bdf","local_time":"20210218025402","is_ascension_mode":false,"campfire_choices":[{"data":"Sadistic Nature","floor":7,"key":"SMITH"},{"data":"Blade Dance","floor":12,"key":"SMITH"},{"data":"Blind","floor":15,"key":"SMITH"},{"data":"Adrenaline","floor":23,"key":"SMITH"}],"circlet_count":0,"master_deck":["Strike_G","Strike_G","Strike_G","Strike_G","Strike_G","Defend_G","Defend_G","Defend_G","Defend_G","Defend_G","Survivor","Neutralize","Sadistic Nature+1","Blade Dance+1","Choke","Calculated Gamble","Blind+1","Noxious Fumes","Terror+1","Poisoned Stab+1","Outmaneuver","Prepared+1","Adrenaline+1","Backstab+1","Blade Dance+1","Dagger Spray","Blade Dance+1","Blur","Writhe"],"relics":["Ring of the Snake","Meat on the Bone","Pen Nib","Golden Idol","Black Star","DollysMirror","Whetstone","War Paint"],"acts_visited":["Exordium","TheCity"],"potions_floor_usage":[16,16],"damage_taken":[{"damage":2,"enemies":"Small Slimes","floor":1,"turns":3},{"damage":3,"enemies":"Jaw Worm","floor":2,"turns":4},{"damage":1,"enemies":"2 Louse","floor":3,"turns":4},{"damage":13,"enemies":"Lagavulin","floor":6,"turns":6},{"damage":9,"enemies":"Red Slaver","floor":8,"turns":4},{"damage":6,"enemies":"3 Louse","floor":10,"turns":4},{"damage":0,"enemies":"Looter","floor":11,"turns":2},{"damage":2,"enemies":"Blue Slaver","floor":14,"turns":3},{"damage":23,"enemies":"The Guardian","floor":16,"turns":8},{"damage":37,"enemies":"Spheric Guardian","floor":18,"turns":6},{"damage":15,"enemies":"3 Byrds","floor":20,"turns":5},{"damage":25,"enemies":"Cultist and Chosen","floor":21,"turns":7},{"damage":28,"enemies":"Slavers","floor":24,"turns":2}],"seed_played":"-7763706462101035681","potions_obtained":[{"floor":3,"key":"Block Potion"},{"floor":8,"key":"Energy Potion"},{"floor":10,"key":"ColorlessPotion"},{"floor":20,"key":"SkillPotion"}],"is_trial":false,"path_per_floor":["M","M","M","$","?","E","R","M","T","M","M","R","?","M","R","B",null,"M","$","M","M","?","R","E"],"character_chosen":"THE_SILENT","items_purchased":["Blind","DollysMirror","Whetstone","Dagger Spray"],"campfire_rested":0,"item_purchase_floors":[4,19,19,19],"current_hp_per_floor":[61,58,57,57,62,49,49,40,40,46,46,46,29,39,39,28,68,43,43,40,27,27,27,0,0],"gold":63,"neow_bonus":"RANDOM_COLORLESS_2","is_daily":false,"chose_seed":false,"campfire_upgraded":4,"win_rate":0.0,"timestamp":1613584442,"path_taken":["M","M","M","$","?","E","R","M","T","M","M","R","?","M","R","BOSS","M","$","M","M","?","R","E"],"items_purchased_type":["Card","Relic","Relic","Card"],"build_version":"2020-12-22","purchased_purges":0,"victory":false,"max_hp_per_floor":[63,63,63,63,68,68,68,68,68,68,68,68,68,68,68,68,68,68,68,68,68,68,68,68,68],"card_choices":[{"not_picked":["Secret Technique","Thinking Ahead"],"picked":"Sadistic Nature","floor":0},{"not_picked":["Heel Hook","All Out Attack"],"picked":"Blade Dance","floor":1},{"not_picked":["Expertise","Deadly Poison"],"picked":"Choke","floor":2},{"not_picked":["Slice","Reflex"],"picked":"Calculated Gamble","floor":3},{"not_picked":["Underhanded Strike","Flying Knee"],"picked":"Noxious Fumes","floor":6},{"not_picked":["Deflect","Reflex"],"picked":"Terror","floor":8},{"not_picked":["Bane","Quick Slash"],"picked":"Poisoned Stab","floor":10},{"not_picked":["Bullet Time","Dodge and Roll"],"picked":"Outmaneuver","floor":11},{"not_picked":["Outmaneuver","Finisher"],"picked":"Prepared","floor":14},{"not_picked":["Glass Knife","Die Die Die"],"picked":"Adrenaline","floor":16},{"not_picked":["Finisher","Choke"],"picked":"Backstab","floor":18},{"not_picked":["Outmaneuver","Sucker Punch"],"picked":"Blade Dance+1","floor":20},{"not_picked":["Masterful Stab","Reflex+1"],"picked":"Blur","floor":21}],"player_experience":45029,"relics_obtained":[{"floor":6,"key":"Meat on the Bone"},{"floor":9,"key":"Pen Nib"}],"event_choices":[{"damage_healed":0,"gold_gain":0,"player_choice":"Donut","damage_taken":0,"max_hp_gain":5,"max_hp_loss":0,"event_name":"Big Fish","floor":5,"gold_loss":0},{"damage_healed":0,"gold_gain":0,"player_choice":"Take Damage","damage_taken":17,"relics_obtained":["Golden Idol"],"max_hp_gain":0,"max_hp_loss":0,"event_name":"Golden Idol","floor":13,"gold_loss":0},{"damage_healed":0,"gold_gain":0,"player_choice":"Opened","damage_taken":0,"relics_obtained":["War Paint"],"max_hp_gain":0,"max_hp_loss":0,"event_name":"The Mausoleum","floor":22,"gold_loss":0,"cards_obtained":["Writhe"]}],"is_beta":false,"boss_relics":[{"not_picked":["Busted Crown","Tiny House"],"picked":"Black Star"}],"items_purged_floors":[],"is_endless":false,"potions_floor_spawned":[3,8,10,11,14,20],"killed_by":"Slavers","ascension_level":0}}