{"host":"dg9ago0zd82drrsw","time":1613576794,"event":{"mods":["BaseMod","Bestiary","Downfall","GifTheSpireLib","Minty Spire (QoL Compilation)","Relic Stats","StSLib"],"gold_per_floor":[199,217,235,235,5,31,31,41,41,68,87,87,11,23,35,35,35,35],"floor_reached":16,"language":"ENG","playtime":530,"items_purged":[],"score":151,"play_id":"697f7a22-9d34-422a-98a6-eeb167bc1033","local_time":"20210217184634","is_ascension_mode":true,"campfire_choices":[{"data":"Guardian:TwinSlam","floor":1,"key":"SMITH"},{"data":"Guardian:MultiBeam","floor":9,"key":"SMITH"},{"floor":12,"key":"REST"}],"circlet_count":0,"master_deck":["Guardian:Strike_Guardian","Guardian:Strike_Guardian","Guardian:Strike_Guardian","Guardian:Strike_Guardian","Guardian:Defend_Guardian","Guardian:Defend_Guardian","Guardian:Defend_Guardian","Guardian:Defend_Guardian","Guardian:CurlUp","Guardian:TwinSlam+1","Guardian:MultiBeam+1","Guardian:SpikerProtocol","Guardian:ChargeUp","Guardian:ChargeUp","Guardian:TimeCapacitor","Guardian:Harden","Guardian:ShieldSpikes","Guardian:TemporalShield","Guardian:ArmoredProtocol","Guardian:ArmoredProtocol","Guardian:PrimingBeam","Guardian:Gem_Yellow"],"relics":["Guardian:ModeShifter","Blue Candle","ClockworkSouvenir","The Courier","Guardian:StasisCodex","Omamori"],"acts_visited":["Exordium"],"potions_floor_usage":[6,6],"damage_taken":[{"damage":4,"enemies":"Jaw Worm","floor":2,"turns":5},{"damage":12,"enemies":"Small Slimes","floor":3,"turns":2},{"damage":0,"enemies":"downfall:FleeingMerchant","floor":5,"turns":4},{"damage":10,"enemies":"Gremlin Nob","floor":6,"turns":5},{"damage":0,"enemies":"2 Louse","floor":8,"turns":1},{"damage":17,"enemies":"Lagavulin","floor":10,"turns":11},{"damage":5,"enemies":"Blue Slaver","floor":11,"turns":4},{"damage":2,"enemies":"downfall:FleeingMerchant","floor":13,"turns":4},{"damage":8,"enemies":"Exordium Thugs","floor":14,"turns":6},{"damage":7,"enemies":"Gremlin Gang","floor":15,"turns":6},{"damage":32,"enemies":"WA_ARCHETYPE_RETAIN","floor":16,"turns":9}],"seed_played":"-5347637609677942617","potions_obtained":[{"floor":2,"key":"PowerPotion"},{"floor":6,"key":"Fruit Juice"},{"floor":11,"key":"GamblersBrew"},{"floor":14,"key":"EntropicBrew"},{"floor":15,"key":"Guardian:BlockOnCardUsePotion"}],"is_trial":false,"path_per_floor":["R","M","M","?","$","E","T","M","R","E","M","R","$","M","M","B"],"character_chosen":"GUARDIAN","items_purchased":["ClockworkSouvenir","Guardian:ChargeUp","Guardian:ArmoredProtocol"],"campfire_rested":1,"item_purchase_floors":[5,5,13],"current_hp_per_floor":[72,68,56,51,51,46,46,46,46,29,24,49,47,39,32,0,0,0],"gold":35,"neow_bonus":"HUNDRED_GOLD","is_daily":false,"chose_seed":false,"campfire_upgraded":2,"win_rate":0.0,"timestamp":1613576794,"path_taken":["R","M","M","?","$","E","T","M","R","E","M","R","$","M","M","BOSS"],"items_purchased_type":["Relic","Card","Card"],"build_version":"2020-12-22","purchased_purges":0,"victory":false,"max_hp_per_floor":[80,80,80,80,80,85,85,85,85,85,85,85,85,85,85,85,85,85],"relic_stats":{"counters":[11,57],"Blue Candle":[0],"obtain_stats":[{"Blue Candle":4,"Guardian:ModeShifter":0,"Guardian:StasisCodex":7,"The Courier":6,"Omamori":10,"ClockworkSouvenir":5},{"Blue Candle":2,"Guardian:ModeShifter":0,"Guardian:StasisCodex":4,"The Courier":4,"Omamori":6,"ClockworkSouvenir":3},{"Blue Candle":7,"Guardian:ModeShifter":0,"Guardian:StasisCodex":16,"The Courier":16,"Omamori":28,"ClockworkSouvenir":11}]},"card_choices":[{"not_picked":["Guardian:Gem_Lightblue","Guardian:Reroute"],"picked":"Guardian:MultiBeam","floor":2},{"not_picked":["Guardian:ShieldCharger","Guardian:VentSteam"],"picked":"Guardian:SpikerProtocol","floor":3},{"not_picked":["Guardian:Gem_Cyan","Guardian:TemporalShield"],"picked":"Guardian:ChargeUp","floor":5},{"not_picked":["Guardian:Suspension","Guardian:ChargeCore"],"picked":"Guardian:TimeCapacitor","floor":6},{"not_picked":["Guardian:Gem_Crimson","Guardian:CrystalBeam"],"picked":"Guardian:Harden","floor":8},{"not_picked":["Guardian:GuardianWhirl","Guardian:TemporalStrike"],"picked":"Guardian:ShieldSpikes","floor":10},{"not_picked":["Guardian:WalkerClaw","Guardian:CrystalBeam"],"picked":"Guardian:TemporalShield","floor":11},{"not_picked":["Guardian:PiercingHide","Guardian:BodySlam"],"picked":"Guardian:ArmoredProtocol","floor":13},{"not_picked":["Guardian:BodySlam","Guardian:CrystalBeam"],"picked":"Guardian:PrimingBeam","floor":14},{"not_picked":["Guardian:Gem_Purple","Guardian:Gem_Lightblue"],"picked":"Guardian:Gem_Yellow","floor":15}],"player_experience":760603,"relics_obtained":[{"floor":6,"key":"The Courier"},{"floor":7,"key":"Guardian:StasisCodex"},{"floor":10,"key":"Omamori"}],"event_choices":[],"is_beta":false,"boss_relics":[],"items_purged_floors":[],"is_endless":false,"potions_floor_spawned":[2,6,11,14,15],"killed_by":"WA_ARCHETYPE_RETAIN","ascension_level":7}}