{"host":"cy3pd5cut10e7v8y","time":1613580387,"event":{"mods":["AchievementEnabler","Act Like it!","BaseMod","Colored Map","Colored Powertips","Koishi","Minty Spire (QoL Compilation)","StSLib","The Animator","Waifu the Spire"],"gold_per_floor":[110,128,59,72,42,67,86,11,11,31,31,50,67,67,67,164,164,175,100,100,120,130,144,144,157,181,30,30,30,30,46,46,148,148,159,169,189,33,83,110,128,128,128,147,492,56,66,66,66,66],"floor_reached":51,"language":"ENG","playtime":1968,"items_purged":["Strike_R","Clumsy"],"score":733,"play_id":"3c58214f-bf32-4697-8e95-ec5eb6d6d3f7","local_time":"20210217174627","is_ascension_mode":false,"campfire_choices":[{"data":"Heavy Blade","floor":11,"key":"SMITH"},{"floor":15,"key":"REST"},{"data":"Inflame","floor":24,"key":"SMITH"},{"floor":29,"key":"REST"},{"floor":32,"key":"REST"},{"data":"Flex","floor":42,"key":"SMITH"},{"floor":49,"key":"REST"}],"circlet_count":0,"master_deck":["Strike_R","Strike_R+1","Strike_R","Defend_R","Defend_R","Defend_R","Defend_R","Bash","Inflame+1","Flex+1","Heavy Blade+1","Spot Weakness+1","Warcry","Offering","Reaper","Uppercut+1","Inflame","Heavy Blade"],"relics":["Burning Blood","Mango","Mercury Hourglass","Velvet Choker","Nloth\u0027s Gift","Lantern","Bag of Marbles","Enchiridion","Cursed Key","Brimstone","Unceasing Top","Sundial","Frozen Egg 2","Old Coin","Mummified Hand"],"acts_visited":["Exordium","TheCity","TheBeyond"],"potions_floor_usage":[6,16,25,33,45,50,50,50],"damage_taken":[{"damage":0,"enemies":"Cultist","floor":1,"turns":1},{"damage":0,"enemies":"2 Louse","floor":2,"turns":1},{"damage":0,"enemies":"Small Slimes","floor":4,"turns":1},{"damage":32,"enemies":"Lagavulin","floor":6,"turns":9},{"damage":6,"enemies":"3 Louse","floor":7,"turns":5},{"damage":3,"enemies":"Lots of Slimes","floor":10,"turns":3},{"damage":2,"enemies":"Blue Slaver","floor":12,"turns":2},{"damage":8,"enemies":"2 Fungi Beasts","floor":13,"turns":4},{"damage":54,"enemies":"Hexaghost","floor":16,"turns":6},{"damage":26,"enemies":"2 Thieves","floor":18,"turns":4},{"damage":16,"enemies":"3 Byrds","floor":21,"turns":4},{"damage":23,"enemies":"3 Cultists","floor":22,"turns":4},{"damage":20,"enemies":"Sentry and Sphere","floor":23,"turns":3},{"damage":18,"enemies":"Snake Plant","floor":25,"turns":2},{"damage":23,"enemies":"3 Cultists","floor":31,"turns":4},{"damage":127,"enemies":"Automaton","floor":33,"turns":9},{"damage":11,"enemies":"Orb Walker","floor":35,"turns":2},{"damage":44,"enemies":"3 Darklings","floor":36,"turns":4},{"damage":23,"enemies":"Jaw Worm Horde","floor":37,"turns":3},{"damage":0,"enemies":"Mind Bloom Boss Battle","floor":39,"turns":4},{"damage":6,"enemies":"Reptomancer","floor":40,"turns":2},{"damage":12,"enemies":"Spire Growth","floor":41,"turns":2},{"damage":15,"enemies":"3 Darklings","floor":44,"turns":3},{"damage":57,"enemies":"2 Orb Walkers","floor":45,"turns":4},{"damage":17,"enemies":"Writhing Mass","floor":47,"turns":3},{"damage":111,"enemies":"Awakened One","floor":50,"turns":7}],"seed_played":"-7936961519075022236","potions_obtained":[{"floor":4,"key":"FairyPotion"},{"floor":5,"key":"SmokeBomb"},{"floor":5,"key":"Block Potion"},{"floor":7,"key":"Strength Potion"},{"floor":10,"key":"CultistPotion"},{"floor":23,"key":"EssenceOfSteel"},{"floor":33,"key":"SpeedPotion"},{"floor":35,"key":"Energy Potion"},{"floor":39,"key":"EssenceOfSteel"},{"floor":44,"key":"CultistPotion"}],"is_trial":false,"path_per_floor":["M","M","$","M","?","E","M","$","T","M","R","M","M","?","R","B",null,"M","?","?","M","M","M","R","M","T","$","?","R","$","M","R","B",null,"M","M","M","$","?","E","M","R","T","M","?","$","M","?","R","B",null],"character_chosen":"IRONCLAD","items_purchased":["Inflame","Bag of Marbles","Brimstone","Mummified Hand","DuplicationPotion"],"campfire_rested":4,"item_purchase_floors":[3,27,38,46,46],"current_hp_per_floor":[80,80,80,80,80,68,68,68,68,71,71,75,73,54,82,34,94,74,74,74,64,47,33,33,21,21,21,5,33,33,38,66,18,94,89,71,56,56,84,84,88,88,88,85,50,50,61,61,89,26],"gold":66,"neow_bonus":"THREE_ENEMY_KILL","is_daily":false,"chose_seed":false,"campfire_upgraded":3,"win_rate":0.0,"timestamp":1613580387,"path_taken":["M","?","?","M","?","E","?","?","T","M","R","M","M","?","R","BOSS","M","?","?","M","?","M","R","M","T","$","?","R","$","M","R","BOSS","M","M","M","$","?","E","M","R","T","M","?","$","M","?","R","BOSS"],"items_purchased_type":["Card","Relic","Relic","Relic","Potion"],"build_version":"2020-12-22","purchased_purges":2,"victory":true,"max_hp_per_floor":[80,80,80,80,80,94,94,94,94,94,94,94,94,94,94,94,94,94,94,94,94,94,94,94,94,94,94,94,94,94,94,94,94,94,94,94,94,94,94,94,94,94,94,94,94,94,94,94,94,94],"card_choices":[{"not_picked":["Twin Strike","Iron Wave","Bloodletting"],"picked":"SKIP","floor":1},{"not_picked":["Seeing Red","True Grit"],"picked":"Body Slam","floor":2},{"not_picked":["Sever Soul","Evolve","Anger"],"picked":"SKIP","floor":4},{"not_picked":["Iron Wave","Dual Wield","Blood for Blood"],"picked":"SKIP","floor":6},{"not_picked":["True Grit","Clothesline"],"picked":"Flex","floor":7},{"not_picked":["Pommel Strike","Second Wind"],"picked":"Heavy Blade","floor":10},{"not_picked":["Bloodletting","Double Tap"],"picked":"Spot Weakness","floor":12},{"not_picked":["Infernal Blade","Headbutt"],"picked":"Warcry","floor":13},{"not_picked":["Barricade","Demon Form"],"picked":"Offering","floor":16},{"not_picked":["Heavy Blade","Intimidate","Headbutt+1"],"picked":"SKIP","floor":18},{"not_picked":["Headbutt","Corruption","Body Slam"],"picked":"SKIP","floor":21},{"not_picked":["Second Wind","Iron Wave","Headbutt"],"picked":"SKIP","floor":22},{"not_picked":["Carnage","Rampage+1"],"picked":"Reaper","floor":23},{"not_picked":["Twin Strike","Rage","Second Wind"],"picked":"SKIP","floor":25},{"not_picked":["Body Slam","Shrug It Off+1","Hemokinesis"],"picked":"SKIP","floor":31},{"not_picked":["Flex","Rage+1"],"picked":"Uppercut+1","floor":35},{"not_picked":["Sword Boomerang+1","Wild Strike+1"],"picked":"Inflame","floor":36},{"not_picked":["Battle Trance","Reaper","Sword Boomerang"],"picked":"SKIP","floor":37},{"not_picked":["Sever Soul+1","Sword Boomerang","Wild Strike"],"picked":"SKIP","floor":40},{"not_picked":["Clothesline","Clash+1","Anger+1"],"picked":"SKIP","floor":41},{"not_picked":["True Grit+1","Offering"],"picked":"Heavy Blade","floor":44},{"not_picked":["Cleave+1","True Grit+1","Blood for Blood"],"picked":"SKIP","floor":47}],"player_experience":202054,"relics_obtained":[{"floor":6,"key":"Mango"},{"floor":9,"key":"Mercury Hourglass"},{"floor":26,"key":"Lantern"},{"floor":28,"key":"Enchiridion"},{"floor":39,"key":"Unceasing Top"},{"floor":40,"key":"Sundial"},{"floor":43,"key":"Frozen Egg 2"},{"floor":45,"key":"Old Coin"}],"event_choices":[{"damage_healed":0,"gold_gain":0,"player_choice":"Bought 2 Potions","damage_taken":0,"max_hp_gain":0,"max_hp_loss":0,"event_name":"The Woman in Blue","floor":5,"gold_loss":0},{"damage_healed":0,"gold_gain":0,"player_choice":"Entered Light","damage_taken":19,"max_hp_gain":0,"max_hp_loss":0,"event_name":"Shining Light","floor":14,"gold_loss":0,"cards_upgraded":["Strike_R","Spot Weakness"]},{"cards_removed":["Body Slam"],"damage_healed":0,"gold_gain":0,"player_choice":"Gave Gold","damage_taken":0,"max_hp_gain":0,"max_hp_loss":0,"event_name":"Beggar","floor":19,"gold_loss":75},{"damage_healed":0,"gold_gain":0,"player_choice":"Traded Relic","damage_taken":0,"relics_obtained":["Nloth\u0027s Gift"],"max_hp_gain":0,"max_hp_loss":0,"event_name":"N\u0027loth","floor":20,"relics_lost":["NeowsBlessing"],"gold_loss":0},{"damage_healed":0,"gold_gain":0,"player_choice":"Obtained Book","damage_taken":16,"max_hp_gain":0,"max_hp_loss":0,"event_name":"Cursed Tome","floor":28,"gold_loss":0},{"damage_healed":0,"gold_gain":0,"player_choice":"Fight","damage_taken":0,"max_hp_gain":0,"max_hp_loss":0,"event_name":"MindBloom","floor":39,"gold_loss":0},{"damage_healed":0,"gold_gain":0,"player_choice":"Fight","damage_taken":0,"max_hp_gain":0,"max_hp_loss":0,"event_name":"Mysterious Sphere","floor":45,"gold_loss":0},{"cards_removed":["Strike_R"],"damage_healed":0,"gold_gain":0,"player_choice":"Removed Attack","damage_taken":0,"max_hp_gain":0,"max_hp_loss":0,"event_name":"Falling","floor":48,"gold_loss":0}],"is_beta":false,"boss_relics":[{"not_picked":["SlaversCollar","Calling Bell"],"picked":"Velvet Choker"},{"not_picked":["Mark of Pain","Snecko Eye"],"picked":"Cursed Key"}],"items_purged_floors":[8,46],"is_endless":false,"potions_floor_spawned":[4,7,10,23,33,35,39,44,47],"ascension_level":0}}