{"host":"0qulokkk26x4i6bu","time":1613528190,"event":{"mods":["BaseMod","Bestiary","Block Reminder","DeckTracker","Minty Spire (QoL Compilation)","Relic Stats"],"gold_per_floor":[114,114,289,54,54,54,69,97,121,140,140,140,17,58,58,178,178,172,172,172,193,206,206,206,206],"floor_reached":24,"language":"ENG","playtime":1505,"items_purged":["Doubt"],"score":237,"play_id":"714f2957-ba11-4ec4-8beb-40d85f60a0f4","local_time":"20210216181630","is_ascension_mode":true,"campfire_choices":[{"data":"Footwork","floor":6,"key":"SMITH"},{"floor":12,"key":"REST"},{"floor":15,"key":"REST"},{"data":"Envenom","floor":23,"key":"SMITH"}],"circlet_count":0,"master_deck":["Defend_G","Defend_G","Defend_G","Defend_G","Defend_G","Survivor","Neutralize","Footwork+1","Envenom+1","Blur","Sucker Punch","Malaise","Prepared","Footwork","Backflip","Bane","Wraith Form v2","PiercingWail+1","Bite","Bite","Bite","Bite","Bite","RitualDagger","Slice"],"relics":["Ring of the Snake","Calipers","Centennial Puzzle","Golden Idol","Regal Pillow","Runic Pyramid"],"acts_visited":["Exordium","TheCity"],"potions_floor_usage":[8,14,16,16,24],"damage_taken":[{"damage":5,"enemies":"Small Slimes","floor":1,"turns":5},{"damage":5,"enemies":"Jaw Worm","floor":7,"turns":6},{"damage":31,"enemies":"3 Sentries","floor":8,"turns":17},{"damage":1,"enemies":"2 Louse","floor":10,"turns":4},{"damage":16,"enemies":"Gremlin Nob","floor":14,"turns":7},{"damage":24,"enemies":"Hexaghost","floor":16,"turns":15},{"damage":33,"enemies":"2 Thieves","floor":18,"turns":5},{"damage":27,"enemies":"Spheric Guardian","floor":21,"turns":11},{"damage":25,"enemies":"Cultist and Chosen","floor":22,"turns":10},{"damage":55,"enemies":"Slavers","floor":24,"turns":5}],"seed_played":"5883287162799808893","potions_obtained":[{"floor":0,"key":"SteroidPotion"},{"floor":0,"key":"Energy Potion"},{"floor":0,"key":"DistilledChaos"},{"floor":10,"key":"SkillPotion"},{"floor":14,"key":"FairyPotion"},{"floor":18,"key":"Weak Potion"},{"floor":22,"key":"FearPotion"}],"is_trial":false,"path_per_floor":["M","?","?","$","?","R","M","E","T","M","?","R","$","E","R","B",null,"M","?","?","M","M","R","E"],"character_chosen":"THE_SILENT","items_purchased":["Envenom","Blur","Footwork","Backflip"],"campfire_rested":2,"item_purchase_floors":[4,4,13,13],"current_hp_per_floor":[65,53,53,53,46,46,41,10,10,11,11,30,30,16,50,28,65,32,32,26,27,24,24,0,0],"gold":206,"neow_bonus":"THREE_SMALL_POTIONS","is_daily":false,"chose_seed":false,"campfire_upgraded":2,"win_rate":0.0,"timestamp":1613528190,"path_taken":["M","?","?","$","?","R","M","E","T","M","?","R","$","E","R","BOSS","M","?","?","M","M","R","E"],"items_purchased_type":["Card","Card","Card","Card"],"build_version":"2020-12-22","purchased_purges":1,"victory":false,"max_hp_per_floor":[70,70,70,70,70,70,70,70,70,70,65,65,65,65,65,65,65,65,65,65,65,65,65,65,65],"relic_stats":{"Centennial Puzzle":[21],"Regal Pillow":15,"counters":[10,85],"Golden Idol":44,"obtain_stats":[{"Blood Vial":8,"Centennial Puzzle":9,"Regal Pillow":14,"Calipers":2,"Golden Idol":11,"Ring of the Snake":0,"Runic Pyramid":17},{"Blood Vial":3,"Centennial Puzzle":3,"Regal Pillow":5,"Calipers":1,"Golden Idol":4,"Ring of the Snake":0,"Runic Pyramid":6},{"Blood Vial":28,"Centennial Puzzle":28,"Regal Pillow":39,"Calipers":5,"Golden Idol":32,"Ring of the Snake":0,"Runic Pyramid":54}],"Ring of the Snake":[20]},"card_choices":[{"not_picked":["Backflip","Acrobatics"],"picked":"Footwork","floor":1},{"not_picked":["Well Laid Plans","Bouncing Flask"],"picked":"Sucker Punch","floor":7},{"not_picked":["Outmaneuver","Dodge and Roll"],"picked":"Malaise","floor":8},{"not_picked":["Dodge and Roll","Prepared","Choke"],"picked":"SKIP","floor":10},{"not_picked":["Dodge and Roll","Choke"],"picked":"Prepared","floor":10},{"not_picked":["Predator","Finisher"],"picked":"Bane","floor":14},{"not_picked":["Unload","Phantasmal Killer"],"picked":"Wraith Form v2","floor":16},{"not_picked":["Dagger Throw+1","Outmaneuver"],"picked":"PiercingWail+1","floor":18},{"not_picked":["Leg Sweep+1","Poisoned Stab+1"],"picked":"Slice","floor":21},{"not_picked":["Outmaneuver","Underhanded Strike","Blur"],"picked":"SKIP","floor":22}],"player_experience":55806,"relics_obtained":[{"floor":8,"key":"Blood Vial"},{"floor":9,"key":"Centennial Puzzle"},{"floor":14,"key":"Regal Pillow"}],"event_choices":[{"damage_healed":0,"gold_gain":0,"player_choice":"Success","damage_taken":12,"relics_obtained":["Calipers"],"max_hp_gain":0,"max_hp_loss":0,"event_name":"Scrap Ooze","floor":2,"gold_loss":0},{"damage_healed":0,"gold_gain":175,"player_choice":"AGREE","damage_taken":0,"max_hp_gain":0,"max_hp_loss":0,"event_name":"Liars Game","floor":3,"gold_loss":0,"cards_obtained":["Doubt"]},{"cards_removed":["Strike_G"],"damage_healed":0,"gold_gain":0,"player_choice":"Card Removal","damage_taken":7,"max_hp_gain":0,"max_hp_loss":0,"event_name":"Golden Wing","floor":5,"gold_loss":0},{"damage_healed":0,"gold_gain":0,"player_choice":"Lose Max HP","damage_taken":0,"relics_obtained":["Golden Idol"],"max_hp_gain":0,"max_hp_loss":5,"event_name":"Golden Idol","floor":11,"gold_loss":0},{"damage_healed":0,"gold_gain":0,"player_choice":"Became a vampire (Vial)","damage_taken":0,"max_hp_gain":0,"max_hp_loss":0,"event_name":"Vampires","floor":19,"relics_lost":["Blood Vial"],"gold_loss":0,"cards_obtained":["Bite","Bite","Bite","Bite","Bite"]},{"damage_healed":0,"gold_gain":0,"player_choice":"Joined the Cult","damage_taken":6,"max_hp_gain":0,"max_hp_loss":0,"event_name":"Nest","floor":20,"gold_loss":0,"cards_obtained":["RitualDagger"]}],"is_beta":false,"boss_relics":[{"not_picked":["Calling Bell","Sozu"],"picked":"Runic Pyramid"}],"items_purged_floors":[4],"is_endless":false,"potions_floor_spawned":[1,10,14,18,22],"killed_by":"Slavers","ascension_level":1}}