{"host":"050ensmz1fh1c58u","time":1613568102,"event":{"mods":["BaseMod","Downfall","Gremlin Mod","Minty Spire (QoL Compilation)","READ ME - Guardian Mod","StSLib","The Animator","The Bug Knight","The Cursed","The Disciple","The Servant 0.9.4"],"gold_per_floor":[99,116,131,41,51,51,132,132,132,166,51,69,69,102,117,214,214,114,114,131,131,116,116,116,143,143,43,74,74,102,115,127,224,224,124,144,144,144,163,175,175,200,200,350,366,366,381,366,385,385,385,420,186,186,186,186,186,186],"floor_reached":56,"language":"ENG","playtime":4574,"items_purged":["bronze:Strike","bronze:Strike","bronze:Strike"],"score":843,"play_id":"2ef9d590-440a-42be-ba4c-37d40189b9fe","local_time":"20210217142142","is_ascension_mode":false,"campfire_choices":[{"data":"bronze:Replicate","floor":1,"key":"SMITH"},{"data":"bronze:OilSpill","floor":9,"key":"SMITH"},{"floor":13,"key":"REST"},{"data":"bronze:Separator","floor":18,"key":"SMITH"},{"floor":23,"key":"RECALL"},{"data":"bronze:Goto","floor":27,"key":"SMITH"},{"data":"bronze:Mutator","floor":29,"key":"SMITH"},{"data":"bronze:Virus","floor":35,"key":"SMITH"},{"data":"expansioncontent:Chronoboost","floor":43,"key":"SMITH"},{"data":"bronze:Frontload","floor":46,"key":"SMITH"},{"floor":54,"key":"REST"}],"circlet_count":0,"master_deck":["bronze:Defend","bronze:Defend","bronze:Defend","bronze:Replicate+1","bronze:Goto+1","bronze:OilSpill+1","bronze:ForLoop","bronze:Separator+1","bronze:Frontload+1","bronze:Mutator+1","bronze:OilSpill+1","bronze:Virus+1","expansioncontent:Chronoboost+1","bronze:Repair+1","Secret Technique+1"],"relics":["bronze:BronzeCore","Kunai","HollowMod:StagPassRelic","Ornamental Fan","Sozu","downfall:HeartBlessingGreen","downfall:RedIOU","downfall:HeartBlessingBlue","Bird Faced Urn","InkBottle","Empty Cage","downfall:HeartBlessingRed","Meat on the Bone","HollowMod:LifeEnderRelic","Membership Card","Unceasing Top","bronze:CableSpool","Bronze Scales","Orichalcum"],"acts_visited":["Exordium","TheCity","TheBeyond","TheEnding"],"potions_floor_usage":[10,14,25,28,28],"damage_taken":[{"damage":1,"enemies":"Cultist","floor":2,"turns":4},{"damage":3,"enemies":"2 Louse","floor":3,"turns":2},{"damage":5,"enemies":"downfall:FleeingMerchant","floor":4,"turns":4},{"damage":0,"enemies":"Small Slimes","floor":5,"turns":2},{"damage":12,"enemies":"Lagavulin","floor":10,"turns":5},{"damage":6,"enemies":"downfall:FleeingMerchant","floor":11,"turns":4},{"damage":7,"enemies":"Blue Slaver","floor":12,"turns":2},{"damage":0,"enemies":"Gremlin Nob","floor":14,"turns":2},{"damage":0,"enemies":"downfall:LooterAlt","floor":15,"turns":3},{"damage":8,"enemies":"SI_SHIV_ARCHETYPE","floor":16,"turns":5},{"damage":1,"enemies":"3 Byrds","floor":20,"turns":5},{"damage":2,"enemies":"downfall:FleeingMerchant","floor":22,"turns":4},{"damage":3,"enemies":"Book of Stabbing","floor":25,"turns":5},{"damage":0,"enemies":"Gremlin Leader","floor":28,"turns":4},{"damage":25,"enemies":"Slavers","floor":30,"turns":7},{"damage":0,"enemies":"downfall:LooterAlt2","floor":31,"turns":4},{"damage":0,"enemies":"Chosen and Byrds","floor":32,"turns":4},{"damage":34,"enemies":"DF_ARCHETYPE_CLAW","floor":33,"turns":8},{"damage":0,"enemies":"3 Darklings","floor":36,"turns":4},{"damage":10,"enemies":"3 Shapes","floor":39,"turns":4},{"damage":11,"enemies":"Spire Growth","floor":40,"turns":4},{"damage":9,"enemies":"Giant Head","floor":42,"turns":5},{"damage":3,"enemies":"4 Shapes","floor":45,"turns":5},{"damage":18,"enemies":"Writhing Mass","floor":47,"turns":4},{"damage":0,"enemies":"downfall:FleeingMerchant","floor":48,"turns":3},{"damage":0,"enemies":"Transient","floor":49,"turns":5},{"damage":32,"enemies":"WA_ARCHETYPE_DIVINITY","floor":50,"turns":8},{"damage":29,"enemies":"downfall:CharBossMerchant","floor":52,"turns":6},{"damage":45,"enemies":"downfall:NeowBoss","floor":55,"turns":12},{"damage":72,"enemies":"downfall:NeowBossFinal","floor":56,"turns":7}],"seed_played":"8669207089021797275","potions_obtained":[{"floor":3,"key":"bronze:CleanCodePotion"},{"floor":5,"key":"SteroidPotion"},{"floor":12,"key":"Fire Potion"},{"floor":15,"key":"ColorlessPotion"},{"floor":16,"key":"AttackPotion"}],"is_trial":false,"path_per_floor":["R","M","M","$","M","?","T","?","R","E","$","M","R","E","M","B",null,"R","?","M","?","$","R","T","E","?","R","E","R","E","M","M","B",null,"R","M","?","?","M","M","T","E","R","?","M","R","M","$","M","B",null,"E","$","R","B","B"],"character_chosen":"THE_AUTOMATON","items_purchased":["Membership Card","Unceasing Top","Bronze Scales","Orichalcum","Secret Technique"],"campfire_rested":2,"item_purchase_floors":[48,48,53,53,53],"current_hp_per_floor":[70,69,66,61,61,80,80,62,62,50,44,37,61,61,61,53,80,80,80,79,79,77,77,77,76,76,86,88,88,73,77,81,51,100,100,102,99,99,91,82,82,99,99,99,105,105,87,97,107,81,108,79,79,108,67,0,0,0],"gold":186,"neow_bonus":"ONE_RANDOM_RARE_CARD","is_daily":false,"chose_seed":false,"campfire_upgraded":8,"win_rate":0.0,"timestamp":1613568102,"path_taken":["R","M","M","?","M","?","T","?","R","E","?","M","R","E","M","BOSS","R","?","M","?","$","R","T","E","?","R","E","R","E","M","M","BOSS","R","M","?","?","M","M","T","E","R","?","M","R","M","$","M","BOSS","E","$","R","BOSS","BOSS"],"items_purchased_type":["Relic","Relic","Relic","Relic","Card"],"build_version":"2020-12-22","purchased_purges":3,"victory":false,"max_hp_per_floor":[70,70,70,70,70,80,80,80,80,80,80,80,80,80,80,80,80,80,80,80,80,80,80,80,82,82,92,94,94,96,98,100,100,100,100,102,104,104,106,106,106,108,108,108,108,108,108,108,108,108,108,108,108,108,108,108,108,108],"card_choices":[{"not_picked":["bronze:FineTuning","bronze:BuggyMess"],"picked":"bronze:OilSpill","floor":2},{"not_picked":["bronze:Deprecate","bronze:WildBeam"],"picked":"bronze:ForLoop","floor":3},{"not_picked":["bronze:ItsAFeature","bronze:FineTuning"],"picked":"bronze:Separator","floor":4},{"not_picked":["bronze:ItsAFeature","bronze:Overload","bronze:Repulsor"],"picked":"SKIP","floor":5},{"not_picked":["bronze:GetLatest","bronze:NullPointer","bronze:DelayedGuard"],"picked":"SKIP","floor":10},{"not_picked":["bronze:Break","bronze:NullPointer","bronze:Boost"],"picked":"SKIP","floor":11},{"not_picked":["bronze:Deprecate","bronze:Invalidate","bronze:ForLoop"],"picked":"SKIP","floor":12},{"not_picked":["bronze:CutThrough","bronze:WildBeam"],"picked":"bronze:Frontload","floor":14},{"not_picked":["bronze:BuggyMess","bronze:Deprecate","bronze:InfiniteBeams"],"picked":"SKIP","floor":15},{"not_picked":["bronze:HardenedForm","bronze:ShipIt"],"picked":"bronze:Mutator","floor":16},{"not_picked":["bronze:MaxOutput","bronze:FineTuning","bronze:Iterate"],"picked":"SKIP","floor":20},{"not_picked":["bronze:Turbo","bronze:CutThrough+1"],"picked":"bronze:OilSpill","floor":22},{"not_picked":["bronze:WildBeam","bronze:Frontload+1","bronze:Separator"],"picked":"Singing Bowl","floor":25},{"not_picked":["bronze:ChildClass+1","bronze:CloningBeam","bronze:WhirlingStrike"],"picked":"Singing Bowl","floor":28},{"not_picked":["bronze:Deprecate","bronze:GetLatest","bronze:ForceShield"],"picked":"Singing Bowl","floor":30},{"not_picked":["bronze:BronzeArmor","bronze:Iterate","bronze:DelayedGuard"],"picked":"Singing Bowl","floor":31},{"not_picked":["bronze:Iterate","bronze:BugBarrage","bronze:NullPointer"],"picked":"Singing Bowl","floor":32},{"not_picked":["bronze:Break","bronze:SpaghettiCode"],"picked":"bronze:Virus","floor":33},{"not_picked":["bronze:Repulsor+1","bronze:BitShift+1","bronze:BronzeArmor"],"picked":"Singing Bowl","floor":36},{"not_picked":["expansioncontent:PolyBeam","expansioncontent:Hexaburn"],"picked":"expansioncontent:Chronoboost","floor":37},{"not_picked":["expansioncontent:AwakenDeath","expansioncontent:Hexaburn","expansioncontent:YouAreMine"],"picked":"Singing Bowl","floor":37},{"not_picked":["bronze:Deprecate+1","bronze:InfiniteBeams","bronze:GetLatest"],"picked":"Singing Bowl","floor":39},{"not_picked":["bronze:Invalidate","bronze:Shell+1"],"picked":"bronze:Repair+1","floor":40},{"not_picked":["bronze:OilSpill","bronze:GetLatest","bronze:BronzeOrb"],"picked":"Singing Bowl","floor":42},{"not_picked":["bronze:Deprecate","bronze:Overload","bronze:Turbo+1"],"picked":"SKIP","floor":45},{"not_picked":["bronze:ForLoop","bronze:DelayedGuard+1","bronze:Flail+1"],"picked":"SKIP","floor":47},{"not_picked":["bronze:Boost","bronze:Philosophize+1","bronze:Safeguard"],"picked":"SKIP","floor":48},{"not_picked":["bronze:Safeguard","bronze:Overheat+1","bronze:Repulsor"],"picked":"SKIP","floor":49},{"not_picked":["bronze:BronzeArmor","bronze:ChildClass+1","bronze:BuggyMess+1"],"picked":"SKIP","floor":52}],"player_experience":1652604,"relics_obtained":[{"floor":7,"key":"Kunai"},{"floor":10,"key":"Ornamental Fan"},{"floor":14,"key":"Bottled Lightning"},{"floor":25,"key":"Singing Bowl"},{"floor":28,"key":"Bird Faced Urn"},{"floor":30,"key":"InkBottle"},{"floor":41,"key":"Meat on the Bone"},{"floor":42,"key":"HollowMod:LifeEnderRelic"},{"floor":52,"key":"bronze:CableSpool"}],"event_choices":[{"damage_healed":0,"gold_gain":0,"player_choice":"Success","damage_taken":18,"relics_obtained":["HollowMod:StagPassRelic"],"max_hp_gain":0,"max_hp_loss":0,"event_name":"Scrap Ooze","floor":8,"gold_loss":0}],"is_beta":false,"boss_relics":[{"not_picked":["bronze:MakeshiftBattery","Fusion Hammer"],"picked":"Sozu"},{"not_picked":["Black Star","Calling Bell"],"picked":"Empty Cage"}],"items_purged_floors":[4,11,48],"is_endless":false,"potions_floor_spawned":[3,5,12,15,16,20,28,30,33,36,45,49,52],"killed_by":"downfall:NeowBossFinal","ascension_level":0}}