{"host":"5z7rhcocprldured","time":1613575544,"event":{"mods":["2.2 Compatiblity","AchievementEnabler","AlwaysNeverKeys","BaseMod","Best Route Mod","Better Altar","Better Match","Better Note","Better Sensory Stone","Better Skull","Better Third Choice","BetterRewards","Block Reminder","Colored Map","Colored Powertips","Displayed Cursed Tome","Emptier Cage","Energized Spire","Marisa????????","Minty Spire (QoL Compilation)","Permanent Neow","Rare Cards Sparkle","SacredBarkPlus","Spicy Shops","StSLib","Synergy Search","The Bug Knight","Unceasing Turn Reminder"],"gold_per_floor":[119,119,139,152,162,162,162,173,196,212,212,212,212,44,44,140,140,157,177,16,16,16,16,27,27,50,149,199,210,65,65,65,166,166,177,177,177,137,137,170,184,184,210,260,260,293,306,325,325,325,325,325,20,45,45],"floor_reached":56,"language":"ENG","playtime":2695,"items_purged":["Strike_G","Defend_G","Strike_G"],"score":1518,"play_id":"f951c622-21cd-47e5-8698-ee2fdfd7282b","local_time":"20210217152544","is_ascension_mode":false,"campfire_choices":[{"data":"Deadly Poison","floor":6,"key":"SMITH"},{"data":"Footwork","floor":11,"key":"SMITH"},{"data":"Crippling Poison","floor":13,"key":"SMITH"},{"data":"Apotheosis","floor":15,"key":"SMITH"},{"data":"1","floor":23,"key":"LIFT"},{"data":"2","floor":32,"key":"LIFT"},{"data":"3","floor":42,"key":"LIFT"},{"data":"Burst","floor":49,"key":"SMITH"},{"data":"Well Laid Plans","floor":52,"key":"SMITH"}],"circlet_count":0,"master_deck":["Strike_G","Strike_G","Defend_G","Defend_G","Defend_G","Defend_G","Survivor","Neutralize","Catalyst+1","Well Laid Plans","Poisoned Stab","Footwork+1","Crippling Poison+1","Dodge and Roll","Deadly Poison+1","Prepared","Sucker Punch","Poisoned Stab","Apotheosis+1","Burst+1","Catalyst","Backflip","Bouncing Flask","DevaForm+1","Expertise+1","Skewer","Ghostly+1","Ghostly+1","Ghostly+1","Ghostly+1","Ghostly+1","Doppelganger+1","Backflip+1","Finesse+1","Caltrops+1","Well Laid Plans+1","Malaise+1","Prepared+1","Backflip+1","Deadly Poison+1"],"relics":["Ring of the Snake","Eternal Feather","Girya","Strange Spoon","Chemical X","Art of War","GremlinMask","energizedSpire:NeverEndingSparkler","Tiny Chest","Toxic Egg 2","Potion Belt","Akabeko","Snake Skull","SlaversCollar","Juzu Bracelet","Bronze Scales","MealTicket","Bottled Flame","Pear","Paper Crane","Lizard Tail"],"acts_visited":["Exordium","TheCity","TheBeyond","TheEnding"],"potions_floor_usage":[8,24,24,50],"damage_taken":[{"damage":0,"enemies":"Jaw Worm","floor":1,"turns":3},{"damage":3,"enemies":"Small Slimes","floor":3,"turns":3},{"damage":1,"enemies":"Cultist","floor":4,"turns":4},{"damage":7,"enemies":"2 Fungi Beasts","floor":5,"turns":4},{"damage":0,"enemies":"Red Slaver","floor":8,"turns":2},{"damage":2,"enemies":"Large Slime","floor":10,"turns":6},{"damage":18,"enemies":"Slime Boss","floor":16,"turns":11},{"damage":0,"enemies":"Chosen","floor":18,"turns":3},{"damage":12,"enemies":"Shelled Parasite and Fungi","floor":19,"turns":5},{"damage":12,"enemies":"3 Cultists","floor":24,"turns":6},{"damage":15,"enemies":"Snake Plant","floor":29,"turns":3},{"damage":25,"enemies":"Champ","floor":33,"turns":6},{"damage":7,"enemies":"3 Shapes","floor":35,"turns":3},{"damage":1,"enemies":"Giant Head","floor":40,"turns":7},{"damage":0,"enemies":"Orb Walker","floor":41,"turns":2},{"damage":0,"enemies":"Mind Bloom Boss Battle","floor":44,"turns":2},{"damage":1,"enemies":"HollowMod:StalkingDevout","floor":46,"turns":4},{"damage":1,"enemies":"Transient","floor":47,"turns":5},{"damage":1,"enemies":"4 Shapes","floor":48,"turns":4},{"damage":11,"enemies":"Awakened One","floor":50,"turns":9},{"damage":3,"enemies":"Shield and Spear","floor":54,"turns":5},{"damage":25,"enemies":"The Heart","floor":55,"turns":6}],"seed_played":"8564089497031566957","potions_obtained":[{"floor":1,"key":"Weak Potion"},{"floor":3,"key":"Regen Potion"},{"floor":10,"key":"Swift Potion"},{"floor":24,"key":"SteroidPotion"},{"floor":35,"key":"FearPotion"},{"floor":38,"key":"Ancient Potion"},{"floor":38,"key":"SteroidPotion"},{"floor":40,"key":"Strength Potion"},{"floor":48,"key":"GhostInAJar"}],"is_trial":false,"path_per_floor":["M","?","M","M","M","R","?","M","T","M","R","?","R","$","R","B",null,"M","M","$","?","?","R","M","T","T","?","T","M","$","?","R","B",null,"M","?","T","?","?","E","M","R","T","?","T","E","M","M","R","B",null,"R","$","E","B",null],"character_chosen":"THE_SILENT","items_purchased":["Catalyst","Eternal Feather","Well Laid Plans","Poisoned Stab","Footwork","Strange Spoon","Crippling Poison","Chemical X","Block Potion","Apotheosis","Bouncing Flask","Snake Skull","Paper Crane","AttackPotion"],"campfire_rested":0,"item_purchase_floors":[0,0,0,0,0,0,0,0,0,14,20,30,53,53],"current_hp_per_floor":[70,63,60,59,52,61,61,61,61,59,70,70,70,70,70,52,70,70,58,58,58,58,70,58,58,58,58,58,43,43,35,35,10,35,28,28,28,28,28,27,27,35,35,35,35,44,43,42,45,34,45,45,45,42,17],"gold":45,"neow_bonus":"","is_daily":false,"chose_seed":false,"campfire_upgraded":6,"win_rate":0.0,"timestamp":1613575544,"path_taken":["M","?","M","M","M","R","?","M","T","?","R","?","R","$","R","BOSS","M","M","$","?","?","R","M","?","T","?","?","?","$","?","R","BOSS","M","?","?","?","?","E","M","R","T","?","?","E","M","M","R","BOSS","R","$","E","BOSS"],"items_purchased_type":["Card","Relic","Card","Card","Card","Relic","Card","Relic","Potion","Card","Card","Relic","Relic","Potion"],"build_version":"2020-12-22","purchased_purges":3,"victory":true,"max_hp_per_floor":[70,70,70,70,70,70,70,70,70,70,70,70,70,70,70,70,70,70,70,70,70,70,70,70,70,70,70,70,70,70,35,35,35,35,35,35,35,35,35,35,35,35,35,35,35,45,45,45,45,45,45,45,45,45,45],"card_choices":[{"not_picked":["Riddle With Holes","Slice"],"picked":"Dodge and Roll","floor":1},{"not_picked":["Dagger Throw","Masterful Stab"],"picked":"Quick Slash","floor":3},{"not_picked":["Expertise","Heel Hook"],"picked":"Deadly Poison","floor":4},{"not_picked":["Tools of the Trade","Cloak And Dagger"],"picked":"Prepared","floor":5},{"not_picked":["Prepared","Blade Dance"],"picked":"Sucker Punch","floor":8},{"not_picked":["Deflect","Sucker Punch"],"picked":"Poisoned Stab","floor":10},{"not_picked":["Venomology","Bullet Time"],"picked":"Burst","floor":16},{"not_picked":["Dagger Spray","Underhanded Strike"],"picked":"Catalyst","floor":18},{"not_picked":["Concentrate","Dagger Throw+1"],"picked":"Backflip","floor":19},{"not_picked":["Slice","Dagger Throw"],"picked":"Expertise+1","floor":24},{"not_picked":["Underhanded Strike","Blade Dance+1"],"picked":"Skewer","floor":29},{"not_picked":["Bullet Time+1","Grand Finale"],"picked":"Doppelganger+1","floor":33},{"not_picked":["Sucker Punch","Acrobatics+1"],"picked":"Backflip+1","floor":35},{"not_picked":["Flash of Steel","Mayhem"],"picked":"Finesse+1","floor":36},{"not_picked":["Endless Agony","Dash+1","Setup+1"],"picked":"SKIP","floor":40},{"not_picked":["Crippling Poison+1","Dagger Throw+1"],"picked":"Caltrops+1","floor":41},{"not_picked":["Underhanded Strike+1","Outmaneuver+1"],"picked":"Well Laid Plans","floor":44},{"not_picked":["Accuracy","Poisoned Stab+1"],"picked":"Malaise+1","floor":46},{"not_picked":["Blade Dance+1","Expertise+1"],"picked":"Prepared+1","floor":47},{"not_picked":["Prepared+1","Quick Slash"],"picked":"Backflip+1","floor":48},{"not_picked":["Concentrate+1","Endless Agony"],"picked":"Deadly Poison+1","floor":54}],"player_experience":204111,"relics_obtained":[{"floor":9,"key":"Art of War"},{"floor":25,"key":"Toxic Egg 2"},{"floor":26,"key":"Potion Belt"},{"floor":28,"key":"Akabeko"},{"floor":37,"key":"Juzu Bracelet"},{"floor":40,"key":"Bronze Scales"},{"floor":43,"key":"MealTicket"},{"floor":45,"key":"Bottled Flame"},{"floor":46,"key":"Pear"},{"floor":54,"key":"Lizard Tail"}],"event_choices":[{"cards_removed":["Strike_G"],"damage_healed":0,"gold_gain":0,"player_choice":"Card Removal","damage_taken":7,"max_hp_gain":0,"max_hp_loss":0,"event_name":"Golden Wing","floor":2,"gold_loss":0},{"damage_healed":0,"gold_gain":0,"player_choice":"Forge","damage_taken":0,"max_hp_gain":0,"max_hp_loss":0,"event_name":"Accursed Blacksmith","floor":7,"gold_loss":0,"cards_upgraded":["Catalyst"]},{"damage_healed":0,"gold_gain":0,"player_choice":"Trade","damage_taken":0,"relics_obtained":["GremlinMask"],"max_hp_gain":0,"max_hp_loss":0,"event_name":"FaceTrader","floor":12,"gold_loss":0},{"damage_healed":0,"gold_gain":0,"player_choice":"Gave Potion","damage_taken":0,"relics_obtained":["Tiny Chest"],"max_hp_gain":0,"max_hp_loss":0,"event_name":"WeMeetAgain","floor":21,"gold_loss":0},{"cards_removed":["Apotheosis"],"damage_healed":0,"gold_gain":0,"player_choice":"Take \u0026 Give","damage_taken":0,"max_hp_gain":0,"max_hp_loss":0,"event_name":"betterNote:BetterNote","floor":22,"gold_loss":0,"cards_obtained":["DevaForm"]},{"damage_healed":0,"gold_gain":99,"player_choice":"Steal","damage_taken":0,"max_hp_gain":0,"max_hp_loss":0,"event_name":"betterThird:BetterNest","floor":27,"gold_loss":0},{"damage_healed":0,"gold_gain":0,"player_choice":"Became a Ghost","damage_taken":0,"max_hp_gain":0,"max_hp_loss":35,"event_name":"Ghosts","floor":31,"gold_loss":0,"cards_obtained":["Ghostly","Ghostly","Ghostly","Ghostly","Ghostly"]},{"damage_healed":0,"gold_gain":3,"player_choice":"1","damage_taken":0,"max_hp_gain":0,"max_hp_loss":0,"event_name":"betterStone:BetterStone","floor":36,"gold_loss":0},{"damage_healed":0,"gold_gain":0,"player_choice":"Bought 3 Potions","damage_taken":0,"max_hp_gain":0,"max_hp_loss":0,"event_name":"The Woman in Blue","floor":38,"gold_loss":0},{"cards_removed":["Quick Slash"],"damage_healed":0,"gold_gain":0,"player_choice":"Removed Attack","damage_taken":0,"max_hp_gain":0,"max_hp_loss":0,"event_name":"Falling","floor":39,"gold_loss":0},{"damage_healed":0,"gold_gain":0,"player_choice":"Fight","damage_taken":0,"max_hp_gain":0,"max_hp_loss":0,"event_name":"MindBloom","floor":44,"gold_loss":0}],"is_beta":false,"boss_relics":[{"not_picked":["Astrolabe","energizedSpire:EnergizedDie"],"picked":"energizedSpire:NeverEndingSparkler"},{"not_picked":["Snecko Eye","Tiny House"],"picked":"SlaversCollar"}],"items_purged_floors":[0,0,20],"is_endless":false,"potions_floor_spawned":[1,3,10,24,35,40,46,48],"ascension_level":0}}