{"host":"4nv61ujg37lx5d7m","time":1613549012,"event":{"mods":["BaseMod","Minty Spire (QoL Compilation)","Quick Restart"],"gold_per_floor":[118,131,142,153,153,153,183,133,157,200,212,224,311,347,359,501,513,539,551,581,593,605,617,664,64,64,189,189,189],"floor_reached":28,"language":"ZHS","playtime":976,"items_purged":["Strike_R"],"score":364,"play_id":"094926f0-84a6-417f-bd9e-06879e4e3c0f","local_time":"20210217160332","is_ascension_mode":true,"campfire_choices":[{"data":"Bash","floor":6.0,"key":"SMITH"},{"floor":12.0,"key":"REST"},{"floor":15.0,"key":"REST"},{"data":"Demon Form","floor":23,"key":"SMITH"}],"circlet_count":0,"master_deck":["Strike_R","Strike_R","Defend_R","Defend_R","Defend_R","Defend_R","Bash+1","Bloodletting","Heavy Blade","Body Slam","Demon Form+1","Flame Barrier","Juggernaut","Carnage+1","Entrench","Ghostly Armor","Carnage","Shrug It Off","Entrench","Feel No Pain","Enlightenment","Carnage"],"relics":["Snecko Eye","MealTicket","MawBank","Nunchaku","Golden Idol","Pear","SlaversCollar","Blue Candle","Medical Kit","Strawberry","Bottled Lightning","Incense Burner","Kunai"],"acts_visited":["Exordium","TheCity"],"potions_floor_usage":[20,24,28],"damage_taken":[{"damage":0.0,"enemies":"Cultist","floor":1.0,"turns":4.0},{"damage":0.0,"enemies":"Small Slimes","floor":2.0,"turns":2.0},{"damage":8.0,"enemies":"2 Louse","floor":3.0,"turns":4.0},{"damage":1.0,"enemies":"Looter","floor":4.0,"turns":2.0},{"damage":33.0,"enemies":"Lagavulin","floor":10.0,"turns":5.0},{"damage":38.0,"enemies":"Exordium Wildlife","floor":14.0,"turns":6.0},{"damage":9,"enemies":"The Guardian","floor":16,"turns":6},{"damage":2,"enemies":"Chosen","floor":18,"turns":3},{"damage":31,"enemies":"2 Thieves","floor":20,"turns":4},{"damage":29,"enemies":"Book of Stabbing","floor":24,"turns":4},{"damage":12,"enemies":"Colosseum Slavers","floor":27,"turns":3},{"damage":17,"enemies":"Colosseum Nobs","floor":27,"turns":4},{"damage":21,"enemies":"Slavers","floor":28,"turns":1}],"seed_played":"3798667603334202912","potions_obtained":[{"floor":2.0,"key":"EssenceOfSteel"},{"floor":14.0,"key":"Explosive Potion"},{"floor":16,"key":"Explosive Potion"},{"floor":20,"key":"Fruit Juice"}],"is_trial":false,"path_per_floor":["M","M","M","M","?","R","?","?","T","E","?","R","T","M","R","B",null,"M","?","M","?","?","R","E","$","T","?","E"],"character_chosen":"IRONCLAD","items_purchased":["Medical Kit","Strawberry","Entrench","Feel No Pain","Enlightenment"],"campfire_rested":2,"item_purchase_floors":[25,25,25,25,25],"current_hp_per_floor":[72,72,64,63,63,63,63,63,63,30,30,52,62,24,49,40,73,71,71,45,45,45,45,16,38,38,9,0,0],"gold":189,"neow_bonus":"BOSS_RELIC","is_daily":false,"chose_seed":false,"campfire_upgraded":2,"win_rate":0.0,"timestamp":1613549012,"path_taken":["M","M","M","M","?","R","?","?","T","E","?","R","?","M","R","BOSS","M","?","M","?","?","R","E","$","T","?","E"],"items_purchased_type":["Relic","Relic","Card","Card","Card"],"build_version":"2020-12-22","purchased_purges":1,"victory":false,"max_hp_per_floor":[80,80,80,80,80,80,80,80,80,80,74,74,84,84,84,84,84,84,84,89,89,89,89,89,96,96,96,96,96],"card_choices":[{"not_picked":["True Grit","Cleave","Anger"],"picked":"SKIP","floor":1.0},{"not_picked":["Burning Pact","Body Slam"],"picked":"Bloodletting","floor":2.0},{"not_picked":["Body Slam","Perfected Strike"],"picked":"Heavy Blade","floor":3.0},{"not_picked":["Wild Strike","Headbutt"],"picked":"Body Slam","floor":4.0},{"not_picked":["Rupture","Shockwave"],"picked":"Demon Form","floor":10.0},{"not_picked":["Ghostly Armor","Anger"],"picked":"Flame Barrier","floor":14.0},{"not_picked":["Immolate","Double Tap"],"picked":"Juggernaut","floor":16},{"not_picked":["Headbutt","Havoc","Twin Strike+1"],"picked":"SKIP","floor":18},{"not_picked":["Whirlwind","Power Through"],"picked":"Carnage+1","floor":20},{"not_picked":["Reckless Charge","Cleave+1"],"picked":"Shrug It Off","floor":24},{"not_picked":["Blood for Blood","Clothesline"],"picked":"Carnage","floor":27}],"player_experience":52064,"relics_obtained":[{"floor":9.0,"key":"MawBank"},{"floor":10.0,"key":"Nunchaku"},{"floor":13.0,"key":"Pear"},{"floor":24,"key":"Blue Candle"},{"floor":26,"key":"Bottled Lightning"},{"floor":27,"key":"Incense Burner"},{"floor":27,"key":"Kunai"}],"event_choices":[{"damage_healed":0.0,"max_hp_gain":0.0,"max_hp_loss":0.0,"gold_gain":0.0,"event_name":"Big Fish","player_choice":"Box","floor":5.0,"gold_loss":0.0,"damage_taken":0.0,"relics_obtained":["MealTicket"],"cards_obtained":["Regret"]},{"damage_healed":0.0,"max_hp_gain":0.0,"max_hp_loss":0.0,"gold_gain":30.0,"event_name":"Dead Adventurer","player_choice":"Searched \u00271\u0027 times","floor":7.0,"gold_loss":0.0,"damage_taken":0.0},{"cards_removed":["Regret"],"damage_healed":0.0,"max_hp_gain":0.0,"max_hp_loss":0.0,"gold_gain":0.0,"event_name":"The Cleric","player_choice":"Card Removal","floor":8.0,"gold_loss":50.0,"damage_taken":0.0},{"damage_healed":0.0,"max_hp_gain":0.0,"max_hp_loss":6.0,"gold_gain":0.0,"event_name":"Golden Idol","player_choice":"Lose Max HP","floor":11.0,"gold_loss":0.0,"damage_taken":0.0,"relics_obtained":["Golden Idol"]},{"damage_healed":0,"gold_gain":0,"player_choice":"Ignored","damage_taken":0,"max_hp_gain":0,"max_hp_loss":0,"event_name":"Ghosts","floor":19,"gold_loss":0},{"damage_healed":0,"gold_gain":0,"player_choice":"Read","damage_taken":0,"max_hp_gain":0,"max_hp_loss":0,"event_name":"The Library","floor":21,"gold_loss":0,"cards_obtained":["Entrench"]},{"damage_healed":0,"gold_gain":0,"cards_transformed":["Strike_R","Strike_R"],"player_choice":"Became Test Subject","damage_taken":0,"max_hp_gain":0,"max_hp_loss":0,"event_name":"Drug Dealer","floor":22,"gold_loss":0,"cards_obtained":["Ghostly Armor","Carnage"]},{"damage_healed":0,"gold_gain":0,"player_choice":"Fight","damage_taken":0,"max_hp_gain":0,"max_hp_loss":0,"event_name":"Colosseum","floor":27,"gold_loss":0},{"damage_healed":0,"gold_gain":0,"player_choice":"Fought Nobs","damage_taken":0,"max_hp_gain":0,"max_hp_loss":0,"event_name":"Colosseum","floor":27,"gold_loss":0}],"is_beta":false,"boss_relics":[{"not_picked":["Ectoplasm","Runic Dome"],"picked":"SlaversCollar"}],"items_purged_floors":[25],"is_endless":false,"potions_floor_spawned":[2,14,16,20,27],"killed_by":"Slavers","ascension_level":9}}