{"host":"iy4uneaa8mvxx5ci","time":1613598223,"event":{"mods":["AchievementEnabler","BaseMod","Colored Map","DeckTracker","Marisa£¨Ùöéë¡¡Øª×âÞÞ£©","Minty Spire (QoL Compilation)","StSLib","SuperFastMode"],"gold_per_floor":[116,132,57,70,90,90,110,110,136,136,136,136,154,167,167,292,292,310,310,160,75,75,86,111,111,111,111,143,143,143,18,18,115,115,128,140,140,154,4,38,38,69,69,88,107,140,140,156,156,156,156,156,106,139,139],"floor_reached":56,"language":"KOR","playtime":2162,"items_purged":["Strike_G","Strike_G","Strike_G","Defend_G","Defend_G"],"score":1690,"play_id":"33303bab-cb64-4151-b43a-0c7ca7b32db0","local_time":"20210218064343","is_ascension_mode":false,"campfire_choices":[{"data":"Dagger Throw","floor":6.0,"key":"SMITH"},{"data":"Poisoned Stab","floor":8.0,"key":"SMITH"},{"data":"Escape Plan","floor":11.0,"key":"SMITH"},{"data":"Backflip","floor":15.0,"key":"SMITH"},{"data":"Acrobatics","floor":25.0,"key":"SMITH"},{"data":"Leg Sweep","floor":27.0,"key":"SMITH"},{"data":"Well Laid Plans","floor":29.0,"key":"SMITH"},{"data":"Grand Finale","floor":32.0,"key":"SMITH"},{"floor":49.0,"key":"RECALL"},{"data":"Concentrate","floor":52.0,"key":"SMITH"}],"circlet_count":0,"master_deck":["Defend_G+1","Defend_G+1","Survivor+1","Neutralize+1","Dagger Throw+1","Well Laid Plans+1","Escape Plan+1","Poisoned Stab+1","Backflip+1","Grand Finale+1","PiercingWail+1","Acrobatics+1","Leg Sweep+1","Acrobatics+1","Wraith Form v2+1","Terror","Concentrate+1","Wraith Form v2+1","Reflex+1"],"relics":["Ring of the Snake","Nunchaku","Bloody Idol","Black Star","Ancient Tea Set","Orichalcum","Akabeko","Frozen Egg 2","Art of War","Bottled Lightning","SacredBark","Pen Nib","Du-Vu Doll","War Paint","Gremlin Horn","Happy Flower","Smiling Mask","Bag of Preparation","Paper Crane"],"acts_visited":["TheCity","TheBeyond","TheEnding"],"potions_floor_usage":[55,55,55],"damage_taken":[{"damage":0.0,"enemies":"Cultist","floor":1.0,"turns":4.0},{"damage":0.0,"enemies":"Small Slimes","floor":2.0,"turns":4.0},{"damage":0.0,"enemies":"Jaw Worm","floor":4.0,"turns":2.0},{"damage":2.0,"enemies":"2 Fungi Beasts","floor":5.0,"turns":5.0},{"damage":0.0,"enemies":"Large Slime","floor":7.0,"turns":6.0},{"damage":1.0,"enemies":"3 Louse","floor":13.0,"turns":4.0},{"damage":0.0,"enemies":"Exordium Wildlife","floor":14.0,"turns":3.0},{"damage":14.0,"enemies":"Hexaghost","floor":16.0,"turns":12.0},{"damage":0.0,"enemies":"Chosen","floor":18.0,"turns":5.0},{"damage":0.0,"enemies":"3 Byrds","floor":23.0,"turns":3.0},{"damage":4.0,"enemies":"Slavers","floor":24.0,"turns":4.0},{"damage":0.0,"enemies":"Gremlin Leader","floor":28.0,"turns":4.0},{"damage":8.0,"enemies":"Champ","floor":33.0,"turns":7.0},{"damage":1.0,"enemies":"Orb Walker","floor":35.0,"turns":4.0},{"damage":17.0,"enemies":"3 Darklings","floor":36.0,"turns":2.0},{"damage":0.0,"enemies":"Sphere and 2 Shapes","floor":38.0,"turns":1.0},{"damage":0.0,"enemies":"Giant Head","floor":40.0,"turns":4.0},{"damage":0.0,"enemies":"Nemesis","floor":42.0,"turns":9.0},{"damage":0.0,"enemies":"Jaw Worm Horde","floor":44.0,"turns":1.0},{"damage":0.0,"enemies":"Spire Growth","floor":45.0,"turns":4.0},{"damage":0.0,"enemies":"Reptomancer","floor":46.0,"turns":4.0},{"damage":0.0,"enemies":"Maw","floor":48.0,"turns":4.0},{"damage":0.0,"enemies":"Awakened One","floor":50.0,"turns":7.0},{"damage":0.0,"enemies":"Shield and Spear","floor":54.0,"turns":5.0},{"damage":42,"enemies":"The Heart","floor":55,"turns":9}],"seed_played":"-6291232021471435187","potions_obtained":[{"floor":1.0,"key":"Ancient Potion"},{"floor":2.0,"key":"Dexterity Potion"},{"floor":13.0,"key":"Regen Potion"},{"floor":23.0,"key":"Poison Potion"},{"floor":24.0,"key":"Regen Potion"}],"is_trial":false,"path_per_floor":["M","M","$","M","M","R","M","R","T","?","R","?","M","M","R","B",null,"M","?","$","?","?","M","E","R","T","R","E","R","?","$","R","B",null,"M","M","?","M","$","E","?","E","T","M","M","E","?","M","R","B",null,"R","$","E","B",null],"character_chosen":"THE_SILENT","items_purchased":["Acrobatics"],"campfire_rested":0,"item_purchase_floors":[20],"current_hp_per_floor":[49,49,49,49,47,47,47,47,47,33,33,16,15,15,15,16,70,70,70,70,70,70,70,70,70,70,70,70,70,70,70,70,67,70,70,58,48,53,53,58,58,63,63,68,70,70,70,70,70,70,70,70,70,70,70],"gold":139,"neow_bonus":"REMOVE_TWO","is_daily":false,"chose_seed":false,"campfire_upgraded":9,"win_rate":0.0,"timestamp":1613598223,"path_taken":["M","M","$","?","M","R","M","R","T","?","R","?","M","M","R","BOSS","M","?","$","?","?","M","E","R","T","R","E","R","?","$","R","BOSS","M","M","?","M","$","E","?","E","T","M","?","E","?","M","R","BOSS","R","$","E","BOSS"],"items_purchased_type":["Card"],"build_version":"2020-12-22","purchased_purges":5,"victory":true,"max_hp_per_floor":[70,70,70,70,70,70,70,70,70,70,70,70,70,70,70,70,70,70,70,70,70,70,70,70,70,70,70,70,70,70,70,70,70,70,70,70,70,70,70,70,70,70,70,70,70,70,70,70,70,70,70,70,70,70,70],"card_choices":[{"not_picked":["Infinite Blades","Cloak And Dagger","Setup"],"picked":"SKIP","floor":1.0},{"not_picked":["Dodge and Roll","Prepared"],"picked":"Dagger Throw","floor":2.0},{"not_picked":["Accuracy","Quick Slash"],"picked":"Well Laid Plans","floor":4.0},{"not_picked":["Deadly Poison","Choke"],"picked":"Escape Plan","floor":5.0},{"not_picked":["Prepared","Dagger Throw"],"picked":"Poisoned Stab","floor":7.0},{"not_picked":["Flechettes","Glass Knife","Outmaneuver"],"picked":"SKIP","floor":13.0},{"not_picked":["Acrobatics","PiercingWail"],"picked":"Backflip","floor":14.0},{"not_picked":["A Thousand Cuts","Night Terror"],"picked":"Grand Finale","floor":16.0},{"not_picked":["Flechettes","Bane+1"],"picked":"PiercingWail+1","floor":18.0},{"not_picked":["Underhanded Strike+1","Flying Knee+1","Slice"],"picked":"SKIP","floor":23.0},{"not_picked":["Sucker Punch","Dagger Spray"],"picked":"Leg Sweep","floor":24.0},{"not_picked":["Calculated Gamble+1","Dodge and Roll"],"picked":"Acrobatics+1","floor":28.0},{"not_picked":["Deflect+1","Poisoned Stab+1"],"picked":"Terror","floor":35.0},{"not_picked":["Dagger Throw","Riddle With Holes+1"],"picked":"Concentrate","floor":36.0},{"not_picked":["All Out Attack","Dagger Spray","Blur"],"picked":"SKIP","floor":38.0},{"not_picked":["Blade Dance+1","Acrobatics","Cloak And Dagger"],"picked":"SKIP","floor":40.0},{"not_picked":["Flying Knee+1","Deadly Poison+1","Endless Agony"],"picked":"SKIP","floor":42.0},{"not_picked":["Dagger Throw","Catalyst","PiercingWail+1"],"picked":"SKIP","floor":44.0},{"not_picked":["Underhanded Strike+1","Dagger Spray+1","Dodge and Roll"],"picked":"SKIP","floor":45.0},{"not_picked":["Tools of the Trade+1","Quick Slash","Terror"],"picked":"SKIP","floor":46.0},{"not_picked":["Backstab","Dodge and Roll+1","Dagger Throw+1"],"picked":"SKIP","floor":48.0},{"not_picked":["PiercingWail+1","Leg Sweep"],"picked":"Reflex+1","floor":54.0}],"player_experience":150980,"relics_obtained":[{"floor":9.0,"key":"Nunchaku"},{"floor":24.0,"key":"Orichalcum"},{"floor":24.0,"key":"Akabeko"},{"floor":26.0,"key":"Frozen Egg 2"},{"floor":28.0,"key":"Art of War"},{"floor":28.0,"key":"Bottled Lightning"},{"floor":40.0,"key":"Pen Nib"},{"floor":40.0,"key":"Du-Vu Doll"},{"floor":42.0,"key":"War Paint"},{"floor":42.0,"key":"Gremlin Horn"},{"floor":46.0,"key":"Happy Flower"},{"floor":46.0,"key":"Smiling Mask"},{"floor":54.0,"key":"Bag of Preparation"},{"floor":54.0,"key":"Paper Crane"}],"event_choices":[{"damage_healed":0.0,"max_hp_gain":0.0,"max_hp_loss":0.0,"gold_gain":0.0,"event_name":"Shining Light","player_choice":"Entered Light","floor":10.0,"gold_loss":0.0,"damage_taken":14.0,"cards_upgraded":["Survivor","Neutralize"]},{"damage_healed":0.0,"max_hp_gain":0.0,"max_hp_loss":0.0,"gold_gain":0.0,"event_name":"Golden Idol","player_choice":"Take Damage","floor":12.0,"gold_loss":0.0,"damage_taken":17.0,"relics_obtained":["Golden Idol"]},{"damage_healed":0.0,"max_hp_gain":0.0,"max_hp_loss":0.0,"gold_gain":0.0,"event_name":"Forgotten Altar","player_choice":"Gave Idol","floor":19.0,"relics_lost":["Golden Idol"],"gold_loss":0.0,"damage_taken":0.0,"relics_obtained":["Bloody Idol"]},{"damage_healed":0.0,"max_hp_gain":0.0,"max_hp_loss":0.0,"gold_gain":0.0,"event_name":"Addict","player_choice":"Obtained Relic","floor":21.0,"gold_loss":85.0,"damage_taken":0.0,"relics_obtained":["Ancient Tea Set"]},{"cards_removed":["Strike_G"],"damage_healed":0.0,"max_hp_gain":0.0,"max_hp_loss":0.0,"gold_gain":0.0,"event_name":"Back to Basics","player_choice":"Elegance","floor":22.0,"gold_loss":0.0,"damage_taken":0.0},{"damage_healed":0.0,"max_hp_gain":0.0,"max_hp_loss":0.0,"gold_gain":0.0,"event_name":"The Library","player_choice":"Read","floor":30.0,"gold_loss":0.0,"damage_taken":0.0,"cards_obtained":["Wraith Form v2"]},{"damage_healed":0.0,"max_hp_gain":0.0,"max_hp_loss":0.0,"gold_gain":0.0,"event_name":"SensoryStone","player_choice":"Memory 3","floor":37.0,"gold_loss":0.0,"damage_taken":10.0},{"damage_healed":0.0,"max_hp_gain":0.0,"max_hp_loss":0.0,"gold_gain":0.0,"event_name":"Duplicator","player_choice":"Copied","floor":41.0,"gold_loss":0.0,"damage_taken":0.0,"cards_obtained":["Wraith Form v2"]},{"damage_healed":0.0,"max_hp_gain":0.0,"max_hp_loss":0.0,"gold_gain":0.0,"event_name":"Tomb of Lord Red Mask","player_choice":"Ignored","floor":47.0,"gold_loss":0.0,"damage_taken":0.0}],"is_beta":false,"boss_relics":[{"not_picked":["Tiny House","Ring of the Serpent"],"picked":"Black Star"},{"not_picked":["Runic Dome","Cursed Key"],"picked":"SacredBark"}],"items_purged_floors":[3,20,31,39,53],"is_endless":false,"potions_floor_spawned":[1,2,13,23,24,38,44,45],"ascension_level":0}}