{"host":"8d3fefv2347kqkpz","time":1613567361,"event":{"mods":["AchievementEnabler","Aspiration","BaseMod","Better Vampires","BetterRewards","Colored Map","Colored Powertips","Downfall","Emptier Cage","Highlight Path","Marked Mod","Minty Spire (QoL Compilation)","Permanent Neow","Quick Restart","Rare Cards Sparkle","Relic Stats","Say the Spire","Spicy Shops","StSLib","Waifu the Spire"],"gold_per_floor":[110,110,123,136,146,146,181,181,232,232,232],"floor_reached":10,"language":"ZHS","playtime":255,"items_purged":[],"score":68,"play_id":"a28c063c-2925-4fef-af72-579e5b5df654","local_time":"20210217210921","is_ascension_mode":false,"campfire_choices":[{"floor":6,"key":"RECALL"}],"circlet_count":0,"master_deck":["Strike_P","Strike_P","Strike_P","Strike_P","Defend_P","Defend_P","Defend_P","Defend_P","Eruption+1","Vigilance"],"relics":["PureWater","Potion Belt"],"acts_visited":["Exordium"],"potions_floor_usage":[7],"damage_taken":[{"damage":1.0,"enemies":"Jaw Worm","floor":1.0,"turns":4.0},{"damage":4,"enemies":"Small Slimes","floor":3,"turns":5},{"damage":0,"enemies":"Cultist","floor":4,"turns":2},{"damage":2,"enemies":"Looter","floor":5,"turns":3},{"damage":28,"enemies":"Lagavulin","floor":7,"turns":9},{"damage":17,"enemies":"3 Sentries","floor":10,"turns":6}],"seed_played":"6133050919785574699","potions_obtained":[{"floor":1.0,"key":"Block Potion"}],"is_trial":false,"path_per_floor":["M","?","M","M","M","R","E","?","T","E"],"character_chosen":"WATCHER","items_purchased":[],"campfire_rested":0,"item_purchase_floors":[],"current_hp_per_floor":[71,71,67,67,65,65,37,61,61,44,44],"gold":232,"neow_bonus":"UPGRADE_CARD","is_daily":false,"chose_seed":false,"campfire_upgraded":0,"win_rate":0.0,"timestamp":1613567361,"path_taken":["M","?","M","M","M","R","E","?","T","E"],"items_purchased_type":[],"build_version":"2020-12-22","purchased_purges":0,"victory":false,"max_hp_per_floor":[72,72,72,72,72,72,72,72,72,72,72],"relic_stats":{"counters":[6,29],"obtain_stats":[{"Potion Belt":7,"PureWater":0},{"Potion Belt":5,"PureWater":0},{"Potion Belt":23,"PureWater":0}]},"card_choices":[{"not_picked":["Swivel","FlyingSleeves","FlurryOfBlows"],"picked":"SKIP","floor":1.0},{"not_picked":["Crescendo","FollowUp","EmptyBody"],"picked":"SKIP","floor":3},{"not_picked":["Evaluate","Protect","TalkToTheHand"],"picked":"SKIP","floor":4},{"not_picked":["Meditate","Wireheading","BattleHymn"],"picked":"SKIP","floor":5},{"not_picked":["WreathOfFlame","Prostrate","Conclude"],"picked":"SKIP","floor":7}],"player_experience":452859,"relics_obtained":[{"floor":7,"key":"Potion Belt"}],"event_choices":[{"damage_healed":0,"gold_gain":0,"player_choice":"Fled","damage_taken":0,"max_hp_gain":0,"max_hp_loss":0,"event_name":"Scrap Ooze","floor":2,"gold_loss":0},{"damage_healed":24,"gold_gain":0,"player_choice":"Banana","damage_taken":0,"max_hp_gain":0,"max_hp_loss":0,"event_name":"Big Fish","floor":8,"gold_loss":0}],"is_beta":false,"boss_relics":[],"items_purged_floors":[],"is_endless":false,"potions_floor_spawned":[1,7],"killed_by":"3 Sentries","ascension_level":0}}