{"host":"eya4veotfj2c6je8","time":1613598519,"event":{"mods":["2.2 Compatiblity","AchievementEnabler","BaseMod","BetterRewards","Colored Map","Downfall","Hermit","Hubris","Infinite Spire","Jorbs\u0027s Wanderer Trilogy","Koishi","Marisa????????","Minty Spire (QoL Compilation)","Replay The Spire","Shop Mod","StSLib","Td1madao Mod","The Animator","The Construct","The Cursed","The Disciple","The Hierophant","The Mystic","The Runesmith","The Servant 0.9.4"],"gold_per_floor":[99,114,125,125,25,25,25,25,25,45,45,60,60,83,101,204,204,188,204,221,233,333,43,43,43,43,43],"floor_reached":25,"language":"ENG","playtime":5193,"items_purged":[],"score":191,"play_id":"80a2af37-abd0-4370-bed9-f456225fb566","local_time":"20210217154839","is_ascension_mode":false,"campfire_choices":[{"floor":1,"key":"RECALL"},{"data":"Specialist","floor":6,"key":"SMITH"},{"data":"hexamod:ExtraCrispy","floor":8,"key":"SMITH"},{"data":"hexamod:ThermalTransfer","floor":11,"key":"SMITH"},{"data":"hexamod:Sear","floor":13,"key":"SMITH"}],"circlet_count":0,"master_deck":["hexamod:Strike","hexamod:Strike","hexamod:Defend","hexamod:Defend","hexamod:Defend","hexamod:Sear+1","hexamod:Float","hexamod:Firestarter","hexamod:ExtraCrispy+1","hexamod:RadiantFlame","Specialist+1","hexamod:ThermalTransfer+1","hexamod:ShieldOfDarkness","hexamod:SkipABeat","hexamod:HexaLevel","hexamod:Rewind+1","hexamod:RetreatToShadows+1","hexamod:WildfireWeapon+1","hexamod:InspiringFlames","hexamod:FastForward+1","hexamod:EmpoweredFlame","hexamod:Sear","hexamod:ThermalTransfer","hexamod:PhantomCloak","hexamod:WildfireWeapon","Dramatic Entrance","SwitchThreat","hexamod:SwordOfDarkness","hexamod:CatchUp","expansioncontent:StudyTheSpire","hexamod:StepThrough"],"relics":["hexamod:SpiritBrand","Snack Pack","Odd Mushroom","Astrolabe","downfall:HeartBlessingRed","downfall:GremlinSack","Replay:WaspNest"],"acts_visited":["Exordium","TheCity"],"potions_floor_usage":[12,16,16,16,22],"damage_taken":[{"damage":1,"enemies":"Small Slimes","floor":2,"turns":3},{"damage":1,"enemies":"Jaw Worm","floor":3,"turns":3},{"damage":0,"enemies":"downfall:FleeingMerchant","floor":5,"turns":4},{"damage":1,"enemies":"Cultist","floor":10,"turns":3},{"damage":7,"enemies":"Exordium Thugs","floor":12,"turns":4},{"damage":14,"enemies":"The Mushroom Lair","floor":14,"turns":4},{"damage":22,"enemies":"Gremlin Gang","floor":15,"turns":5},{"damage":22,"enemies":"WA_ARCHETYPE_RETAIN","floor":16,"turns":7},{"damage":8,"enemies":"Spheric Guardian","floor":19,"turns":4},{"damage":16,"enemies":"Chosen","floor":20,"turns":7},{"damage":16,"enemies":"Snake Plant","floor":21,"turns":5},{"damage":25,"enemies":"Snake Plant","floor":22,"turns":6},{"damage":5,"enemies":"downfall:FleeingMerchant","floor":23,"turns":4},{"damage":18,"enemies":"Sentry and Sphere","floor":25,"turns":5}],"seed_played":"-2870115303408481477","potions_obtained":[{"floor":2,"key":"Block Potion"},{"floor":12,"key":"construct:ShiftPotion"},{"floor":14,"key":"Ancient Potion"},{"floor":15,"key":"Strength Potion"},{"floor":15,"key":"Explosive Potion"},{"floor":19,"key":"BlessingOfTheForge"},{"floor":20,"key":"construct:ShiftPotion"}],"is_trial":false,"path_per_floor":["R_BF","M","M","?","$","R","T","R","?","M","R","M","R","?","M","B",null,"R_BF","M","M","M","?","$","T","M"],"character_chosen":"THE_SPIRIT","items_purchased":["Specialist","expansioncontent:StudyTheSpire","hexamod:StepThrough"],"campfire_rested":0,"item_purchase_floors":[5,23,23],"current_hp_per_floor":[77,76,75,75,75,75,75,75,75,74,74,67,67,53,33,13,77,77,69,53,37,14,9,9,0,0,0],"gold":43,"neow_bonus":"TEN_PERCENT_HP_BONUS","is_daily":false,"chose_seed":false,"campfire_upgraded":4,"win_rate":0.0,"timestamp":1613598519,"path_taken":["R_BF","M","M","?","$","R","T","R","?","?","R","M","R","?","M","BOSS","R_BF","M","M","M","?","$","T","?"],"items_purchased_type":["Card","Card","Card"],"build_version":"2020-12-22","purchased_purges":0,"victory":false,"max_hp_per_floor":[77,77,77,77,77,77,77,77,77,77,77,77,77,77,77,77,77,77,77,77,77,77,77,77,77,77,77],"card_choices":[{"not_picked":["hexamod:Hexaguard","hexamod:NightmareGuise"],"picked":"hexamod:Firestarter","floor":2},{"not_picked":["hexamod:StepThrough","hexamod:HauntingEcho"],"picked":"hexamod:ExtraCrispy","floor":3},{"not_picked":["hexamod:PhantomCloak","hexamod:GhostLash"],"picked":"hexamod:RadiantFlame","floor":5},{"not_picked":["hexamod:BacktrackSmack","hexamod:GhostLash"],"picked":"hexamod:ThermalTransfer","floor":10},{"not_picked":["hexamod:Firestarter","hexamod:HauntingEcho"],"picked":"hexamod:FourthSeal","floor":12},{"not_picked":["hexamod:GhostShield","hexamod:BacktrackSmack"],"picked":"hexamod:ShieldOfDarkness","floor":14},{"not_picked":["hexamod:BurningTouch","hexamod:RecurringNightmare"],"picked":"hexamod:SkipABeat","floor":15},{"not_picked":["hexamod:VolcanoVisage","hexamod:UnleashSpirits"],"picked":"hexamod:HexaLevel","floor":16},{"not_picked":["hexamod:GhostShield","hexamod:HeatMetal"],"picked":"hexamod:InspiringFlames","floor":19},{"not_picked":["hexamod:HauntingEcho","hexamod:HeatMetal+1"],"picked":"hexamod:FastForward+1","floor":20},{"not_picked":["hexamod:AdvancingGuard","hexamod:ShieldOfDarkness+1"],"picked":"hexamod:EmpoweredFlame","floor":21},{"not_picked":["hexamod:GhostflameBarrier","hexamod:GhostOfSpireFuture"],"picked":"hexamod:SwordOfDarkness","floor":22},{"not_picked":["hexamod:AdvancingGuard","hexamod:EtherealExpedition"],"picked":"hexamod:CatchUp","floor":23}],"player_experience":323072,"relics_obtained":[{"floor":7,"key":"Snack Pack"},{"floor":14,"key":"Odd Mushroom"},{"floor":22,"key":"downfall:GremlinSack"},{"floor":24,"key":"Replay:WaspNest"}],"event_choices":[{"damage_healed":0,"gold_gain":0,"player_choice":"Fought Mushrooms","damage_taken":0,"max_hp_gain":0,"max_hp_loss":0,"event_name":"Mushrooms","floor":14,"gold_loss":0}],"is_beta":false,"boss_relics":[{"not_picked":["hubris:BlackHole","Kintsugi"],"picked":"Astrolabe"}],"items_purged_floors":[],"is_endless":false,"potions_floor_spawned":[2,12,15,19,20],"killed_by":"Sentry and Sphere","ascension_level":0}}