{"host":"wq0pzln9h9r005f2","time":1613588033,"event":{"mods":["AchievementEnabler","BaseMod","BetterRewards","Googly Eyes","Highlight Path","Minty Spire (QoL Compilation)","Permanent Neow","Quick Restart","Rare Cards Sparkle","Relic Stats","StSLib","SuperFastMode","The Hierophant","The IronCluck","egg"],"gold_per_floor":[115,83,103,203,219,208,208],"floor_reached":6,"language":"ENG","playtime":287,"items_purged":[],"score":46,"play_id":"95856417-6920-4e04-8470-4a1134732d34","local_time":"20210217115353","is_ascension_mode":false,"campfire_choices":[],"circlet_count":0,"master_deck":["hierophant:Strike_Hierophant","hierophant:Strike_Hierophant","hierophant:Strike_Hierophant","hierophant:Strike_Hierophant","hierophant:Punish","hierophant:Defend_Hierophant","hierophant:Defend_Hierophant","hierophant:Defend_Hierophant","hierophant:ChurchCoffers","hierophant:RepressedViolence","hierophant:Chorus","hierophant:RepressedViolence"],"relics":["hierophant:PropheticMaskRelic","Molten Egg 2"],"acts_visited":["Exordium"],"potions_floor_usage":[6],"damage_taken":[{"damage":0,"enemies":"2 Louse","floor":1,"turns":1},{"damage":5,"enemies":"Cultist","floor":3,"turns":4},{"damage":7,"enemies":"Small Slimes","floor":5,"turns":3},{"damage":26,"enemies":"Lagavulin","floor":6,"turns":5}],"seed_played":"3106191330490329915","potions_obtained":[{"floor":1,"key":"SteroidPotion"},{"floor":3,"key":"GamblersBrew"},{"floor":6,"key":"SpeedPotion"}],"is_trial":false,"path_per_floor":["M","?","M","?","M","E"],"character_chosen":"HIEROPHANT","items_purchased":[],"campfire_rested":0,"item_purchase_floors":[],"current_hp_per_floor":[75,75,70,70,63,37,37],"gold":208,"neow_bonus":"TRANSFORM_CARD","is_daily":false,"chose_seed":false,"campfire_upgraded":0,"win_rate":0.0,"timestamp":1613588033,"path_taken":["M","?","M","?","?","E"],"items_purchased_type":[],"build_version":"2020-12-22","purchased_purges":0,"victory":false,"max_hp_per_floor":[75,75,75,75,75,75,75],"relic_stats":{"counters":[4,13],"obtain_stats":[{"hierophant:PropheticMaskRelic":0,"Molten Egg 2":6},{"hierophant:PropheticMaskRelic":0,"Molten Egg 2":4},{"hierophant:PropheticMaskRelic":0,"Molten Egg 2":13}]},"card_choices":[{"not_picked":["hierophant:Patience","hierophant:Zeal"],"picked":"hierophant:Chorus","floor":1},{"not_picked":["hierophant:Prophecy","hierophant:CursedGold"],"picked":"hierophant:RepressedViolence","floor":3},{"not_picked":["hierophant:RustyCrate","hierophant:Martyrdom","hierophant:Chorus"],"picked":"SKIP","floor":5}],"player_experience":117848,"relics_obtained":[{"floor":6,"key":"Molten Egg 2"}],"event_choices":[{"damage_healed":0,"gold_gain":0,"player_choice":"Left Gold","damage_taken":0,"max_hp_gain":0,"max_hp_loss":0,"event_name":"World of Goop","floor":2,"gold_loss":32},{"damage_healed":0,"gold_gain":100,"player_choice":"Pray","damage_taken":0,"max_hp_gain":0,"max_hp_loss":0,"event_name":"Golden Shrine","floor":4,"gold_loss":0}],"is_beta":false,"boss_relics":[],"items_purged_floors":[],"is_endless":false,"potions_floor_spawned":[1,3,6],"killed_by":"Lagavulin","ascension_level":0}}