{"host":"w5thk1acqacem6ba","time":1613539391,"event":{"mods":["AchievementEnabler","BaseMod","Colored Map","KOR Keyword Fix","Minty Spire (QoL Compilation)","SuperFastMode"],"gold_per_floor":[116,130,55,55,66,91,109,109,177,252,252,3,3,16,16,121,171,187,62,4,20,33,45,45,45,45,64,64,64,84,11,11,106,106,120,20,20,70,70,70,90,104,174,185,198,0,12,22,22,22,22],"floor_reached":50,"language":"KOR","playtime":2854,"items_purged":["Defend_B","Strike_B","Strike_B"],"score":583,"play_id":"e0f7ad3f-0192-4fb7-98c0-11b0ae5c54d3","local_time":"20210217142311","is_ascension_mode":true,"campfire_choices":[{"floor":11,"key":"REST"},{"floor":13,"key":"REST"},{"data":"Zap","floor":15,"key":"SMITH"},{"floor":24,"key":"REST"},{"floor":29,"key":"REST"},{"floor":32,"key":"REST"},{"floor":40,"key":"REST"},{"floor":49,"key":"REST"}],"circlet_count":0,"master_deck":["Strike_B+1","Strike_B+1","Zap+1","Dualcast","Genetic Algorithm+1","Conserve Battery","All For One+1","Gash+1","Buffer","Leap","Sunder+1","Chill+1","Undo+1","Conserve Battery+1","Leap+1","Forethought","Hologram+1","Streamline+1","Scrape+1","Hologram+1","Streamline+1","Skim","Go for the Eyes+1","Beam Cell+1","Steam+1"],"relics":["FrozenCore","NeowsBlessing","CaptainsWheel","Molten Egg 2","Tiny House","Omamori","The Courier","Ginger","Blue Candle","Red Mask"],"acts_visited":["Exordium","TheCity","TheBeyond"],"potions_floor_usage":[23,35,44,45,45,50,50,50],"damage_taken":[{"damage":0,"enemies":"Cultist","floor":1,"turns":1},{"damage":0,"enemies":"2 Louse","floor":2,"turns":1},{"damage":2,"enemies":"Small Slimes","floor":5,"turns":2},{"damage":23,"enemies":"Gremlin Nob","floor":6,"turns":4},{"damage":10,"enemies":"2 Fungi Beasts","floor":7,"turns":3},{"damage":4,"enemies":"Looter","floor":14,"turns":3},{"damage":19,"enemies":"The Guardian","floor":16,"turns":10},{"damage":2,"enemies":"Chosen","floor":18,"turns":4},{"damage":15,"enemies":"3 Byrds","floor":21,"turns":4},{"damage":42,"enemies":"Cultist and Chosen","floor":22,"turns":7},{"damage":0,"enemies":"Snecko","floor":23,"turns":6},{"damage":4,"enemies":"Snake Plant","floor":27,"turns":4},{"damage":11,"enemies":"Cultist and Chosen","floor":30,"turns":6},{"damage":50,"enemies":"Champ","floor":33,"turns":14},{"damage":14,"enemies":"3 Darklings","floor":35,"turns":6},{"damage":3,"enemies":"Mind Bloom Boss Battle","floor":38,"turns":7},{"damage":3,"enemies":"Orb Walker","floor":41,"turns":4},{"damage":15,"enemies":"Jaw Worm Horde","floor":42,"turns":7},{"damage":35,"enemies":"Maw","floor":44,"turns":9},{"damage":3,"enemies":"Transient","floor":45,"turns":5},{"damage":0,"enemies":"Sphere and 2 Shapes","floor":47,"turns":5},{"damage":0,"enemies":"Writhing Mass","floor":48,"turns":7},{"damage":39,"enemies":"Donu and Deca","floor":50,"turns":7}],"seed_played":"-3456446513799215600","potions_obtained":[{"floor":1,"key":"AttackPotion"},{"floor":16,"key":"FocusPotion"},{"floor":17,"key":"Weak Potion"},{"floor":18,"key":"DuplicationPotion"},{"floor":23,"key":"Explosive Potion"},{"floor":35,"key":"Weak Potion"},{"floor":44,"key":"Weak Potion"},{"floor":47,"key":"ColorlessPotion"},{"floor":48,"key":"SkillPotion"}],"is_trial":false,"path_per_floor":["M","M","$","?","M","E","M","?","T","?","R","$","R","M","R","B",null,"M","$","?","M","M","M","R","?","T","M","?","R","M","$","R","B",null,"M","$","?","?","?","R","M","M","T","M","M","?","M","M","R","B"],"character_chosen":"DEFECT","items_purchased":["All For One+1","Forethought","Streamline+1","Scrape+1"],"campfire_rested":7,"item_purchase_floors":[12,31,36,36],"current_hp_per_floor":[75,75,75,60,58,35,25,18,18,7,29,29,51,47,47,28,68,66,66,66,51,9,9,33,33,33,29,29,53,42,42,66,16,64,50,50,50,47,47,71,68,53,53,18,15,15,15,15,39,0,0],"gold":22,"neow_bonus":"THREE_ENEMY_KILL","is_daily":false,"chose_seed":false,"campfire_upgraded":1,"win_rate":0.0,"timestamp":1613539391,"path_taken":["M","?","?","?","M","E","M","?","T","?","R","?","R","M","R","BOSS","M","$","?","M","?","M","R","?","T","?","?","R","?","?","R","BOSS","M","$","?","?","?","R","M","M","T","M","M","?","?","M","R","BOSS"],"items_purchased_type":["Card","Card","Card","Card"],"build_version":"2020-12-22","purchased_purges":3,"victory":false,"max_hp_per_floor":[75,75,75,75,75,75,75,75,75,75,75,75,75,75,75,75,80,80,80,80,80,80,80,80,80,80,80,80,80,80,80,80,80,80,80,80,80,80,80,80,80,80,80,80,80,80,80,80,80,80,80],"card_choices":[{"not_picked":["Rip and Tear","Streamline"],"picked":"Genetic Algorithm","floor":1},{"not_picked":["Steam","Compile Driver"],"picked":"Conserve Battery","floor":2},{"not_picked":["Go for the Eyes","Redo","Recycle"],"picked":"SKIP","floor":5},{"not_picked":["Redo","Stack","Hello World"],"picked":"SKIP","floor":6},{"not_picked":["Hologram","Steam","Go for the Eyes"],"picked":"SKIP","floor":7},{"not_picked":["Stack","Hologram"],"picked":"Gash+1","floor":14},{"not_picked":["Echo Form","Seek"],"picked":"Buffer","floor":16},{"not_picked":["Turbo","Compile Driver+1"],"picked":"Leap","floor":17},{"not_picked":["Steam","Static Discharge"],"picked":"Rebound+1","floor":18},{"not_picked":["Barrage+1","Consume"],"picked":"Sunder+1","floor":21},{"not_picked":["Consume","Genetic Algorithm"],"picked":"Chill+1","floor":22},{"not_picked":["Ball Lightning+1","Loop"],"picked":"Undo+1","floor":23},{"not_picked":["Undo","Capacitor"],"picked":"Conserve Battery+1","floor":27},{"not_picked":["Self Repair","Reinforced Body+1"],"picked":"Leap+1","floor":30},{"not_picked":["Turbo+1","Chill+1"],"picked":"Hologram+1","floor":35},{"not_picked":["Undo+1","Hello World"],"picked":"Hologram+1","floor":38},{"not_picked":["Barrage+1","Coolheaded+1"],"picked":"Streamline+1","floor":41},{"not_picked":["Leap","Biased Cognition"],"picked":"Skim","floor":42},{"not_picked":["Sunder+1","Sweeping Beam+1","Hologram+1"],"picked":"SKIP","floor":44},{"not_picked":["Defragment","Sweeping Beam+1"],"picked":"Go for the Eyes+1","floor":45},{"not_picked":["Redo+1","Stack+1"],"picked":"Beam Cell+1","floor":47},{"not_picked":["Sunder+1","Auto Shields"],"picked":"Steam+1","floor":48}],"player_experience":400444,"relics_obtained":[{"floor":6,"key":"CaptainsWheel"},{"floor":9,"key":"Molten Egg 2"},{"floor":26,"key":"The Courier"},{"floor":38,"key":"Ginger"},{"floor":43,"key":"Blue Candle"}],"event_choices":[{"damage_healed":0,"gold_gain":0,"player_choice":"Entered Light","damage_taken":15,"max_hp_gain":0,"max_hp_loss":0,"event_name":"Shining Light","floor":4,"gold_loss":0,"cards_upgraded":["Strike_B","Genetic Algorithm"]},{"cards_removed":["Defend_B"],"damage_healed":0,"gold_gain":0,"player_choice":"Card Removal","damage_taken":7,"max_hp_gain":0,"max_hp_loss":0,"event_name":"Golden Wing","floor":8,"gold_loss":0},{"damage_healed":0,"gold_gain":75,"player_choice":"Gather Gold","damage_taken":11,"max_hp_gain":0,"max_hp_loss":0,"event_name":"World of Goop","floor":10,"gold_loss":0},{"damage_healed":0,"gold_gain":0,"player_choice":"Paid Gold","damage_taken":0,"relics_obtained":["Omamori"],"max_hp_gain":0,"max_hp_loss":0,"event_name":"WeMeetAgain","floor":20,"gold_loss":58},{"cards_removed":["Defend_B"],"damage_healed":0,"gold_gain":0,"player_choice":"Purged","damage_taken":0,"max_hp_gain":0,"max_hp_loss":0,"event_name":"Purifier","floor":25,"gold_loss":0},{"cards_removed":["Defend_B"],"damage_healed":0,"gold_gain":0,"player_choice":"Offered Basic","damage_taken":0,"max_hp_gain":0,"max_hp_loss":0,"event_name":"Bonfire Elementals","floor":28,"gold_loss":0},{"cards_removed":["Rebound"],"damage_healed":0,"gold_gain":0,"player_choice":"Removed Attack","damage_taken":0,"max_hp_gain":0,"max_hp_loss":0,"event_name":"Falling","floor":37,"gold_loss":0},{"damage_healed":0,"gold_gain":0,"player_choice":"Fight","damage_taken":0,"max_hp_gain":0,"max_hp_loss":0,"event_name":"MindBloom","floor":38,"gold_loss":0},{"damage_healed":0,"gold_gain":0,"player_choice":"Ignored","damage_taken":0,"max_hp_gain":0,"max_hp_loss":0,"event_name":"Mysterious Sphere","floor":39,"gold_loss":0},{"damage_healed":0,"gold_gain":0,"player_choice":"Paid","damage_taken":0,"relics_obtained":["Red Mask"],"max_hp_gain":0,"max_hp_loss":0,"event_name":"Tomb of Lord Red Mask","floor":46,"gold_loss":198}],"is_beta":false,"boss_relics":[{"not_picked":["Philosopher\u0027s Stone","Coffee Dripper"],"picked":"Tiny House"},{"not_picked":["Busted Crown","Cursed Key"],"picked":"FrozenCore"}],"items_purged_floors":[3,12,19],"is_endless":false,"potions_floor_spawned":[1,16,18,23,27,35,38,44,47,48],"killed_by":"Donu and Deca","ascension_level":5}}