{"host":"f8toxsj3bk02pkeu","time":1613547730,"event":{"mods":["BaseMod","Minty Spire (QoL Compilation)","Permanent Neow","Quick Restart","StSLib","SuperFastMode"],"gold_per_floor":[126,155,182,207,219,259,289,301,313,325,337,365,377,406,418,430,430],"floor_reached":16,"language":"ENG","playtime":496,"items_purged":[],"score":208,"play_id":"5c26c53b-09e7-4478-90b1-74af3d1e3533","local_time":"20210217004210","is_ascension_mode":true,"campfire_choices":[{"floor":8,"key":"REST"},{"floor":10,"key":"REST"},{"data":"Accuracy","floor":13,"key":"SMITH"},{"data":"Accuracy","floor":15,"key":"SMITH"}],"circlet_count":0,"master_deck":["AscendersBane","Strike_G","Strike_G","Strike_G","Strike_G","Defend_G","Defend_G","Defend_G","Defend_G","Defend_G","Survivor","Neutralize","Slice","Flying Knee","Infinite Blades","Burst","Accuracy+1","PiercingWail","Accuracy+1","Accuracy+1","Backflip"],"relics":["Ring of the Snake","MawBank","Toy Ornithopter","Prayer Wheel"],"acts_visited":["Exordium"],"potions_floor_usage":[4,4,7],"damage_taken":[{"damage":2,"enemies":"Small Slimes","floor":1,"turns":6},{"damage":4,"enemies":"Cultist","floor":2,"turns":5},{"damage":4,"enemies":"Jaw Worm","floor":3,"turns":4},{"damage":15,"enemies":"Exordium Wildlife","floor":4,"turns":7},{"damage":31,"enemies":"Lagavulin","floor":6,"turns":8},{"damage":0,"enemies":"Large Slime","floor":7,"turns":8},{"damage":16,"enemies":"Red Slaver","floor":12,"turns":4},{"damage":4,"enemies":"Looter","floor":14,"turns":4},{"damage":35,"enemies":"Slime Boss","floor":16,"turns":8}],"seed_played":"-4066221108552189679","potions_obtained":[{"floor":2,"key":"DistilledChaos"},{"floor":3,"key":"Fruit Juice"},{"floor":6,"key":"LiquidMemories"}],"is_trial":false,"path_per_floor":["M","M","M","M","?","E","M","R","T","R","?","M","R","M","R","B"],"character_chosen":"THE_SILENT","items_purchased":[],"campfire_rested":2,"item_purchase_floors":[],"current_hp_per_floor":[57,53,49,39,39,8,13,34,34,55,55,39,39,35,35,0,0],"gold":430,"neow_bonus":"RANDOM_COMMON_RELIC","is_daily":false,"chose_seed":false,"campfire_upgraded":2,"win_rate":0.0,"timestamp":1613547730,"path_taken":["M","M","M","M","?","E","?","R","T","R","?","M","R","M","R","BOSS"],"items_purchased_type":[],"build_version":"2020-12-22","purchased_purges":0,"victory":false,"max_hp_per_floor":[66,66,66,71,71,71,71,71,71,71,71,71,71,71,71,71,71],"card_choices":[{"not_picked":["Quick Slash","Dodge and Roll"],"picked":"Slice","floor":1},{"not_picked":["Acrobatics","Bane"],"picked":"Flying Knee","floor":2},{"not_picked":["Acrobatics","Terror"],"picked":"Infinite Blades","floor":3},{"not_picked":["Dagger Throw","Bane"],"picked":"Burst","floor":4},{"not_picked":["Flying Knee","All Out Attack"],"picked":"PiercingWail","floor":6},{"not_picked":["All Out Attack","Acrobatics","Concentrate"],"picked":"SKIP","floor":7},{"not_picked":["Bouncing Flask","Blur"],"picked":"Accuracy","floor":12},{"not_picked":["Well Laid Plans","Choke"],"picked":"Accuracy","floor":12},{"not_picked":["Deadly Poison","Well Laid Plans"],"picked":"Backflip","floor":14},{"not_picked":["Dagger Spray","Prepared","Deadly Poison"],"picked":"SKIP","floor":14}],"player_experience":992378,"relics_obtained":[{"floor":6,"key":"Toy Ornithopter"},{"floor":9,"key":"Prayer Wheel"}],"event_choices":[{"damage_healed":0,"gold_gain":0,"cards_transformed":["Strike_G"],"player_choice":"Transformed","damage_taken":0,"max_hp_gain":0,"max_hp_loss":0,"event_name":"Transmorgrifier","floor":5,"gold_loss":0,"cards_obtained":["Accuracy"]},{"damage_healed":0,"gold_gain":0,"player_choice":"Upgraded","damage_taken":0,"max_hp_gain":0,"max_hp_loss":0,"event_name":"Upgrade Shrine","floor":11,"gold_loss":0,"cards_upgraded":["Accuracy"]}],"is_beta":false,"boss_relics":[],"items_purged_floors":[],"is_endless":false,"potions_floor_spawned":[2,3,6],"killed_by":"Slime Boss","ascension_level":20}}