{"host":"c64dsqyrqv0ei9yn","time":1613536161,"event":{"mods":["BaseMod","Bestiary","Colored Map","Colored Powertips","Curses Come First","Koishi","LagranYue(ùfäiòNÅEåé)","MarisaÅiñ∂âJÅ@ñÇóùçπÅj","Minty Spire (QoL Compilation)","Prisma Mod","Random Character Button","ReimuÅiîé??öÎÅj","RemiliaÅiÂQïƒ‰ª?Åj","StSLib","The Alterego","The Marked","The Saiyan","The Senshi","The Servant 0.9.4","The Wild Card","slay the spire mod where everything is the same but ironclad has a cowboy hat"],"gold_per_floor":[119,132,56,72,91,91,104,104,179,210,210,285,285,285,285,388,388,405,405,53,70,88,88,117,133,178,193,208,208,208,221,221,324,324,337,355,372,372,422,422,454,454,454,454,509,509,61,78,78,78],"floor_reached":51,"language":"ENG","playtime":3838,"items_purged":["Writhe"],"score":647,"play_id":"95dcd0b3-e1fa-4e1c-9032-ce0c1d79b14f","local_time":"20210217042921","is_ascension_mode":false,"campfire_choices":[{"data":"Koishi:HauntingSlash","floor":6,"key":"SMITH"},{"floor":8,"key":"REST"},{"floor":13,"key":"REST"},{"data":"Koishi:FidgetySnatcher","floor":15,"key":"SMITH"},{"floor":23,"key":"REST"},{"floor":29,"key":"REST"},{"data":"Koishi:Possession","floor":32,"key":"SMITH"},{"data":"Koishi:RuptureMind","floor":40,"key":"SMITH"},{"data":"Koishi:FadingMemory","floor":42,"key":"SMITH"},{"data":"Koishi:JumpScare","floor":46,"key":"SMITH"},{"data":"Koishi:SuperEgo","floor":49,"key":"SMITH"}],"circlet_count":0,"master_deck":["Koishi:BasicStrike","Koishi:BasicStrike","Koishi:BasicStrike","Koishi:BasicStrike","Koishi:BasicDefend","Koishi:BasicDefend","Koishi:BasicDefend","Koishi:BasicDefend","Koishi:Provoke","Koishi:HauntingSlash+1","Koishi:FidgetySnatcher+1","Koishi:Possession+1","Koishi:PhantomBarrier","Koishi:Jaunt","Koishi:DreadfulBlow","Koishi:TremblingHands","Koishi:UnconsciousUprising","Koishi:FadingMemory+1","Koishi:CatchAndRose+1","Koishi:TremblingHands","Koishi:LastRemote","Koishi:PhantomStrike+1","Koishi:ParalyzingFear+1","Koishi:JumpScare+1","Koishi:BloodcurdlingScream","Koishi:EmbryosDream+1","Koishi:JumpScare+1","Koishi:RacingHeart+1","Koishi:RuptureMind+1","Koishi:PhantomBarrier+1","Koishi:JumpScare+1","Koishi:RollingInRichesHeart","Koishi:EmbersOfLove+1","Koishi:SuperEgo+1"],"relics":["Koishi:ImaginaryFriend","Ornamental Fan","LagranYue:ReturningEmperorRelic","SlaversCollar","theSenshi:FeatherClipsRelic","Bag of Marbles","Orichalcum","theSenshi:SailorFukuRelic","LagranYue:SoulBurningRelic","Ice Cream","Oddly Smooth Stone","PreservedInsect","CatCart","Calipers"],"acts_visited":["Exordium","TheCity","TheBeyond"],"potions_floor_usage":[22,22,24,27,33,33,33,50],"damage_taken":[{"damage":5,"enemies":"2 Louse","floor":1,"turns":3},{"damage":2,"enemies":"Small Slimes","floor":2,"turns":7},{"damage":4,"enemies":"Cultist","floor":4,"turns":6},{"damage":21,"enemies":"Exordium Thugs","floor":5,"turns":9},{"damage":4,"enemies":"3 Louse","floor":7,"turns":4},{"damage":25,"enemies":"Lagavulin","floor":10,"turns":9},{"damage":25,"enemies":"The Guardian","floor":16,"turns":12},{"damage":17,"enemies":"Chosen","floor":18,"turns":8},{"damage":30,"enemies":"3 Byrds","floor":21,"turns":6},{"damage":19,"enemies":"Sentry and Sphere","floor":22,"turns":6},{"damage":14,"enemies":"Book of Stabbing","floor":24,"turns":6},{"damage":43,"enemies":"Centurion and Healer","floor":25,"turns":10},{"damage":22,"enemies":"Shelled Parasite and Fungi","floor":27,"turns":8},{"damage":8,"enemies":"Snake Plant","floor":28,"turns":5},{"damage":0,"enemies":"Snecko","floor":31,"turns":5},{"damage":51,"enemies":"Collector","floor":33,"turns":10},{"damage":11,"enemies":"Orb Walker","floor":35,"turns":5},{"damage":56,"enemies":"3 Darklings","floor":36,"turns":11},{"damage":40,"enemies":"Jaw Worm Horde","floor":37,"turns":6},{"damage":2,"enemies":"Mind Bloom Boss Battle","floor":39,"turns":7},{"damage":31,"enemies":"Reptomancer","floor":41,"turns":9},{"damage":12,"enemies":"Orin","floor":45,"turns":10},{"damage":9,"enemies":"Spire Growth","floor":48,"turns":5},{"damage":23,"enemies":"Time Eater","floor":50,"turns":9}],"seed_played":"-1520028810528207780","potions_obtained":[{"floor":1,"key":"AttackPotion"},{"floor":5,"key":"EntropicBrew"},{"floor":7,"key":"AttackPotion"},{"floor":22,"key":"Block Potion"},{"floor":24,"key":"Swift Potion"},{"floor":31,"key":"SpeedPotion"},{"floor":33,"key":"DuplicationPotion"},{"floor":35,"key":"BlessingOfTheForge"}],"is_trial":false,"path_per_floor":["M","M","$","M","M","R","M","R","T","E","?","?","R","?","R","B",null,"M","?","$","M","M","R","E","M","T","M","M","R","T","M","R","B",null,"M","M","M","?","?","R","E","R","T","?","?","R","$","M","R","B",null],"character_chosen":"KOISHI","items_purchased":["Koishi:PhantomBarrier","Koishi:Jaunt","Koishi:TremblingHands","theSenshi:FeatherClipsRelic","Koishi:LastRemote","Koishi:SuperEgo","Calipers"],"campfire_rested":4,"item_purchase_floors":[3,3,20,20,20,47,47],"current_hp_per_floor":[62,64,64,61,45,45,44,63,63,46,46,35,54,66,66,48,66,57,57,57,36,24,43,39,29,29,21,24,43,43,58,58,29,66,66,31,7,23,44,44,33,33,33,33,47,47,47,58,58,66],"gold":78,"neow_bonus":"TEN_PERCENT_HP_BONUS","is_daily":false,"chose_seed":false,"campfire_upgraded":7,"win_rate":0.0,"timestamp":1613536161,"path_taken":["M","M","$","M","M","R","M","R","T","E","?","?","R","?","R","BOSS","M","?","$","M","M","R","E","M","T","?","M","R","?","M","R","BOSS","M","M","M","?","?","R","E","R","T","?","?","R","$","M","R","BOSS"],"items_purchased_type":["Card","Card","Card","Relic","Card","Card","Relic"],"build_version":"2020-12-22","purchased_purges":1,"victory":true,"max_hp_per_floor":[66,66,66,66,66,66,66,66,66,66,66,66,66,66,66,66,66,66,66,66,66,66,66,66,66,66,66,66,66,66,66,66,66,66,66,66,66,66,66,66,66,66,66,66,66,66,66,66,66,66],"card_choices":[{"not_picked":["Koishi:DanmakuParanoia","Koishi:BloodcurdlingScream"],"picked":"Koishi:FidgetySnatcher","floor":1},{"not_picked":["Koishi:Prune","Koishi:Bloodlust"],"picked":"Koishi:Possession","floor":2},{"not_picked":["Koishi:CatchAndRose","Koishi:FleetingPhantom"],"picked":"Koishi:DreadfulBlow","floor":4},{"not_picked":["Koishi:StrangeCloudFist","Koishi:Jaunt","Koishi:HeartAttack"],"picked":"SKIP","floor":5},{"not_picked":["Koishi:HeartfeltFancy","Koishi:BloodcurdlingScream"],"picked":"Koishi:TremblingHands","floor":7},{"not_picked":["Koishi:DNAsFlaw","Koishi:PhantomBarrier"],"picked":"Koishi:UnconsciousUprising","floor":10},{"not_picked":["Koishi:SuperEgo","Koishi:RoseHell"],"picked":"Koishi:FadingMemory","floor":16},{"not_picked":["Koishi:SubconsciousSweep","Koishi:PredatoryInstincts"],"picked":"Koishi:CatchAndRose+1","floor":18},{"not_picked":["Koishi:HeartfeltFancy","Koishi:SpiritedAway+1"],"picked":"Koishi:PhantomStrike+1","floor":21},{"not_picked":["Koishi:PhantomStrike+1","Koishi:Possession"],"picked":"Koishi:ParalyzingFear+1","floor":22},{"not_picked":["Koishi:Whimsy","Koishi:RacingHeart"],"picked":"Koishi:JumpScare","floor":24},{"not_picked":["Koishi:EmbryosDream","Koishi:FleetingPhantom"],"picked":"Koishi:BloodcurdlingScream","floor":25},{"not_picked":["Koishi:MentalBreakdown","Koishi:Jaunt"],"picked":"Koishi:EmbryosDream+1","floor":27},{"not_picked":["Koishi:VengefulSpirit","Koishi:FourthEye"],"picked":"Koishi:JumpScare+1","floor":28},{"not_picked":["Koishi:StingingMind","Koishi:PhilosophyOfTheDespised"],"picked":"Koishi:RacingHeart+1","floor":31},{"not_picked":["Koishi:MentalBreakdown","Koishi:Ego"],"picked":"Koishi:RuptureMind","floor":33},{"not_picked":["Koishi:FleetingPhantom+1","Koishi:GhostParty+1"],"picked":"Koishi:PhantomBarrier+1","floor":35},{"not_picked":["Koishi:Jaunt+1","Koishi:PhantomStrike+1","Koishi:BloodcurdlingScream+1"],"picked":"SKIP","floor":36},{"not_picked":["Koishi:Jaunt","Koishi:SpiritedAway+1"],"picked":"Koishi:JumpScare+1","floor":37},{"not_picked":["Koishi:SubconsciousSweep","Koishi:RacingHeart"],"picked":"Koishi:RollingInRichesHeart","floor":39},{"not_picked":["Koishi:DreadfulBlow","Koishi:ParalyzingFear+1","Koishi:EmbryosDream+1"],"picked":"SKIP","floor":41},{"not_picked":["Koishi:CatchAndRose+1","Koishi:StrangeCloudFist+1"],"picked":"Koishi:EmbersOfLove+1","floor":45},{"not_picked":["Koishi:PhantomStrike","Koishi:DNAsFlaw","Koishi:DreadfulBlow+1"],"picked":"SKIP","floor":48}],"player_experience":87786,"relics_obtained":[{"floor":9,"key":"Ornamental Fan"},{"floor":10,"key":"LagranYue:ReturningEmperorRelic"},{"floor":24,"key":"Bag of Marbles"},{"floor":26,"key":"Orichalcum"},{"floor":30,"key":"theSenshi:SailorFukuRelic"},{"floor":39,"key":"Ice Cream"},{"floor":41,"key":"Oddly Smooth Stone"},{"floor":43,"key":"PreservedInsect"},{"floor":45,"key":"CatCart"}],"event_choices":[{"damage_healed":0,"gold_gain":0,"player_choice":"Ignored","damage_taken":0,"max_hp_gain":0,"max_hp_loss":0,"event_name":"Golden Wing","floor":11,"gold_loss":0},{"damage_healed":0,"gold_gain":75,"player_choice":"Gather Gold","damage_taken":11,"max_hp_gain":0,"max_hp_loss":0,"event_name":"World of Goop","floor":12,"gold_loss":0},{"damage_healed":22,"gold_gain":0,"player_choice":"Banana","damage_taken":0,"max_hp_gain":0,"max_hp_loss":0,"event_name":"Big Fish","floor":14,"gold_loss":0},{"damage_healed":0,"gold_gain":0,"player_choice":"Leave","damage_taken":0,"max_hp_gain":0,"max_hp_loss":0,"event_name":"FaceTrader","floor":19,"gold_loss":0},{"damage_healed":17,"gold_gain":0,"player_choice":"Writhe","damage_taken":0,"max_hp_gain":0,"max_hp_loss":0,"event_name":"Winding Halls","floor":38,"gold_loss":0,"cards_obtained":["Writhe"]},{"damage_healed":0,"gold_gain":0,"player_choice":"Fight","damage_taken":0,"max_hp_gain":0,"max_hp_loss":0,"event_name":"MindBloom","floor":39,"gold_loss":0},{"damage_healed":0,"gold_gain":0,"player_choice":"Ignored","damage_taken":0,"max_hp_gain":0,"max_hp_loss":0,"event_name":"Mysterious Sphere","floor":44,"gold_loss":0},{"damage_healed":0,"gold_gain":0,"player_choice":"Fight","damage_taken":0,"max_hp_gain":0,"max_hp_loss":0,"event_name":"OrinTheCat","floor":45,"gold_loss":0}],"is_beta":false,"boss_relics":[{"not_picked":["Cursed Key","Koishi:ColorfulDays"],"picked":"SlaversCollar"},{"not_picked":["Runic Pyramid","RedLine:ReiMu"],"picked":"LagranYue:SoulBurningRelic"}],"items_purged_floors":[47],"is_endless":false,"potions_floor_spawned":[1,5,7,10,22,24,31,33,35,37,41],"ascension_level":0}}