{"host":"17aj8307sanlevtk","time":1613590694,"event":{"mods":["BaseMod","Colored Map","Colored Powertips","Conspire","Infinite Spire","Lobotomy","Marked Mod","Minty Spire (QoL Compilation)","Relic Stats","Replay The Spire","StSLib"],"gold_per_floor":[119,119,119,130,105,105,118,138,185,199,94,104,134,145,145,242,242,258,258,218,218,231,257,257,35,59,74,74,99,99,32,32,137,137,154,0,0,16,26,26,57,57,57,88,99,119,119,119,119,119,119],"floor_reached":50,"language":"ENG","playtime":1327,"items_purged":[],"score":676,"play_id":"58d9718d-4924-4110-91d9-6dae61a2421b","local_time":"20210217133814","is_ascension_mode":true,"campfire_choices":[{"data":"Replay:Undeath\u0027s Touch","floor":6.0,"key":"SMITH"},{"data":"Inflame","floor":15.0,"key":"SMITH"},{"data":"infinitespire:FinalStrike","floor":24.0,"key":"SMITH"},{"data":"Replay:Fractal Strike","floor":28.0,"key":"SMITH"},{"floor":32.0,"key":"REST"},{"data":"Clash","floor":40.0,"key":"SMITH"},{"floor":42.0,"key":"REST"},{"data":"Replay:Undeath\u0027s Touch","floor":47.0,"key":"SMITH"},{"data":"Replay:Undeath\u0027s Touch","floor":49.0,"key":"SMITH"}],"circlet_count":0,"master_deck":["conspire:GhostlyStrike","conspire:GhostlyStrike","conspire:GhostlyStrike","conspire:GhostlyStrike","conspire:GhostlyStrike+1","conspire:GhostlyDefend","conspire:GhostlyDefend","Bash+1","Replay:Undeath\u0027s Touch+1","Feel No Pain+1","Inflame+1","Clash","Clash+1","Run Through","Replay:Undeath\u0027s Touch+1","infinitespire:FinalStrike+1","Replay:Fractal Strike+1","Ghostly Armor","Heavy Blade","Second Wind","infinitespire:FinalStrike+1","Twin Strike+1","Clash","Replay:Undeath\u0027s Touch+1","Heavy Blade+1"],"relics":["Busted Crown","Nunchaku","MealTicket","Empty Cage","infinitespire:Beetle Shell","Vajra","Brimstone","Pet Ghost","Replay:Mystery Machine","Ring of Chaos","DollysMirror","ReplayTheSpireMod:Ring of Addiction","White Beast Statue","Potion Belt","Iron Hammer","conspire:DecoderRing","infinitespire:WardingShard"],"acts_visited":["Exordium","TheCity","TheBeyond"],"potions_floor_usage":[50,50,50,50],"damage_taken":[{"damage":2.0,"enemies":"2 Louse","floor":1.0,"turns":2.0},{"damage":0.0,"enemies":"conspire:RoseBush","floor":4.0,"turns":2.0},{"damage":3.0,"enemies":"infinitespire:Voidling","floor":7.0,"turns":3.0},{"damage":12.0,"enemies":"Gremlin Gang","floor":8.0,"turns":5.0},{"damage":8.0,"enemies":"conspire:2 RoseBushes","floor":10.0,"turns":6.0},{"damage":10.0,"enemies":"Looter","floor":12.0,"turns":3.0},{"damage":6.0,"enemies":"Gremlin Nob","floor":13.0,"turns":3.0},{"damage":5.0,"enemies":"Exordium Thugs","floor":14.0,"turns":3.0},{"damage":0.0,"enemies":"Slime Boss","floor":16.0,"turns":7.0},{"damage":5.0,"enemies":"Spheric Guardian","floor":18.0,"turns":3.0},{"damage":20.0,"enemies":"2 Thieves","floor":22.0,"turns":2.0},{"damage":8.0,"enemies":"conspire:SneckoGhost","floor":23.0,"turns":4.0},{"damage":22.0,"enemies":"Centurion and Healer","floor":27.0,"turns":3.0},{"damage":20.0,"enemies":"conspire:MimicChest","floor":29.0,"turns":3.0},{"damage":39.0,"enemies":"Champ","floor":33.0,"turns":5.0},{"damage":10.0,"enemies":"3 Shapes","floor":35.0,"turns":2.0},{"damage":0.0,"enemies":"Orb Walker","floor":38.0,"turns":1.0},{"damage":25.0,"enemies":"3 Darklings","floor":39.0,"turns":4.0},{"damage":8.0,"enemies":"R_Hoarder","floor":41.0,"turns":4.0},{"damage":0.0,"enemies":"Giant Head","floor":44.0,"turns":5.0},{"damage":4.0,"enemies":"Jaw Worm Horde","floor":45.0,"turns":3.0},{"damage":6.0,"enemies":"Writhing Mass","floor":46.0,"turns":2.0},{"damage":114,"enemies":"Awakened One","floor":50,"turns":4}],"seed_played":"-1482294964297706658","potions_obtained":[{"floor":1.0,"key":"FearPotion"},{"floor":8.0,"key":"Block Potion"},{"floor":12.0,"key":"Milkshake"},{"floor":16.0,"key":"Cursed Concoction"},{"floor":23.0,"key":"infinitespire:BlackPotion"},{"floor":33.0,"key":"Ancient Potion"},{"floor":35.0,"key":"PowerPotion"},{"floor":37.0,"key":"SkillPotion"},{"floor":37.0,"key":"Energy Potion"},{"floor":39.0,"key":"FairyPotion"},{"floor":41.0,"key":"infinitespire:BlackPotion"}],"is_trial":false,"path_per_floor":["M","?","?","M","$","R","M","M","T","M","$","M","E","M","R","B",null,"M","?","?","AVR","M","E","R","$","T","M","R","?","?","$","R","B",null,"M","$","?","M","M","R","E","R","T","E","M","M","R","?","R","B"],"character_chosen":"IRONCLAD","items_purchased":["Replay:Undeath\u0027s Touch","Inflame","Clash","Brimstone","Ghostly Armor","Second Wind","DollysMirror"],"campfire_rested":2,"item_purchase_floors":[5,11,11,25,25,31,36],"current_hp_per_floor":[78,78,78,78,78,78,75,63,63,55,55,45,39,34,34,34,80,75,75,75,75,55,47,47,62,62,40,40,20,20,35,59,20,80,70,80,80,80,55,55,47,70,70,70,66,60,60,60,60,0,0],"gold":119,"neow_bonus":"BOSS_RELIC","is_daily":false,"chose_seed":false,"campfire_upgraded":7,"win_rate":0.0,"timestamp":1613590694,"path_taken":["M","?","?","M","$","R","M","M","T","?","$","M","E","?","R","BOSS","M","?","?","AVR","?","E","R","$","T","M","R","?","?","$","R","BOSS","M","$","?","M","M","R","E","R","T","E","M","M","R","?","R","BOSS"],"items_purchased_type":["Card","Card","Card","Relic","Card","Card","Relic"],"build_version":"2020-12-22","purchased_purges":0,"victory":false,"max_hp_per_floor":[80,80,80,80,80,80,80,80,80,80,80,80,80,80,80,80,80,80,80,80,80,80,80,80,80,80,80,80,80,80,80,80,80,80,80,80,80,80,80,80,78,78,78,76,76,76,74,74,74,74,74],"relic_stats":{"Nunchaku":[18],"Busted Crown":54,"counters":[23,79],"MealTicket":40,"obtain_stats":[{"Potion Belt":37,"ReplayTheSpireMod:Ring of Addiction":37,"Vajra":23,"infinitespire:Beetle Shell":21,"Ring of Chaos":34,"Replay:Mystery Machine":29,"Empty Cage":17,"Burning Blood":0,"Pet Ghost":26,"White Beast Statue":37,"Nunchaku":9,"Busted Crown":0,"infinitespire:WardingShard":44,"Brimstone":25,"DollysMirror":36,"conspire:DecoderRing":43,"MealTicket":13,"Iron Hammer":41},{"Potion Belt":16,"ReplayTheSpireMod:Ring of Addiction":16,"Vajra":12,"infinitespire:Beetle Shell":10,"Ring of Chaos":15,"Replay:Mystery Machine":14,"Empty Cage":9,"Burning Blood":0,"Pet Ghost":12,"White Beast Statue":16,"Nunchaku":4,"Busted Crown":0,"infinitespire:WardingShard":20,"Brimstone":12,"DollysMirror":16,"conspire:DecoderRing":19,"MealTicket":7,"Iron Hammer":19},{"Potion Belt":56,"ReplayTheSpireMod:Ring of Addiction":56,"Vajra":43,"infinitespire:Beetle Shell":37,"Ring of Chaos":54,"Replay:Mystery Machine":49,"Empty Cage":34,"Burning Blood":0,"Pet Ghost":43,"White Beast Statue":56,"Nunchaku":12,"Busted Crown":0,"infinitespire:WardingShard":70,"Brimstone":43,"DollysMirror":56,"conspire:DecoderRing":65,"MealTicket":24,"Iron Hammer":65}]},"card_choices":[{"not_picked":["Warcry"],"picked":"SKIP","floor":1.0},{"not_picked":["Sever Soul"],"picked":"SKIP","floor":4.0},{"not_picked":[],"picked":"Feel No Pain","floor":7.0},{"not_picked":["Battle Trance"],"picked":"SKIP","floor":8.0},{"not_picked":["Pummel"],"picked":"SKIP","floor":10.0},{"not_picked":["Flame Barrier"],"picked":"SKIP","floor":12.0},{"not_picked":["Shrug It Off"],"picked":"SKIP","floor":13.0},{"not_picked":[],"picked":"Run Through","floor":14.0},{"not_picked":["Dropkick+1"],"picked":"SKIP","floor":18.0},{"not_picked":["Bloodletting"],"picked":"SKIP","floor":22.0},{"not_picked":["Rampage"],"picked":"SKIP","floor":23.0},{"not_picked":["Sentinel"],"picked":"SKIP","floor":27.0},{"not_picked":[],"picked":"Heavy Blade","floor":29.0},{"not_picked":["Havoc"],"picked":"SKIP","floor":35.0},{"not_picked":[],"picked":"Twin Strike+1","floor":38.0},{"not_picked":["Cleave"],"picked":"SKIP","floor":39.0},{"not_picked":[],"picked":"Clash","floor":41.0},{"not_picked":["Reckless Charge+1"],"picked":"SKIP","floor":44.0},{"not_picked":[],"picked":"Replay:Undeath\u0027s Touch","floor":45.0},{"not_picked":[],"picked":"Heavy Blade+1","floor":46.0}],"player_experience":578857,"relics_obtained":[{"floor":9.0,"key":"Nunchaku"},{"floor":13.0,"key":"MealTicket"},{"floor":23.0,"key":"Vajra"},{"floor":26.0,"key":"Pet Ghost"},{"floor":29.0,"key":"Replay:Mystery Machine"},{"floor":37.0,"key":"ReplayTheSpireMod:Ring of Addiction"},{"floor":37.0,"key":"White Beast Statue"},{"floor":37.0,"key":"Potion Belt"},{"floor":41.0,"key":"Iron Hammer"},{"floor":43.0,"key":"conspire:DecoderRing"},{"floor":44.0,"key":"infinitespire:WardingShard"}],"event_choices":[{"damage_healed":0.0,"max_hp_gain":0.0,"max_hp_loss":0.0,"gold_gain":0.0,"event_name":"conspire:LoneGhost","player_choice":"Agree","floor":2.0,"gold_loss":0.0,"damage_taken":0.0},{"damage_healed":0.0,"max_hp_gain":0.0,"max_hp_loss":0.0,"gold_gain":0.0,"event_name":"Accursed Blacksmith","player_choice":"Forge","floor":3.0,"gold_loss":0.0,"damage_taken":0.0,"cards_upgraded":["Bash"]},{"damage_healed":0.0,"max_hp_gain":0.0,"max_hp_loss":0.0,"gold_gain":0.0,"event_name":"The Library","player_choice":"Read","floor":19.0,"gold_loss":0.0,"damage_taken":0.0,"cards_obtained":["Replay:Undeath\u0027s Touch"]},{"damage_healed":0.0,"max_hp_gain":0.0,"max_hp_loss":0.0,"gold_gain":0.0,"event_name":"Designer","player_choice":"Upgraded Two","floor":20.0,"gold_loss":40.0,"damage_taken":0.0,"cards_upgraded":["conspire:GhostlyStrike","Feel No Pain"]},{"damage_healed":0.0,"max_hp_gain":0.0,"max_hp_loss":0.0,"gold_gain":0.0,"event_name":"Lab","player_choice":"Got Potions","floor":48.0,"gold_loss":0.0,"damage_taken":0.0}],"is_beta":false,"boss_relics":[{"not_picked":["conspire:RoyalGoblet","Kintsugi"],"picked":"Empty Cage"},{"not_picked":["Calling Bell","Tiny House"],"picked":"Ring of Chaos"}],"items_purged_floors":[],"is_endless":false,"potions_floor_spawned":[1,8,12,16,23,27,33,35,38,39,41,44,45,46],"killed_by":"Awakened One","ascension_level":1}}