{"host":"2c84cb4cp1emursg","time":1613599341,"event":{"mods":["Act Like it!","BaseMod","Better Third Choice","Bossed Relics","Hermit","Mimic Mod","Minty Spire (QoL Compilation)","Permanent Neow","StSLib"],"gold_per_floor":[359,378,378,388,1,29,29,57,127,165,183,209,287,331,331,437,437,450,450,296,324,324,324,356,356,402,433,613,655,676,705,705,811,811,811,591,629,629,629],"floor_reached":38,"language":"ENG","playtime":5060,"items_purged":[],"score":535,"play_id":"55b690f0-1b1f-4108-9826-e6c5101bdace","local_time":"20210217150221","is_ascension_mode":true,"campfire_choices":[{"data":"hermit:DeadMansHand","floor":7,"key":"SMITH"},{"data":"hermit:Maintenance","floor":15,"key":"SMITH"},{"data":"hermit:Maintenance","floor":23,"key":"SMITH"},{"data":"hermit:CalledShot","floor":25,"key":"SMITH"},{"floor":32,"key":"REST"}],"circlet_count":0,"master_deck":["hermit:Strike_Hermit","hermit:Strike_Hermit","hermit:Strike_Hermit","hermit:Strike_Hermit","hermit:Defend_Hermit","hermit:Defend_Hermit+1","hermit:Defend_Hermit","hermit:Defend_Hermit","hermit:Snapshot","hermit:Covet+1","Clumsy","hermit:Manifest","hermit:CalledShot+1","Bandage Up","hermit:DeadMansHand+1","hermit:Gestalt","hermit:Maintenance+1","hermit:DeadOrAlive","hermit:Maintenance+1","hermit:Shortfuse","hermit:Purgatory","hermit:FullyLoaded+1","hermit:Glare+1","hermit:Shortfuse","hermit:EternalForm","Secret Technique","hermit:BodyArmor"],"relics":["hermit:ClaspedLocket","Calipers","PreservedInsect","HandDrill","Regal Pillow","Nunchaku","HornCleat","CeramicFish","Bag of Marbles","hermit:BartenderGlass","Art of War","Kunai","War Paint","Strawberry"],"acts_visited":["Exordium","TheCity","TheBeyond"],"potions_floor_usage":[8,14,16,18,18,21,21,21,24,24,24,27,27,27,29,29,30,30,30,31,31,33,33,33,35,35,35,37,38,38,38,38,38],"damage_taken":[{"damage":1,"enemies":"Cultist","floor":1,"turns":4},{"damage":1,"enemies":"Jaw Worm","floor":2,"turns":5},{"damage":5,"enemies":"2 Louse","floor":4,"turns":4},{"damage":18,"enemies":"Lagavulin","floor":6,"turns":5},{"damage":4,"enemies":"3 Sentries","floor":8,"turns":5},{"damage":1,"enemies":"Gremlin Nob","floor":10,"turns":4},{"damage":5,"enemies":"Gremlin Gang","floor":11,"turns":4},{"damage":6,"enemies":"Looter","floor":12,"turns":4},{"damage":12,"enemies":"3 Sentries","floor":13,"turns":9},{"damage":1,"enemies":"Large Slime","floor":14,"turns":6},{"damage":14,"enemies":"The Guardian","floor":16,"turns":12},{"damage":1,"enemies":"Chosen","floor":18,"turns":3},{"damage":4,"enemies":"Shell Parasite","floor":21,"turns":4},{"damage":1,"enemies":"Snecko","floor":24,"turns":4},{"damage":2,"enemies":"Snake Plant","floor":26,"turns":12},{"damage":1,"enemies":"Slavers","floor":27,"turns":1},{"damage":13,"enemies":"Book of Stabbing","floor":29,"turns":7},{"damage":4,"enemies":"Snake Plant","floor":30,"turns":5},{"damage":36,"enemies":"Gremlin Leader","floor":31,"turns":6},{"damage":22,"enemies":"Champ","floor":33,"turns":13},{"damage":0,"enemies":"3 Darklings","floor":35,"turns":1},{"damage":8,"enemies":"3 Shapes","floor":37,"turns":6},{"damage":133,"enemies":"2 Orb Walkers","floor":38,"turns":6}],"seed_played":"-5893997412282624896","potions_obtained":[{"floor":2,"key":"Explosive Potion"},{"floor":4,"key":"Ancient Potion"},{"floor":11,"key":"Weak Potion"},{"floor":13,"key":"BlessingOfTheForge"},{"floor":14,"key":"DuplicationPotion"},{"floor":16,"key":"hermit:Eclipse"},{"floor":21,"key":"Block Potion"},{"floor":22,"key":"Energy Potion"},{"floor":22,"key":"Dexterity Potion"},{"floor":24,"key":"Energy Potion"},{"floor":30,"key":"hermit:BlackBile"},{"floor":31,"key":"Ancient Potion"},{"floor":33,"key":"FairyPotion"}],"is_trial":false,"path_per_floor":["M","M","?","M","$","E","R","E","T","E","M","M","E","M","R","B",null,"M","?","$","M","?","R","M","R","MIM","E","?","E","M","E","R","B",null,"M","$","M","?"],"character_chosen":"HERMIT","items_purchased":["PreservedInsect","Bandage Up","HandDrill","Art of War","Secret Technique","Dexterity Potion"],"campfire_rested":1,"item_purchase_floors":[5,5,5,20,36,36],"current_hp_per_floor":[74,73,73,68,68,54,54,54,54,57,56,54,46,49,49,39,75,74,60,60,60,60,60,63,63,65,68,49,40,40,15,56,38,87,87,87,79,0,0],"gold":629,"neow_bonus":"TWO_FIFTY_GOLD","is_daily":false,"chose_seed":false,"campfire_upgraded":4,"win_rate":0.0,"timestamp":1613599341,"path_taken":["M","M","?","M","$","E","R","E","T","E","M","M","E","?","R","BOSS","M","?","$","M","?","R","?","R","MIM","E","?","E","?","E","R","BOSS","M","?","M","?"],"items_purchased_type":["Relic","Card","Relic","Relic","Card","Potion"],"build_version":"2020-12-22","purchased_purges":0,"victory":false,"max_hp_per_floor":[75,75,75,75,75,75,75,75,75,75,75,75,75,75,75,75,75,75,80,80,80,80,80,80,80,80,80,80,80,80,87,87,87,87,87,87,87,87,87],"card_choices":[{"not_picked":["hermit:Virtue","hermit:Brawl"],"picked":"hermit:Manifest","floor":1},{"not_picked":["hermit:Snipe","hermit:Horror"],"picked":"hermit:CalledShot","floor":2},{"not_picked":["hermit:Glare","hermit:Snipe"],"picked":"hermit:CalledShot","floor":4},{"not_picked":["hermit:Snipe","hermit:OverwhelmingPower"],"picked":"hermit:DeadMansHand","floor":6},{"not_picked":["hermit:PistolWhip","hermit:Headshot"],"picked":"hermit:Gestalt","floor":8},{"not_picked":["hermit:Glare","hermit:Spite"],"picked":"hermit:Maintenance","floor":10},{"not_picked":["hermit:Snipe","hermit:PistolWhip","hermit:Roulette"],"picked":"SKIP","floor":11},{"not_picked":["hermit:WideOpen","hermit:SprayPray"],"picked":"hermit:DeadOrAlive","floor":12},{"not_picked":["hermit:BigShot","hermit:Manifest"],"picked":"hermit:Maintenance","floor":13},{"not_picked":["hermit:CalledShot","hermit:EyeOfTheStorm"],"picked":"hermit:Shortfuse","floor":14},{"not_picked":["hermit:OverwhelmingPower","hermit:FatalDesire"],"picked":"hermit:Purgatory","floor":16},{"not_picked":["hermit:Snipe","hermit:Dive","hermit:LowProfile+1"],"picked":"SKIP","floor":18},{"not_picked":["hermit:Roulette+1","hermit:Glare"],"picked":"hermit:FullyLoaded+1","floor":21},{"not_picked":["hermit:NoHoldsBarred","hermit:Brawl","hermit:Manifest"],"picked":"SKIP","floor":24},{"not_picked":["hermit:Feint+1","hermit:CursedWeapon","hermit:Adapt"],"picked":"SKIP","floor":27},{"not_picked":["hermit:NoHoldsBarred","hermit:Misfire+1"],"picked":"hermit:Glare+1","floor":29},{"not_picked":["hermit:Manifest","hermit:Brawl"],"picked":"hermit:Shortfuse","floor":30},{"not_picked":["hermit:Feint","hermit:Combo","hermit:LowProfile"],"picked":"SKIP","floor":31},{"not_picked":["hermit:OverwhelmingPower","hermit:DeadOrAlive"],"picked":"hermit:EternalForm","floor":33},{"not_picked":["hermit:HighCaliber","hermit:HoleUp"],"picked":"hermit:BodyArmor","floor":37}],"player_experience":528547,"relics_obtained":[{"floor":6,"key":"Regal Pillow"},{"floor":8,"key":"Nunchaku"},{"floor":9,"key":"HornCleat"},{"floor":10,"key":"CeramicFish"},{"floor":13,"key":"Bag of Marbles"},{"floor":27,"key":"Kunai"},{"floor":29,"key":"War Paint"},{"floor":31,"key":"Strawberry"}],"event_choices":[{"cards_removed":["hermit:CalledShot"],"damage_healed":0,"gold_gain":0,"player_choice":"Gave Card","damage_taken":0,"relics_obtained":["Calipers"],"max_hp_gain":0,"max_hp_loss":0,"event_name":"WeMeetAgain","floor":3,"gold_loss":0},{"damage_healed":0,"gold_gain":0,"player_choice":"Shed Blood","damage_taken":19,"max_hp_gain":5,"max_hp_loss":0,"event_name":"Forgotten Altar","floor":19,"gold_loss":0},{"damage_healed":0,"gold_gain":0,"player_choice":"Got Potions","damage_taken":0,"max_hp_gain":0,"max_hp_loss":0,"event_name":"Lab","floor":22,"gold_loss":0},{"damage_healed":0,"gold_gain":180,"player_choice":"GOLD GOLD ","damage_taken":19,"max_hp_gain":0,"max_hp_loss":0,"event_name":"Knowing Skull","floor":28,"potions_obtained":[],"gold_loss":0,"cards_obtained":[]},{"damage_healed":0,"gold_gain":0,"player_choice":"Fight","damage_taken":0,"max_hp_gain":0,"max_hp_loss":0,"event_name":"Mysterious Sphere","floor":38,"gold_loss":0}],"is_beta":false,"boss_relics":[{"not_picked":["Snecko Eye","Sozu"],"picked":"hermit:BartenderGlass"},{"not_picked":["Velvet Choker","hermit:DentedPlate"],"picked":"hermit:ClaspedLocket"}],"items_purged_floors":[],"is_endless":false,"potions_floor_spawned":[2,4,11,13,14,16,18,21,24,30,31,33],"killed_by":"2 Orb Walkers","ascension_level":2}}