{"host":"t4313i2190y6fz3q","time":1613590318,"event":{"mods":["2.2 Compatiblity","AchievementEnabler","Act Like it!","BaseMod","Colored Powertips","Minty Spire (QoL Compilation)","Permanent Neow","Quick Restart","Rare Cards Sparkle","StSLib"],"gold_per_floor":[115,132,150,165,165,204,223,223,272,272,297,312,345,358,358,453,453,473,473,40,40,40,40,74,94,94,132,158,201,135,177,177,276,339,363,363,386,337,337,370,370,423,495,495,526,526,69,99,99,99],"floor_reached":51,"language":"ENG","playtime":1676,"items_purged":["Strike_B","Electrodynamics"],"score":1398,"play_id":"a3eb6699-b08a-4119-ae27-2964d8ce1807","local_time":"20210217113158","is_ascension_mode":true,"campfire_choices":[{"data":"Beam Cell","floor":8.0,"key":"SMITH"},{"data":"Sunder","floor":10.0,"key":"SMITH"},{"data":"Self Repair","floor":15.0,"key":"SMITH"},{"data":"Biased Cognition","floor":23.0,"key":"SMITH"},{"data":"Defragment","floor":32.0,"key":"SMITH"},{"data":"Machine Learning","floor":41.0,"key":"SMITH"},{"data":"Hologram","floor":44,"key":"SMITH"},{"data":"Thunder Strike","floor":46,"key":"SMITH"},{"data":"Defragment","floor":49,"key":"SMITH"}],"circlet_count":0,"master_deck":["AscendersBane","Zap","Dualcast","Beam Cell+1","Ball Lightning","Chill","Sunder+1","Rip and Tear","Compile Driver","Go for the Eyes","Biased Cognition+1","Chill","Self Repair+1","Cold Snap","Necronomicurse","Coolheaded","Turbo","Undo","Defragment+1","Hologram+1","Conserve Battery","Machine Learning+1","Multi-Cast","Electrodynamics","Self Repair","Electrodynamics","Loop","Core Surge","Compile Driver","Thunder Strike+1","Defragment+1","Capacitor","Turbo+1","Seek+1"],"relics":["Cracked Core","Golden Idol","Toy Ornithopter","Bag of Preparation","Matryoshka","Coffee Dripper","Necronomicon","Runic Capacitor","PreservedInsect","Bronze Scales","Tiny Chest","Gremlin Horn","Potion Belt","CeramicFish","Prayer Wheel","Pandora\u0027s Box","Eternal Feather","Smiling Mask","Omamori","Meat on the Bone","Toxic Egg 2","Cables"],"acts_visited":["Exordium","TheCity","TheBeyond"],"potions_floor_usage":[45,50,50,50,50],"damage_taken":[{"damage":1.0,"enemies":"Cultist","floor":1.0,"turns":3.0},{"damage":0.0,"enemies":"2 Louse","floor":2.0,"turns":2.0},{"damage":0.0,"enemies":"Jaw Worm","floor":3.0,"turns":3.0},{"damage":2.0,"enemies":"3 Louse","floor":4.0,"turns":2.0},{"damage":31.0,"enemies":"Lagavulin","floor":6.0,"turns":5.0},{"damage":8.0,"enemies":"Blue Slaver","floor":7.0,"turns":2.0},{"damage":0.0,"enemies":"Looter","floor":11.0,"turns":2.0},{"damage":0.0,"enemies":"Large Slime","floor":12.0,"turns":2.0},{"damage":0.0,"enemies":"3 Sentries","floor":13.0,"turns":4.0},{"damage":0.0,"enemies":"Exordium Wildlife","floor":14.0,"turns":4.0},{"damage":27.0,"enemies":"Hexaghost","floor":16.0,"turns":9.0},{"damage":10.0,"enemies":"2 Thieves","floor":18.0,"turns":4.0},{"damage":20.0,"enemies":"Slavers","floor":24.0,"turns":5.0},{"damage":4.0,"enemies":"Chosen","floor":25.0,"turns":3.0},{"damage":5.0,"enemies":"Gremlin Leader","floor":27.0,"turns":4.0},{"damage":14.0,"enemies":"Book of Stabbing","floor":29.0,"turns":3.0},{"damage":0.0,"enemies":"3 Cultists","floor":31.0,"turns":3.0},{"damage":25.0,"enemies":"Collector","floor":33.0,"turns":7.0},{"damage":13.0,"enemies":"3 Shapes","floor":35.0,"turns":5.0},{"damage":4.0,"enemies":"Orb Walker","floor":37.0,"turns":3.0},{"damage":43.0,"enemies":"Giant Head","floor":40.0,"turns":7.0},{"damage":17,"enemies":"Reptomancer","floor":42,"turns":4},{"damage":19,"enemies":"Giant Head","floor":45,"turns":7},{"damage":38,"enemies":"Jaw Worm Horde","floor":48,"turns":3},{"damage":47,"enemies":"Donu and Deca","floor":50,"turns":6}],"seed_played":"-5887657263794194355","potions_obtained":[{"floor":2.0,"key":"Energy Potion"},{"floor":4.0,"key":"PotionOfCapacity"},{"floor":7.0,"key":"Explosive Potion"},{"floor":13.0,"key":"Dexterity Potion"},{"floor":24.0,"key":"Dexterity Potion"},{"floor":31.0,"key":"GamblersBrew"},{"floor":42,"key":"Dexterity Potion"}],"is_trial":false,"path_per_floor":["M","M","M","M","?","E","M","R","T","R","M","M","E","M","R","B",null,"M","?","$","?","?","R","E","M","T","E","T","E","$","M","R","B",null,"M","?","M","$","T","E","R","E","T","R","E","R","$","M","R","B",null],"character_chosen":"DEFECT","items_purchased":["Runic Capacitor","PreservedInsect","Coolheaded","Defragment","FocusPotion","Cables","Capacitor","DuplicationPotion","Turbo+1"],"campfire_rested":0,"item_purchase_floors":[20,20,20,30,38,47,47,47,47],"current_hp_per_floor":[63,63,63,61,61,30,22,22,22,22,22,22,27,34,34,17,54,59,43,43,43,43,43,33,39,39,49,49,45,45,55,55,30,57,61,61,63,63,63,37,55,55,55,63,61,63,63,37,55,33],"gold":99,"neow_bonus":"THREE_CARDS","is_daily":false,"chose_seed":false,"campfire_upgraded":9,"win_rate":0.0,"timestamp":1613590318,"path_taken":["M","?","M","M","?","E","M","R","T","R","M","M","E","M","R","BOSS","M","?","$","?","?","R","E","M","T","E","?","E","?","M","R","BOSS","M","?","M","$","?","E","R","E","T","R","E","R","$","M","R","BOSS"],"items_purchased_type":["Relic","Relic","Card","Card","Potion","Relic","Card","Potion","Card"],"build_version":"2020-12-22","purchased_purges":2,"victory":true,"max_hp_per_floor":[71,71,71,71,66,66,66,66,66,66,66,66,66,66,66,66,66,66,66,66,66,66,66,66,66,66,66,66,66,66,66,66,66,66,66,63,63,63,63,63,63,63,63,63,63,63,63,63,63,63],"card_choices":[{"not_picked":["Ball Lightning","Turbo"],"picked":"Beam Cell","floor":0.0},{"not_picked":["Coolheaded","Sweeping Beam"],"picked":"Ball Lightning","floor":1.0},{"not_picked":["Ball Lightning","Heatsinks"],"picked":"Chill","floor":2.0},{"not_picked":["Melter","Double Energy"],"picked":"Sunder","floor":3.0},{"not_picked":["Rebound","Sunder"],"picked":"Rip and Tear","floor":4.0},{"not_picked":["Meteor Strike","Chaos"],"picked":"Compile Driver","floor":6.0},{"not_picked":["Streamline","Leap"],"picked":"Go for the Eyes","floor":7.0},{"not_picked":["Leap","Rebound"],"picked":"Biased Cognition","floor":11.0},{"not_picked":["Leap","Doom and Gloom"],"picked":"Chill","floor":12.0},{"not_picked":["Beam Cell","Consume"],"picked":"Self Repair","floor":13.0},{"not_picked":["Fusion","Compile Driver"],"picked":"Cold Snap","floor":14.0},{"not_picked":["Seek","Echo Form"],"picked":"Electrodynamics","floor":16.0},{"not_picked":["Barrage","Self Repair","Beam Cell"],"picked":"SKIP","floor":18.0},{"not_picked":["Multi-Cast","Go for the Eyes+1"],"picked":"Turbo","floor":24.0},{"not_picked":["Sweeping Beam+1","Ball Lightning"],"picked":"Undo","floor":25.0},{"not_picked":["Gash","Multi-Cast","Sweeping Beam+1"],"picked":"SKIP","floor":27.0},{"not_picked":["Turbo+1","Gash","Tempest"],"picked":"SKIP","floor":29.0},{"not_picked":["Leap","Steam Power"],"picked":"Hologram","floor":31.0},{"not_picked":["Chill","Cold Snap"],"picked":"Conserve Battery","floor":31.0},{"not_picked":["Amplify","Rainbow"],"picked":"Machine Learning","floor":33.0},{"not_picked":["Compile Driver","Sweeping Beam+1","Rebound+1"],"picked":"SKIP","floor":35.0},{"not_picked":["Hologram","Compile Driver","Steam"],"picked":"SKIP","floor":35.0},{"not_picked":["Steam Power","Gash"],"picked":"Thunder Strike","floor":37.0},{"not_picked":["Steam","Sweeping Beam+1","Redo+1"],"picked":"SKIP","floor":37.0},{"not_picked":["Redo+1","Stack","Beam Cell"],"picked":"SKIP","floor":40.0},{"not_picked":["Turbo","Aggregate+1"],"picked":"Defragment","floor":42},{"not_picked":["Streamline","Lockon","Beam Cell"],"picked":"SKIP","floor":45},{"not_picked":["Conserve Battery+1","Darkness+1"],"picked":"Seek+1","floor":48},{"not_picked":["Loop","Undo+1","Redo+1"],"picked":"SKIP","floor":48}],"player_experience":200762,"relics_obtained":[{"floor":6.0,"key":"Toy Ornithopter"},{"floor":9.0,"key":"Bag of Preparation"},{"floor":13.0,"key":"Matryoshka"},{"floor":19.0,"key":"Necronomicon"},{"floor":24.0,"key":"Bronze Scales"},{"floor":26.0,"key":"Tiny Chest"},{"floor":26.0,"key":"Gremlin Horn"},{"floor":27.0,"key":"Potion Belt"},{"floor":28.0,"key":"CeramicFish"},{"floor":29.0,"key":"Prayer Wheel"},{"floor":39.0,"key":"Eternal Feather"},{"floor":40.0,"key":"Smiling Mask"},{"floor":42,"key":"Omamori"},{"floor":43,"key":"Meat on the Bone"},{"floor":45,"key":"Toxic Egg 2"}],"event_choices":[{"damage_healed":0.0,"max_hp_gain":0.0,"max_hp_loss":5.0,"gold_gain":0.0,"event_name":"Golden Idol","player_choice":"Lose Max HP","floor":5.0,"gold_loss":0.0,"damage_taken":0.0,"relics_obtained":["Golden Idol"]},{"damage_healed":0.0,"max_hp_gain":0.0,"max_hp_loss":0.0,"gold_gain":0.0,"event_name":"Cursed Tome","player_choice":"Obtained Book","floor":19.0,"gold_loss":0.0,"damage_taken":16.0},{"damage_healed":0.0,"max_hp_gain":0.0,"max_hp_loss":0.0,"gold_gain":0.0,"event_name":"Vampires","player_choice":"Ignored","floor":21.0,"gold_loss":0.0,"damage_taken":0.0},{"damage_healed":0.0,"max_hp_gain":0.0,"max_hp_loss":0.0,"gold_gain":0.0,"event_name":"Back to Basics","player_choice":"Simplicity","floor":22.0,"gold_loss":0.0,"damage_taken":0.0,"cards_upgraded":["Strike_B","Strike_B","Strike_B","Defend_B","Defend_B","Defend_B","Defend_B"]},{"damage_healed":0.0,"max_hp_gain":0.0,"max_hp_loss":3.0,"gold_gain":0.0,"event_name":"Winding Halls","player_choice":"Max HP","floor":36.0,"gold_loss":0.0,"damage_taken":0.0}],"is_beta":false,"boss_relics":[{"not_picked":["Velvet Choker","Busted Crown"],"picked":"Coffee Dripper"},{"not_picked":["Snecko Eye","Philosopher\u0027s Stone"],"picked":"Pandora\u0027s Box"}],"items_purged_floors":[20,47],"is_endless":false,"potions_floor_spawned":[2,4,7,12,13,14,24,31,42,48],"ascension_level":14}}