{"host":"6h0diz2ap0m56grs","time":1613583636,"event":{"mods":["2.2 Compatiblity","BaseMod","Colored Map","Marisa????????","Minty Spire (QoL Compilation)","Quick Restart","Replay The Spire","Shop Mod","StSLib","The Cursed","The Exalted","The Necromancer","The Servant 0.9.4"],"gold_per_floor":[110,129,129,129,129,167,205,205,205,305,339,377,377,417,417,543,543,559,580,278,297,297,341,375,375,375,398,398,313,353,384,384,512,512,531,595,297,297,297,336,379,379,406,444,482,482,523,563,563,563],"floor_reached":51,"language":"ENG","playtime":1888,"items_purged":[],"score":1702,"play_id":"6ca80dff-a08a-4812-bb07-bb11a2569c08","local_time":"20210217114036","daily_mods":["SealedDeck","Heirloom","Time Dilation","Flight"],"is_ascension_mode":true,"campfire_choices":[{"data":"Bromod:PointStrike","floor":8,"key":"SMITH"},{"data":"Bromod:Maglev","floor":13,"key":"SMITH"},{"data":"Bromod:TargetCracker","floor":15,"key":"SMITH"},{"data":"Bromod:SteelCharge","floor":25,"key":"SMITH"},{"data":"Bromod:Maglev","floor":32,"key":"SMITH"},{"data":"Bromod:JaggedEdge","floor":42,"key":"SMITH"},{"data":"Bromod:Maglev","floor":49,"key":"SMITH"}],"circlet_count":0,"master_deck":["Bromod:BulletJump+1","Bromod:SteelCharge+1","Bromod:Vitality","Bromod:Vitality","Bromod:OrganShatter","Bromod:SlashDash","Bromod:OrganShatter","Bromod:SlashDash","Bromod:Vitality+1","Bromod:NoReturn","Bromod:JaggedEdge+1","Bromod:TargetCracker+1","Bromod:Intensify","Bromod:Maglev+1","Bromod:JaggedEdge","Bromod:ToxicFlight","Bromod:OrganShatter","Bromod:SlashDash","Bromod:BulletJump","Bromod:Intensify","Bromod:Maglev+1","Bromod:Berserker","Bromod:SteelCharge+1","Master of Strategy","Bromod:OrganShatter+1","Bromod:SlashDash+1","Bromod:Maglev+1"],"relics":["Bromod:Ordis","Bromod:AscarisDevice","replay:Trail_Library","Incense Burner","Golden Idol","Pocketwatch","Letter Opener","Durian","Omamori","ReplayTheSpireMod:DimensionalGlitch","Sozu","Replay:Drink Me","MerchantsRug","Anchor","OrangePellets","Unceasing Top","Divine Protection","Bottled Lightning","MealTicket","HornCleat","Bromod:ArcaneEnergize","Art of War","DollysMirror","Oddly Smooth Stone","Bronze Scales","Replay:Rubber Ducky","Onion Ring","Centennial Puzzle","Bromod:ArcaneUltimatum","Blue Doll"],"acts_visited":["Exordium","TheCity","TheBeyond"],"potions_floor_usage":[50],"damage_taken":[{"damage":0,"enemies":"Small Slimes","floor":1,"turns":2},{"damage":0,"enemies":"2 Louse","floor":2,"turns":2},{"damage":0,"enemies":"Gremlin Nob","floor":6,"turns":3},{"damage":0,"enemies":"3 Sentries","floor":7,"turns":6},{"damage":0,"enemies":"Lagavulin","floor":11,"turns":4},{"damage":0,"enemies":"Replay:BlueRogue","floor":12,"turns":4},{"damage":0,"enemies":"Lagavulin","floor":14,"turns":4},{"damage":0,"enemies":"Slime Boss","floor":16,"turns":4},{"damage":0,"enemies":"Chosen","floor":18,"turns":3},{"damage":0,"enemies":"Spheric Guardian","floor":19,"turns":3},{"damage":0,"enemies":"Chosen and Byrds","floor":21,"turns":3},{"damage":0,"enemies":"Book of Stabbing","floor":23,"turns":3},{"damage":0,"enemies":"Gremlin Leader","floor":24,"turns":4},{"damage":0,"enemies":"Sentry and Sphere","floor":27,"turns":3},{"damage":0,"enemies":"Slavers","floor":30,"turns":3},{"damage":0,"enemies":"Book of Stabbing","floor":31,"turns":3},{"damage":0,"enemies":"Collector","floor":33,"turns":5},{"damage":0,"enemies":"Orb Walker","floor":35,"turns":3},{"damage":0,"enemies":"R_Hoarder","floor":40,"turns":4},{"damage":0,"enemies":"Giant Head","floor":41,"turns":4},{"damage":0,"enemies":"Nemesis","floor":44,"turns":4},{"damage":0,"enemies":"Giant Head","floor":45,"turns":3},{"damage":0,"enemies":"Nemesis","floor":47,"turns":3},{"damage":0,"enemies":"Reptomancer","floor":48,"turns":3},{"damage":0,"enemies":"Donu and Deca","floor":50,"turns":5}],"seed_played":"-683761151768083358","potions_obtained":[{"floor":1,"key":"Bromod:HealthRestore"},{"floor":2,"key":"Cursed Concoction"},{"floor":11,"key":"Venom Potion"},{"floor":16,"key":"PowerPotion"}],"is_trial":true,"path_per_floor":["M","M","?","?","?","E","E","R","T","?","E","E","R","E","R","B",null,"M","M","$","M","$","E","E","R","T","M","?","?","E","E","R","B",null,"M","$","$","?","?","E","E","R","T","E","E","?","E","E","R","B",null],"character_chosen":"THE_EXALTED","items_purchased":["MerchantsRug","Anchor","OrangePellets","Art of War","DollysMirror"],"campfire_rested":0,"item_purchase_floors":[20,20,20,37,37],"current_hp_per_floor":[75,75,57,57,62,62,62,62,72,72,72,77,77,77,77,77,72,72,72,72,72,72,72,72,72,72,72,72,72,72,72,72,72,72,72,72,72,72,68,68,68,68,68,68,68,68,68,68,68,68],"gold":563,"neow_bonus":"","is_daily":false,"chose_seed":false,"campfire_upgraded":7,"win_rate":0.0,"timestamp":1613583636,"path_taken":["M","M","?","?","?","E","E","R","T","?","E","E","R","E","R","BOSS","M","M","$","M","$","E","E","R","T","?","?","?","E","E","R","BOSS","M","$","$","?","?","E","E","R","T","E","E","?","E","E","R","BOSS"],"items_purchased_type":["Relic","Relic","Relic","Relic","Relic"],"build_version":"2020-12-22","purchased_purges":0,"victory":true,"max_hp_per_floor":[75,75,75,75,80,80,80,80,90,90,90,95,95,95,95,95,72,72,72,72,72,72,72,72,72,72,72,72,72,72,72,72,72,72,72,72,72,72,68,68,68,68,68,68,68,68,68,68,68,68],"card_choices":[{"not_picked":["Bromod:Patagium","Bromod:Foundry"],"picked":"Bromod:OrganShatter","floor":1},{"not_picked":["Bromod:ReflexCoil","Bromod:BodyCount"],"picked":"Bromod:PointStrike","floor":2},{"not_picked":["Bromod:SlashDash","Bromod:Reflection"],"picked":"Bromod:JaggedEdge","floor":6},{"not_picked":["Bromod:Vitality","Bromod:Serration"],"picked":"Bromod:SteelCharge","floor":7},{"not_picked":["Bromod:FastHands","Bromod:QuickDraw"],"picked":"Bromod:Intensify","floor":11},{"not_picked":["Bromod:SteelCharge","Bromod:KillingBlow"],"picked":"Bromod:Maglev","floor":12},{"not_picked":["Bromod:SlashDash","Bromod:HornetStrike"],"picked":"Bromod:JaggedEdge","floor":14},{"not_picked":["Bromod:RendingStrike","Bromod:JaggedEdge"],"picked":"Bromod:ToxicFlight","floor":16},{"not_picked":["Bromod:Patagium","Bromod:BulletJump+1"],"picked":"Bromod:OrganShatter","floor":18},{"not_picked":["Bromod:BodyCount+1","Bromod:Adaptation","Bromod:Redirection"],"picked":"SKIP","floor":19},{"not_picked":["Bromod:BulletJump","Bromod:RelentlessCombination"],"picked":"Bromod:SlashDash","floor":21},{"not_picked":["Bromod:QuickDraw","Bromod:FormaBlueprint"],"picked":"Bromod:BulletJump","floor":23},{"not_picked":["Bromod:Reflection+1","Bromod:PointBlank","Bromod:SteelFiber"],"picked":"SKIP","floor":24},{"not_picked":["Bromod:FastHands+1","Bromod:SeismicWave+1","Bromod:EnergySiphon"],"picked":"SKIP","floor":27},{"not_picked":["Bromod:FocusEnergy","Bromod:SlipMagazine+1","Bromod:Reflection+1"],"picked":"SKIP","floor":30},{"not_picked":["Bromod:SeismicWave","Bromod:FinishingTouch"],"picked":"Bromod:Maglev","floor":31},{"not_picked":["Bromod:LethalTorrent","Bromod:RendingStrike"],"picked":"Bromod:Berserker","floor":33},{"not_picked":["Bromod:FormaBlueprint+1","Bromod:TargetCracker","Bromod:ShatteringImpact"],"picked":"SKIP","floor":35},{"not_picked":["Chrysalis","Deep Breath"],"picked":"Master of Strategy","floor":38},{"not_picked":["Bromod:BulletJump+1","Bromod:ShatteringImpact"],"picked":"Bromod:OrganShatter+1","floor":40},{"not_picked":["Bromod:NoReturn","Bromod:Reflection","Bromod:FormaBlueprint"],"picked":"SKIP","floor":41},{"not_picked":["Bromod:SteelFiber","Bromod:Foundry"],"picked":"Bromod:SlashDash+1","floor":44},{"not_picked":["Bromod:OrganShatter","Bromod:HornetStrike+1","Bromod:TargetCracker+1"],"picked":"SKIP","floor":45},{"not_picked":["Bromod:Reflection+1","Bromod:Redirection+1","Bromod:PressurePoint+1"],"picked":"SKIP","floor":47},{"not_picked":["Bromod:ChillingReload","Bromod:Fury+1","Bromod:QuickDraw+1"],"picked":"SKIP","floor":48}],"player_experience":552562,"relics_obtained":[{"floor":6,"key":"Pocketwatch"},{"floor":7,"key":"War Paint"},{"floor":9,"key":"Pear"},{"floor":11,"key":"Letter Opener"},{"floor":12,"key":"Durian"},{"floor":14,"key":"Omamori"},{"floor":23,"key":"Unceasing Top"},{"floor":24,"key":"Divine Protection"},{"floor":26,"key":"Bottled Lightning"},{"floor":30,"key":"MealTicket"},{"floor":31,"key":"HornCleat"},{"floor":40,"key":"Oddly Smooth Stone"},{"floor":41,"key":"Bronze Scales"},{"floor":43,"key":"Replay:Rubber Ducky"},{"floor":44,"key":"Onion Ring"},{"floor":45,"key":"Centennial Puzzle"},{"floor":47,"key":"Bromod:ArcaneUltimatum"},{"floor":48,"key":"Blue Doll"}],"event_choices":[{"damage_healed":0,"gold_gain":0,"player_choice":"Take Damage","damage_taken":18,"relics_obtained":["Golden Idol"],"max_hp_gain":0,"max_hp_loss":0,"event_name":"Golden Idol","floor":3,"gold_loss":0},{"damage_healed":0,"gold_gain":0,"player_choice":"Leave","damage_taken":0,"max_hp_gain":0,"max_hp_loss":0,"event_name":"The Cleric","floor":4,"gold_loss":0},{"damage_healed":0,"gold_gain":0,"player_choice":"Donut","damage_taken":0,"max_hp_gain":5,"max_hp_loss":0,"event_name":"Big Fish","floor":5,"gold_loss":0},{"damage_healed":0,"gold_gain":100,"player_choice":"Pray","damage_taken":0,"max_hp_gain":0,"max_hp_loss":0,"event_name":"Golden Shrine","floor":10,"gold_loss":0},{"damage_healed":0,"gold_gain":0,"player_choice":"Obtained Relic","damage_taken":0,"relics_obtained":["StrikeDummy"],"max_hp_gain":0,"max_hp_loss":0,"event_name":"Addict","floor":29,"gold_loss":85},{"damage_healed":0,"gold_gain":0,"player_choice":"Memory 1","damage_taken":0,"max_hp_gain":0,"max_hp_loss":0,"event_name":"SensoryStone","floor":38,"gold_loss":0},{"damage_healed":0,"gold_gain":0,"player_choice":"Max HP","damage_taken":0,"max_hp_gain":0,"max_hp_loss":4,"event_name":"Winding Halls","floor":39,"gold_loss":0}],"is_beta":false,"boss_relics":[{"not_picked":["Replay:Bronze Core","Astrolabe"],"picked":"Replay:Grab Bag"},{"not_picked":["ReplayTheSpireMod:Onyx Gauntlets","ChewingGum"],"picked":"ReplayTheSpireMod:DimensionalGlitch"},{"not_picked":["Busted Crown","Cursed Key"],"picked":"Sozu"},{"not_picked":["SacredBark","Snecko Heart"],"picked":"Replay:Drink Me"},{"not_picked":["Empty Cage","Black Star"],"picked":"Bromod:ArcaneEnergize"}],"items_purged_floors":[],"is_endless":false,"potions_floor_spawned":[1,2,11,12,16,18,24,30,31,41,44,47,48],"ascension_level":1}}