{"host":"ydg0vn0pu4pubmdt","time":1613543015,"event":{"mods":["AchievementEnabler","BaseMod","Colored Map","Minty Spire (QoL Compilation)","Quick Restart","SuperFastMode"],"gold_per_floor":[117,117,132,147,72,72,106,106,106,149,162,162,1,19,19,19,19],"floor_reached":16,"language":"KOR","playtime":402,"items_purged":["Strike_G"],"score":220,"play_id":"6282e45a-6a03-47e2-b3e9-c159e851c963","local_time":"20210217152335","is_ascension_mode":true,"campfire_choices":[{"data":"Flechettes","floor":6.0,"key":"SMITH"},{"data":"Concentrate","floor":12.0,"key":"SMITH"},{"floor":15.0,"key":"REST"}],"circlet_count":0,"master_deck":["AscendersBane","Strike_G","Strike_G","Strike_G","Defend_G","Defend_G","Defend_G","Defend_G","Defend_G","Survivor","Neutralize","Flechettes+1","Predator","Backstab","Calculated Gamble","Acrobatics","Concentrate+1"],"relics":["Ring of the Snake","Ninja Scroll","Golden Idol","HornCleat","Molten Egg 2","TheAbacus"],"acts_visited":["Exordium"],"potions_floor_usage":[16,16],"damage_taken":[{"damage":9.0,"enemies":"Cultist","floor":1.0,"turns":5.0},{"damage":0.0,"enemies":"2 Louse","floor":3.0,"turns":2.0},{"damage":1.0,"enemies":"Jaw Worm","floor":4.0,"turns":3.0},{"damage":14.0,"enemies":"3 Sentries","floor":7.0,"turns":7.0},{"damage":13.0,"enemies":"Lagavulin","floor":10.0,"turns":5.0},{"damage":0.0,"enemies":"Large Slime","floor":11.0,"turns":3.0},{"damage":18.0,"enemies":"Red Slaver","floor":14.0,"turns":4.0},{"damage":38,"enemies":"Slime Boss","floor":16,"turns":6}],"seed_played":"2321113083511320698","potions_obtained":[{"floor":0.0,"key":"Regen Potion"},{"floor":0.0,"key":"CultistPotion"},{"floor":7.0,"key":"LiquidBronze"},{"floor":11.0,"key":"AttackPotion"}],"is_trial":false,"path_per_floor":["M","?","M","M","$","R","E","?","T","E","M","R","$","M","R","B"],"character_chosen":"THE_SILENT","items_purchased":["TheAbacus"],"campfire_rested":1,"item_purchase_floors":[13],"current_hp_per_floor":[50,50,50,49,49,49,50,50,50,37,37,37,37,19,37,0,0],"gold":19,"neow_bonus":"THREE_SMALL_POTIONS","is_daily":false,"chose_seed":false,"campfire_upgraded":2,"win_rate":0.0,"timestamp":1613543015,"path_taken":["M","?","?","M","$","R","E","?","T","E","M","R","?","M","R","BOSS"],"items_purchased_type":["Relic"],"build_version":"2020-12-22","purchased_purges":1,"victory":false,"max_hp_per_floor":[66,66,66,66,66,66,66,60,60,60,60,60,60,60,60,60,60],"card_choices":[{"not_picked":["Heel Hook","Prepared"],"picked":"Flechettes","floor":1.0},{"not_picked":["Dagger Throw","Cloak And Dagger"],"picked":"Predator","floor":3.0},{"not_picked":["Dagger Spray","Cloak And Dagger"],"picked":"Backstab","floor":4.0},{"not_picked":["Dash","All Out Attack","Calculated Gamble"],"picked":"SKIP","floor":7.0},{"not_picked":["Dash","All Out Attack"],"picked":"Calculated Gamble","floor":7.0},{"not_picked":["Poisoned Stab+1","Quick Slash+1"],"picked":"Acrobatics","floor":10.0},{"not_picked":["Sucker Punch+1","Prepared"],"picked":"Concentrate","floor":11.0},{"not_picked":["Footwork","Deflect","Underhanded Strike+1"],"picked":"SKIP","floor":14.0},{"not_picked":["Footwork","Deflect","Underhanded Strike+1"],"picked":"SKIP","floor":14.0}],"player_experience":605343,"relics_obtained":[{"floor":7.0,"key":"Ninja Scroll"},{"floor":9.0,"key":"HornCleat"},{"floor":10.0,"key":"Molten Egg 2"}],"event_choices":[{"cards_removed":["Strike_G"],"damage_healed":0.0,"max_hp_gain":0.0,"max_hp_loss":0.0,"gold_gain":0.0,"event_name":"Purifier","player_choice":"Purged","floor":2.0,"gold_loss":0.0,"damage_taken":0.0},{"damage_healed":0.0,"max_hp_gain":0.0,"max_hp_loss":6.0,"gold_gain":0.0,"event_name":"Golden Idol","player_choice":"Lose Max HP","floor":8.0,"gold_loss":0.0,"damage_taken":0.0,"relics_obtained":["Golden Idol"]}],"is_beta":false,"boss_relics":[],"items_purged_floors":[5],"is_endless":false,"potions_floor_spawned":[3,7,11,14],"killed_by":"Slime Boss","ascension_level":20}}