{"host":"1eshbq9n813iloto","time":1613577054,"event":{"mods":["BaseMod","Better Third Choice","Hubris","Infinite Spire","Minty Spire (QoL Compilation)","StSLib"],"gold_per_floor":[111,111,130,55,55,85,98,98,98,98,117,117,137,151,151,252,252,270,19,32,32,32,32,32,42,42,42,42,42,54,65,65,169,169,183,195,213,59,77,77,77,77,77,127,137,62,78,110,110,110],"floor_reached":51,"language":"ENG","playtime":5834,"items_purged":["Strike_B","Zap","Strike_B","Strike_B","Defend_B"],"score":729,"play_id":"ef8aff13-74f0-43db-b939-79ec395f608d","local_time":"20210217105054","is_ascension_mode":false,"campfire_choices":[{"data":"Redo","floor":8,"key":"SMITH"},{"data":"Blizzard","floor":10,"key":"SMITH"},{"data":"Coolheaded","floor":12,"key":"SMITH"},{"floor":15,"key":"REST"},{"data":"Defragment","floor":23,"key":"SMITH"},{"data":"Seek","floor":28,"key":"SMITH"},{"data":"Coolheaded","floor":32,"key":"SMITH"},{"data":"Consume","floor":40,"key":"SMITH"},{"data":"Loop","floor":42,"key":"SMITH"},{"data":"Echo Form","floor":49,"key":"SMITH"}],"circlet_count":0,"master_deck":["Defend_B","Defend_B","Defend_B","Dualcast","Rebound","Blizzard+1","Hologram","Redo+1","Coolheaded+1","Defragment+1","Coolheaded+1","Seek+1","Chill+1","Defragment+1","Seek","Loop+1","Consume+1","infinitespire:Gouge","Chill","Echo Form+1"],"relics":["Cracked Core","Strawberry","Pear","SacredBark","infinitespire:Freezer","hubris:TenFootPole","Membership Card","Inserter","Medical Kit","hubris:CuriousFeather","Unceasing Top","PreservedInsect"],"acts_visited":["Exordium","TheCity","TheBeyond"],"potions_floor_usage":[11,16,18,30,50],"damage_taken":[{"damage":1,"enemies":"2 Louse","floor":1,"turns":2},{"damage":1,"enemies":"Jaw Worm","floor":3,"turns":4},{"damage":40,"enemies":"3 Sentries","floor":6,"turns":8},{"damage":0,"enemies":"Cultist","floor":7,"turns":3},{"damage":0,"enemies":"Gremlin Gang","floor":11,"turns":4},{"damage":2,"enemies":"Looter","floor":13,"turns":3},{"damage":0,"enemies":"Blue Slaver","floor":14,"turns":4},{"damage":52,"enemies":"Slime Boss","floor":16,"turns":13},{"damage":17,"enemies":"3 Byrds","floor":18,"turns":5},{"damage":3,"enemies":"Shell Parasite","floor":20,"turns":7},{"damage":9,"enemies":"Centurion and Healer","floor":25,"turns":7},{"damage":15,"enemies":"Snecko","floor":30,"turns":9},{"damage":2,"enemies":"Snake Plant","floor":31,"turns":5},{"damage":52,"enemies":"Automaton","floor":33,"turns":13},{"damage":2,"enemies":"Orb Walker","floor":35,"turns":9},{"damage":0,"enemies":"3 Shapes","floor":36,"turns":3},{"damage":2,"enemies":"Writhing Mass","floor":37,"turns":8},{"damage":2,"enemies":"4 Shapes","floor":39,"turns":5},{"damage":0,"enemies":"Mind Bloom Boss Battle","floor":44,"turns":8},{"damage":8,"enemies":"Spire Growth","floor":45,"turns":6},{"damage":0,"enemies":"3 Darklings","floor":47,"turns":3},{"damage":6,"enemies":"Nemesis","floor":48,"turns":13},{"damage":0,"enemies":"Donu and Deca","floor":50,"turns":14}],"seed_played":"-3651315651009317355","potions_obtained":[{"floor":6,"key":"EssenceOfSteel"},{"floor":11,"key":"SpeedPotion"},{"floor":14,"key":"FearPotion"},{"floor":20,"key":"SteroidPotion"},{"floor":31,"key":"FocusPotion"},{"floor":35,"key":"PotionOfCapacity"},{"floor":45,"key":"SpeedPotion"}],"is_trial":false,"path_per_floor":["M","?","M","$","?","E","M","R","T","R","M","R","M","M","R","B",null,"M","$","M","?","?","R","$","M","T","AVR","R","?","M","M","R","B",null,"M","M","M","$","M","R","?","R","T","?","M","$","M","E","R","B",null],"character_chosen":"DEFECT","items_purchased":["infinitespire:Freezer","Consume","Medical Kit"],"campfire_rested":1,"item_purchase_floors":[19,38,38],"current_hp_per_floor":[74,74,73,73,73,40,40,40,50,50,50,50,48,48,75,23,92,75,75,72,72,72,72,72,63,63,63,63,92,77,75,75,23,92,90,90,88,88,86,86,75,75,75,75,67,67,67,61,61,61],"gold":110,"neow_bonus":"REMOVE_CARD","is_daily":false,"chose_seed":false,"campfire_upgraded":9,"win_rate":0.0,"timestamp":1613577054,"path_taken":["M","?","M","$","?","E","?","R","T","R","M","R","?","M","R","BOSS","M","$","M","?","?","R","$","M","T","AVR","R","?","M","M","R","BOSS","M","M","M","$","M","R","?","R","T","?","M","$","M","E","R","BOSS"],"items_purchased_type":["Relic","Card","Relic"],"build_version":"2020-12-13","purchased_purges":5,"victory":true,"max_hp_per_floor":[75,75,75,75,75,82,82,82,92,92,92,92,92,92,92,92,92,92,92,92,92,92,92,92,92,92,92,92,92,92,92,92,92,92,92,92,92,92,92,92,92,92,92,92,92,92,92,92,92,92],"card_choices":[{"not_picked":["Auto Shields","Streamline"],"picked":"Rebound","floor":1},{"not_picked":["Compile Driver","Streamline"],"picked":"Hologram","floor":3},{"not_picked":["Consume","Rebound"],"picked":"Redo","floor":6},{"not_picked":["Melter","Chaos","Genetic Algorithm"],"picked":"SKIP","floor":7},{"not_picked":["Gash","Buffer"],"picked":"Coolheaded","floor":11},{"not_picked":["Stack","Self Repair"],"picked":"Defragment","floor":13},{"not_picked":["Redo","Conserve Battery"],"picked":"Coolheaded","floor":14},{"not_picked":["Fission","Multi-Cast"],"picked":"Seek","floor":16},{"not_picked":["Static Discharge","Stack","Steam+1"],"picked":"SKIP","floor":18},{"not_picked":["Barrage","Compile Driver"],"picked":"Chill+1","floor":20},{"not_picked":["Gash","All For One","Go for the Eyes+1"],"picked":"SKIP","floor":25},{"not_picked":["FTL","Sweeping Beam","Gash+1"],"picked":"SKIP","floor":30},{"not_picked":["Ball Lightning+1","Rebound"],"picked":"Defragment+1","floor":31},{"not_picked":["Electrodynamics","hubris:DoWhile"],"picked":"Seek","floor":33},{"not_picked":["Lockon","Barrage+1","Hologram+1"],"picked":"SKIP","floor":35},{"not_picked":["Aggregate","Darkness"],"picked":"Loop","floor":36},{"not_picked":["Ball Lightning+1","Rip and Tear","BootSequence+1"],"picked":"SKIP","floor":37},{"not_picked":["Chaos","Coolheaded","Go for the Eyes+1"],"picked":"SKIP","floor":39},{"not_picked":["infinitespire:Menacing","infinitespire:Starlight"],"picked":"infinitespire:Gouge","floor":41},{"not_picked":["Sweeping Beam","Steam"],"picked":"Chill","floor":44},{"not_picked":["Chaos","Conserve Battery","Go for the Eyes+1"],"picked":"SKIP","floor":45},{"not_picked":["Stack+1","Lockon","Hello World"],"picked":"SKIP","floor":47},{"not_picked":["Steam+1","Rebound+1"],"picked":"Echo Form","floor":48}],"player_experience":34390,"relics_obtained":[{"floor":6,"key":"Strawberry"},{"floor":9,"key":"Pear"},{"floor":26,"key":"hubris:TenFootPole"},{"floor":43,"key":"hubris:CuriousFeather"},{"floor":44,"key":"Unceasing Top"},{"floor":48,"key":"PreservedInsect"}],"event_choices":[{"damage_healed":0,"gold_gain":0,"player_choice":"Bought 0 Potions","damage_taken":0,"max_hp_gain":0,"max_hp_loss":0,"event_name":"The Woman in Blue","floor":5,"gold_loss":0},{"damage_healed":0,"gold_gain":0,"player_choice":"Ignored","damage_taken":0,"max_hp_gain":0,"max_hp_loss":0,"event_name":"Cursed Tome","floor":21,"gold_loss":0},{"damage_healed":0,"gold_gain":0,"player_choice":"Ignored","damage_taken":0,"max_hp_gain":0,"max_hp_loss":0,"event_name":"Ghosts","floor":22,"gold_loss":0},{"damage_healed":30,"gold_gain":0,"player_choice":"Heal","damage_taken":0,"max_hp_gain":0,"max_hp_loss":0,"event_name":"The Library","floor":29,"gold_loss":0},{"damage_healed":0,"gold_gain":0,"player_choice":"Fight","damage_taken":0,"max_hp_gain":0,"max_hp_loss":0,"event_name":"MindBloom","floor":44,"gold_loss":0}],"is_beta":false,"boss_relics":[{"not_picked":["hubris:HollowSoul","Astrolabe"],"picked":"SacredBark"},{"not_picked":["Nuclear Battery","hubris:ScarierMask"],"picked":"Inserter"}],"items_purged_floors":[4,19,27,38,46],"is_endless":false,"potions_floor_spawned":[6,11,14,20,31,35,45],"ascension_level":0}}