{"host":"vlqej45p0v31lhdi","time":1613548731,"event":{"mods":["AchievementEnabler","BaseMod","Bestiary","Colored Powertips","Minty Spire (QoL Compilation)","Relic Stats"],"gold_per_floor":[115,132,148,158,174,174,205,205,254,404,28,45,45,75,75,154,154,164,181,181,181],"floor_reached":20,"language":"ENG","playtime":675,"items_purged":["Doubt"],"score":353,"play_id":"44465080-59bf-431c-8135-fc7505a4b397","local_time":"20210217015851","is_ascension_mode":true,"campfire_choices":[{"data":"Whirlwind","floor":6.0,"key":"SMITH"},{"data":"Inflame","floor":8.0,"key":"SMITH"},{"floor":15.0,"key":"REST"}],"circlet_count":0,"master_deck":["AscendersBane","Strike_R","Strike_R","Strike_R","Strike_R","Strike_R","Defend_R","Defend_R","Defend_R","Defend_R","Bash","Shrug It Off","Flame Barrier","Whirlwind+1","Combust","Inflame+1","Feel No Pain","Disarm","Evolve","Clothesline","Reaper","Dual Wield","Pummel"],"relics":["Philosopher\u0027s Stone","Champion Belt","Medical Kit","StrikeDummy","Cursed Key"],"acts_visited":["Exordium","TheCity"],"potions_floor_usage":[],"damage_taken":[{"damage":0.0,"enemies":"Cultist","floor":1.0,"turns":2.0},{"damage":8.0,"enemies":"Jaw Worm","floor":2.0,"turns":3.0},{"damage":11.0,"enemies":"Small Slimes","floor":3.0,"turns":4.0},{"damage":0.0,"enemies":"2 Fungi Beasts","floor":4.0,"turns":3.0},{"damage":12.0,"enemies":"Exordium Wildlife","floor":5.0,"turns":5.0},{"damage":6.0,"enemies":"3 Sentries","floor":7.0,"turns":2.0},{"damage":2.0,"enemies":"Large Slime","floor":12.0,"turns":3.0},{"damage":25.0,"enemies":"Gremlin Nob","floor":14.0,"turns":5.0},{"damage":25.0,"enemies":"Slime Boss","floor":16.0,"turns":6.0},{"damage":11.0,"enemies":"Spheric Guardian","floor":18.0,"turns":3.0},{"damage":27.0,"enemies":"2 Thieves","floor":19.0,"turns":3.0},{"damage":38,"enemies":"Snake Plant","floor":20,"turns":2}],"seed_played":"5340245707790877098","potions_obtained":[{"floor":3.0,"key":"EssenceOfSteel"},{"floor":4.0,"key":"SteroidPotion"},{"floor":7.0,"key":"SkillPotion"},{"floor":14.0,"key":"EssenceOfSteel"},{"floor":16.0,"key":"LiquidMemories"}],"is_trial":false,"path_per_floor":["M","M","M","M","M","R","E","R","T","?","$","M","$","E","R","B",null,"M","M","M"],"character_chosen":"IRONCLAD","items_purchased":["Medical Kit","Feel No Pain","Disarm"],"campfire_rested":1,"item_purchase_floors":[11,11,11],"current_hp_per_floor":[68,60,49,49,37,37,31,31,31,31,31,29,29,4,26,1,57,46,26,0,0],"gold":181,"neow_bonus":"BOSS_RELIC","is_daily":false,"chose_seed":false,"campfire_upgraded":2,"win_rate":0.0,"timestamp":1613548731,"path_taken":["M","M","M","M","M","R","E","R","T","?","$","M","?","E","R","BOSS","M","M","?"],"items_purchased_type":["Relic","Card","Card"],"build_version":"2020-12-22","purchased_purges":1,"victory":false,"max_hp_per_floor":[75,75,75,75,75,75,75,75,75,75,75,75,75,75,75,75,75,75,75,75,75],"relic_stats":{"counters":[12,41],"Champion Belt":[3],"Medical Kit":[2],"Cursed Key":0,"obtain_stats":[{"Philosopher\u0027s Stone":0,"Champion Belt":7,"Medical Kit":11,"StrikeDummy":14,"Cursed Key":17,"Burning Blood":0},{"Philosopher\u0027s Stone":0,"Champion Belt":6,"Medical Kit":6,"StrikeDummy":8,"Cursed Key":9,"Burning Blood":0},{"Philosopher\u0027s Stone":0,"Champion Belt":19,"Medical Kit":19,"StrikeDummy":27,"Cursed Key":33,"Burning Blood":0}]},"card_choices":[{"not_picked":["Perfected Strike","Iron Wave"],"picked":"Shrug It Off","floor":1.0},{"not_picked":["Combust","Dual Wield"],"picked":"Flame Barrier","floor":2.0},{"not_picked":["Iron Wave","Armaments","Anger"],"picked":"SKIP","floor":3.0},{"not_picked":["Body Slam","Carnage"],"picked":"Whirlwind","floor":4.0},{"not_picked":["Shrug It Off","Dropkick"],"picked":"Combust","floor":5.0},{"not_picked":["Wild Strike","Pommel Strike"],"picked":"Inflame","floor":7.0},{"not_picked":["Infernal Blade","Anger"],"picked":"Evolve","floor":12.0},{"not_picked":["Heavy Blade","Clash"],"picked":"Clothesline","floor":14.0},{"not_picked":["Offering","Feed"],"picked":"Reaper","floor":16.0},{"not_picked":["Warcry","Battle Trance"],"picked":"Dual Wield","floor":18.0},{"not_picked":["Infernal Blade","Perfected Strike"],"picked":"Pummel","floor":19.0}],"player_experience":2982299,"relics_obtained":[{"floor":7.0,"key":"Champion Belt"},{"floor":14.0,"key":"StrikeDummy"}],"event_choices":[{"damage_healed":0.0,"max_hp_gain":0.0,"max_hp_loss":0.0,"gold_gain":150.0,"event_name":"Liars Game","player_choice":"AGREE","floor":10.0,"gold_loss":0.0,"damage_taken":0.0,"cards_obtained":["Doubt"]}],"is_beta":false,"boss_relics":[{"not_picked":["Mark of Pain","Runic Cube"],"picked":"Cursed Key"}],"items_purged_floors":[11],"is_endless":false,"potions_floor_spawned":[3,4,7,14,16],"killed_by":"Snake Plant","ascension_level":18}}