{"host":"wq5h7jomr5a1xww7","time":1613589824,"event":{"mods":["BaseMod","Highlight Path","Minty Spire (QoL Compilation)","Monster List Patch","Relic Stats","StSLib"],"gold_per_floor":[113,124,299,299,319,329,329,36,36,71,146,156,156,156,171,206,217,248,248,263,290,307,337,337,437,437,456,469,488,587,600,600,611,642,642,642,669,669,688,688,722,742,742,777,792,808,20,34,34,144,144,144,250,259,286,286,336,347,347,359,393,393,430,439,467,491,491,524,534,553,553,584,584,24,24,24,24,24,24,60,60],"floor_reached":82,"language":"ENG","playtime":3386,"items_purged":["Doubt"],"score":2118,"play_id":"147da5b9-497a-42a9-b30e-d2ff906daffd","local_time":"20210217132344","is_ascension_mode":true,"campfire_choices":[{"data":"Whirlwind","floor":9.0,"key":"SMITH"},{"data":"Hemokinesis","floor":13.0,"key":"SMITH"},{"data":"Carnage","floor":24.0,"key":"SMITH"},{"data":"True Grit","floor":35,"key":"SMITH"},{"data":"Disarm","floor":38,"key":"SMITH"},{"data":"Spot Weakness","floor":43,"key":"SMITH"},{"data":"Spot Weakness","floor":49,"key":"SMITH"},{"data":"Limit Break","floor":52,"key":"SMITH"},{"data":"Rupture","floor":62,"key":"SMITH"},{"floor":71,"key":"RECALL"},{"data":"Feel No Pain","floor":75,"key":"SMITH"},{"data":"Evolve","floor":78,"key":"SMITH"}],"circlet_count":0,"master_deck":["Strike_R","Strike_R","Strike_R","Strike_R","Strike_R","Defend_R","Defend_R","Defend_R+1","Defend_R","Bash+1","Cleave","Hemokinesis+1","Heavy Blade","Whirlwind+1","Exhume+1","Disarm+1","Evolve+1","Spot Weakness+1","Spot Weakness+1","Twin Strike+1","Carnage+1","Ghostly Armor","Reaper","Shrug It Off","Dark Embrace+1","True Grit+1","Reaper","Burning Pact","Power Through","Rupture+1","Limit Break+1","Fiend Fire","CurseOfTheBell","Rupture+1","Offering","Bloodletting+1","Master of Strategy","Feel No Pain+1","Feel No Pain+1"],"relics":["Burning Blood","NeowsBlessing","Oddly Smooth Stone","TungstenRod","Juzu Bracelet","The Courier","Mercury Hourglass","Magic Flower","Lantern","Ancient Tea Set","Darkstone Periapt","Coffee Dripper","PreservedInsect","Mummified Hand","CeramicFish","Bag of Marbles","Art of War","Whetstone","Anchor","Meat on the Bone","Blood Vial","MealTicket","SlaversCollar","Calling Bell","Pen Nib","Letter Opener","CaptainsWheel","Champion Belt","HornCleat","Paper Frog","Bronze Scales","Ginger","Strawberry","Chemical X","Happy Flower","War Paint","Bottled Flame","White Beast Statue"],"acts_visited":["Exordium","TheCity","TheBeyond","TheEnding"],"potions_floor_usage":[25,31,34,81,81,81],"damage_taken":[{"damage":0.0,"enemies":"Jaw Worm","floor":1.0,"turns":1.0},{"damage":0.0,"enemies":"Small Slimes","floor":2.0,"turns":1.0},{"damage":0.0,"enemies":"Cultist","floor":5.0,"turns":1.0},{"damage":17.0,"enemies":"Looter","floor":6.0,"turns":3.0},{"damage":35.0,"enemies":"Lagavulin","floor":10.0,"turns":6.0},{"damage":0.0,"enemies":"2 Fungi Beasts","floor":12.0,"turns":3.0},{"damage":6.0,"enemies":"Blue Slaver","floor":15.0,"turns":2.0},{"damage":11.0,"enemies":"3 Sentries","floor":16.0,"turns":4.0},{"damage":7.0,"enemies":"Looter","floor":17.0,"turns":3.0},{"damage":25.0,"enemies":"Lagavulin","floor":18.0,"turns":5.0},{"damage":2.0,"enemies":"Gremlin Gang","floor":20.0,"turns":2.0},{"damage":27.0,"enemies":"Gremlin Nob","floor":21.0,"turns":4.0},{"damage":12.0,"enemies":"Exordium Thugs","floor":22.0,"turns":4.0},{"damage":13.0,"enemies":"3 Sentries","floor":23.0,"turns":5.0},{"damage":1,"enemies":"Slime Boss","floor":25,"turns":3},{"damage":1,"enemies":"Chosen","floor":27,"turns":4},{"damage":4,"enemies":"Spheric Guardian","floor":28,"turns":3},{"damage":31,"enemies":"Snake Plant","floor":29,"turns":3},{"damage":6,"enemies":"Snecko","floor":31,"turns":4},{"damage":11,"enemies":"3 Cultists","floor":33,"turns":6},{"damage":29,"enemies":"Book of Stabbing","floor":34,"turns":4},{"damage":19,"enemies":"Gremlin Leader","floor":37,"turns":5},{"damage":11,"enemies":"Centurion and Healer","floor":39,"turns":5},{"damage":37,"enemies":"Book of Stabbing","floor":41,"turns":9},{"damage":17,"enemies":"Chosen and Byrds","floor":42,"turns":5},{"damage":0,"enemies":"Slavers","floor":44,"turns":1},{"damage":1,"enemies":"Shelled Parasite and Fungi","floor":45,"turns":2},{"damage":6,"enemies":"Snake Plant","floor":46,"turns":5},{"damage":2,"enemies":"Centurion and Healer","floor":48,"turns":3},{"damage":61,"enemies":"Champ","floor":50,"turns":9},{"damage":43,"enemies":"Champ","floor":53,"turns":9},{"damage":0,"enemies":"3 Darklings","floor":55,"turns":5},{"damage":25,"enemies":"Mind Bloom Boss Battle","floor":57,"turns":7},{"damage":0,"enemies":"Orb Walker","floor":58,"turns":2},{"damage":24,"enemies":"Jaw Worm Horde","floor":60,"turns":6},{"damage":14,"enemies":"Reptomancer","floor":61,"turns":7},{"damage":7,"enemies":"Giant Head","floor":63,"turns":6},{"damage":11,"enemies":"Spire Growth","floor":65,"turns":3},{"damage":0,"enemies":"Reptomancer","floor":68,"turns":3},{"damage":7,"enemies":"Sphere and 2 Shapes","floor":69,"turns":4},{"damage":2,"enemies":"Maw","floor":70,"turns":6},{"damage":8,"enemies":"Giant Head","floor":72,"turns":2},{"damage":8,"enemies":"Awakened One","floor":76,"turns":6},{"damage":0,"enemies":"Shield and Spear","floor":80,"turns":2},{"damage":62,"enemies":"The Heart","floor":81,"turns":8}],"seed_played":"-3716516852027497767","potions_obtained":[{"floor":1.0,"key":"BloodPotion"},{"floor":5.0,"key":"AttackPotion"},{"floor":10.0,"key":"Swift Potion"},{"floor":16.0,"key":"Weak Potion"},{"floor":21.0,"key":"HeartOfIron"},{"floor":22.0,"key":"SpeedPotion"},{"floor":23.0,"key":"Strength Potion"},{"floor":28,"key":"Explosive Potion"},{"floor":29,"key":"LiquidBronze"},{"floor":33,"key":"FearPotion"},{"floor":39,"key":"AttackPotion"},{"floor":45,"key":"PowerPotion"},{"floor":48,"key":"Dexterity Potion"},{"floor":68,"key":"HeartOfIron"}],"is_trial":false,"path_per_floor":["M","M","?","?","M","M","?","$","R","E","?","M","R","T","M","E","M","E","?","M","E","M","E","R","B",null,"M","M","M","?","M","?","M","E","R","?","E","R","M","T","E","M","R","E","M","M","$","M","R","B",null,"R","B",null,"M","?","?","M","?","M","E","R","E","?","M","T","T","E","M","M","R","E","?","$","R","B",null,"R","$","E","B",null],"character_chosen":"IRONCLAD","items_purchased":["TungstenRod","Whetstone","Anchor","Meat on the Bone","Rupture","Blood Vial","MealTicket","Chemical X","Happy Flower","War Paint","Bottled Flame"],"campfire_rested":0,"item_purchase_floors":[8,47,47,47,47,47,47,74,74,74,74],"current_hp_per_floor":[80,80,80,80,80,69,69,69,69,40,30,36,36,36,36,31,30,11,11,18,24,21,17,17,25,80,80,80,63,63,72,58,67,47,47,47,57,57,85,85,81,85,85,85,85,85,85,85,85,80,80,80,56,91,91,91,91,91,86,86,81,81,86,86,86,86,86,86,86,86,86,93,93,93,93,93,93,93,93,93,93],"gold":60,"neow_bonus":"THREE_ENEMY_KILL","is_daily":false,"chose_seed":false,"campfire_upgraded":11,"win_rate":0.0,"timestamp":1613589824,"path_taken":["M","M","?","?","M","M","?","$","R","E","?","M","R","T","M","E","M","E","?","M","E","M","E","R","BOSS","M","M","M","?","M","?","M","E","R","?","E","R","M","T","E","M","R","E","M","M","$","M","R","BOSS","R","BOSS","M","?","?","M","?","M","E","R","E","?","M","T","T","E","M","M","R","E","?","$","R","BOSS","R","$","E","BOSS"],"items_purchased_type":["Relic","Relic","Relic","Relic","Card","Relic","Relic","Relic","Relic","Relic","Relic"],"build_version":"2020-12-22","purchased_purges":1,"victory":true,"max_hp_per_floor":[80,80,80,80,80,80,80,80,80,80,80,80,80,80,80,80,80,80,80,80,80,80,80,80,80,80,80,80,80,80,80,85,85,85,85,85,85,85,85,85,85,85,85,85,85,85,85,85,85,85,85,85,85,91,91,91,91,91,86,86,86,86,86,86,86,86,86,86,86,86,86,93,93,93,93,93,93,93,93,93,93],"relic_stats":{"Darkstone Periapt":6,"Happy Flower":[5],"counters":[45,185],"CeramicFish":99,"Magic Flower":[137],"PreservedInsect":560,"Pen Nib":[9],"Juzu Bracelet":2,"Whetstone":["Twin Strike","Immolate"],"Letter Opener":[111],"Ginger":[6],"War Paint":["Exhume","Defend_R"],"Burning Blood":221,"Mercury Hourglass":[594],"Blood Vial":6,"Mummified Hand":[69],"Bronze Scales":[137],"MealTicket":0,"Art of War":[9],"Champion Belt":[27],"Chemical X":[5],"obtain_stats":[{"Darkstone Periapt":23,"Lantern":19,"CeramicFish":40,"Magic Flower":18,"Juzu Bracelet":10,"Whetstone":47,"Ginger":68,"Ancient Tea Set":21,"Burning Blood":0,"Blood Vial":47,"HornCleat":61,"Mummified Hand":37,"Strawberry":72,"MealTicket":47,"Chemical X":74,"Paper Frog":63,"NeowsBlessing":0,"Happy Flower":74,"Oddly Smooth Stone":7,"The Courier":14,"PreservedInsect":34,"Pen Nib":54,"Letter Opener":54,"War Paint":74,"White Beast Statue":80,"Mercury Hourglass":16,"Calling Bell":54,"SlaversCollar":51,"Anchor":47,"CaptainsWheel":54,"Bottled Flame":74,"Bronze Scales":67,"Coffee Dripper":26,"Bag of Marbles":41,"Art of War":44,"Champion Belt":57,"TungstenRod":8,"Meat on the Bone":47},{"Darkstone Periapt":14,"Lantern":10,"CeramicFish":23,"Magic Flower":10,"Juzu Bracelet":5,"Whetstone":28,"Ginger":39,"Ancient Tea Set":12,"Burning Blood":0,"Blood Vial":28,"HornCleat":36,"Mummified Hand":22,"Strawberry":42,"MealTicket":28,"Chemical X":42,"Paper Frog":37,"NeowsBlessing":0,"Happy Flower":42,"Oddly Smooth Stone":4,"The Courier":6,"PreservedInsect":21,"Pen Nib":31,"Letter Opener":31,"War Paint":42,"White Beast Statue":44,"Mercury Hourglass":8,"Calling Bell":31,"SlaversCollar":30,"Anchor":28,"CaptainsWheel":31,"Bottled Flame":42,"Bronze Scales":38,"Coffee Dripper":15,"Bag of Marbles":24,"Art of War":26,"Champion Belt":33,"TungstenRod":4,"Meat on the Bone":28},{"Darkstone Periapt":44,"Lantern":29,"CeramicFish":77,"Magic Flower":29,"Juzu Bracelet":12,"Whetstone":99,"Ginger":158,"Ancient Tea Set":35,"Burning Blood":0,"Blood Vial":99,"HornCleat":146,"Mummified Hand":72,"Strawberry":170,"MealTicket":99,"Chemical X":170,"Paper Frog":152,"NeowsBlessing":0,"Happy Flower":170,"Oddly Smooth Stone":6,"The Courier":15,"PreservedInsect":67,"Pen Nib":119,"Letter Opener":119,"War Paint":170,"White Beast Statue":177,"Mercury Hourglass":21,"Calling Bell":119,"SlaversCollar":110,"Anchor":99,"CaptainsWheel":119,"Bottled Flame":170,"Bronze Scales":155,"Coffee Dripper":47,"Bag of Marbles":86,"Art of War":92,"Champion Belt":131,"TungstenRod":6,"Meat on the Bone":99}],"TungstenRod":134,"Meat on the Bone":0},"card_choices":[{"not_picked":["Rupture","Clash"],"picked":"Cleave","floor":1.0},{"not_picked":["Flex","Body Slam"],"picked":"Hemokinesis","floor":2.0},{"not_picked":["Sword Boomerang","Clothesline"],"picked":"Heavy Blade","floor":5.0},{"not_picked":["Clash","Iron Wave"],"picked":"Whirlwind","floor":6.0},{"not_picked":["Clothesline","Dual Wield"],"picked":"Exhume","floor":12.0},{"not_picked":["Clothesline","Evolve"],"picked":"Disarm","floor":16.0},{"not_picked":["Havoc","Seeing Red"],"picked":"Evolve","floor":17.0},{"not_picked":["Inflame","Havoc"],"picked":"Spot Weakness","floor":18.0},{"not_picked":["Twin Strike","Havoc"],"picked":"Spot Weakness","floor":20.0},{"not_picked":["Body Slam","Clash"],"picked":"Twin Strike","floor":21.0},{"not_picked":["Thunderclap","Body Slam"],"picked":"Carnage","floor":22.0},{"not_picked":["Bloodletting","Havoc"],"picked":"Ghostly Armor","floor":23.0},{"not_picked":["Limit Break","Barricade"],"picked":"Reaper","floor":25},{"not_picked":["Fire Breathing+1","Clash"],"picked":"Shrug It Off","floor":27},{"not_picked":["Thunderclap","Entrench"],"picked":"Dark Embrace+1","floor":28},{"not_picked":["Havoc","Heavy Blade+1"],"picked":"True Grit","floor":29},{"not_picked":["Fire Breathing","Power Through"],"picked":"Immolate","floor":34},{"not_picked":["Intimidate+1","Disarm"],"picked":"Burning Pact","floor":39},{"not_picked":["Rage","Perfected Strike"],"picked":"Power Through","floor":42},{"not_picked":["Bludgeon","Impervious"],"picked":"Limit Break","floor":50},{"not_picked":["Bludgeon","Berserk"],"picked":"Fiend Fire","floor":53},{"not_picked":["Headbutt","Dropkick+1"],"picked":"Rupture+1","floor":55},{"not_picked":["Pommel Strike+1","Wild Strike"],"picked":"Offering","floor":61},{"not_picked":["Intimidate+1","Iron Wave"],"picked":"Bloodletting+1","floor":63},{"not_picked":["Jack Of All Trades","Flash of Steel"],"picked":"Master of Strategy","floor":64},{"not_picked":["Perfected Strike+1","Ghostly Armor"],"picked":"Feel No Pain","floor":65},{"not_picked":["Anger","Uppercut"],"picked":"Feel No Pain+1","floor":80}],"player_experience":93046,"relics_obtained":[{"floor":10.0,"key":"Juzu Bracelet"},{"floor":14.0,"key":"The Courier"},{"floor":16.0,"key":"Mercury Hourglass"},{"floor":18.0,"key":"Magic Flower"},{"floor":21.0,"key":"Ancient Tea Set"},{"floor":23.0,"key":"Darkstone Periapt"},{"floor":34,"key":"PreservedInsect"},{"floor":37,"key":"Mummified Hand"},{"floor":40,"key":"CeramicFish"},{"floor":41,"key":"Bag of Marbles"},{"floor":44,"key":"Art of War"},{"floor":54,"key":"Pen Nib"},{"floor":54,"key":"Letter Opener"},{"floor":54,"key":"CaptainsWheel"},{"floor":57,"key":"Champion Belt"},{"floor":61,"key":"HornCleat"},{"floor":63,"key":"Paper Frog"},{"floor":67,"key":"Bronze Scales"},{"floor":68,"key":"Ginger"},{"floor":72,"key":"Strawberry"},{"floor":80,"key":"White Beast Statue"}],"event_choices":[{"damage_healed":0.0,"max_hp_gain":0.0,"max_hp_loss":0.0,"gold_gain":175.0,"event_name":"Liars Game","player_choice":"AGREE","floor":3.0,"gold_loss":0.0,"damage_taken":0.0,"cards_obtained":["Doubt"]},{"damage_healed":0.0,"max_hp_gain":0.0,"max_hp_loss":0.0,"gold_gain":0.0,"event_name":"Living Wall","player_choice":"Grow","floor":4.0,"gold_loss":0.0,"damage_taken":0.0,"cards_upgraded":["Bash"]},{"damage_healed":0.0,"max_hp_gain":0.0,"max_hp_loss":0.0,"gold_gain":0.0,"event_name":"WeMeetAgain","player_choice":"Gave Potion","floor":7.0,"gold_loss":0.0,"damage_taken":0.0,"relics_obtained":["Oddly Smooth Stone"]},{"damage_healed":0.0,"max_hp_gain":0.0,"max_hp_loss":0.0,"gold_gain":75.0,"event_name":"World of Goop","player_choice":"Gather Gold","floor":11.0,"gold_loss":0.0,"damage_taken":11.0},{"damage_healed":0.0,"max_hp_gain":0.0,"max_hp_loss":0.0,"gold_gain":0.0,"event_name":"Dead Adventurer","player_choice":"Searched \u00271\u0027 times","floor":19.0,"gold_loss":0.0,"damage_taken":0.0,"relics_obtained":["Lantern"]},{"damage_healed":0,"gold_gain":99,"player_choice":"Stole From Cult","damage_taken":0,"max_hp_gain":0,"max_hp_loss":0,"event_name":"Nest","floor":30,"gold_loss":0},{"damage_healed":0,"gold_gain":0,"player_choice":"Shed Blood","damage_taken":20,"max_hp_gain":5,"max_hp_loss":0,"event_name":"Forgotten Altar","floor":32,"gold_loss":0},{"damage_healed":0,"gold_gain":0,"player_choice":"Copied","damage_taken":0,"max_hp_gain":0,"max_hp_loss":0,"event_name":"Duplicator","floor":36,"gold_loss":0,"cards_obtained":["Reaper"]},{"cards_removed":["Immolate"],"damage_healed":0,"gold_gain":0,"player_choice":"Removed Attack","damage_taken":0,"max_hp_gain":0,"max_hp_loss":0,"event_name":"Falling","floor":56,"gold_loss":0},{"damage_healed":0,"gold_gain":0,"player_choice":"Fight","damage_taken":0,"max_hp_gain":0,"max_hp_loss":0,"event_name":"MindBloom","floor":57,"gold_loss":0},{"damage_healed":0,"gold_gain":0,"player_choice":"Max HP","damage_taken":0,"max_hp_gain":0,"max_hp_loss":5,"event_name":"Winding Halls","floor":59,"gold_loss":0},{"damage_healed":0,"gold_gain":0,"player_choice":"Memory 1","damage_taken":0,"max_hp_gain":0,"max_hp_loss":0,"event_name":"SensoryStone","floor":64,"gold_loss":0},{"damage_healed":0,"gold_gain":0,"player_choice":"Bought 0 Potions","damage_taken":0,"max_hp_gain":0,"max_hp_loss":0,"event_name":"The Woman in Blue","floor":73,"gold_loss":0}],"is_beta":false,"boss_relics":[{"not_picked":["Ectoplasm","Fusion Hammer"],"picked":"Coffee Dripper"},{"not_picked":["Pandora\u0027s Box","Sozu"],"picked":"SlaversCollar"},{"not_picked":["Runic Dome","Tiny House"],"picked":"Calling Bell"}],"items_purged_floors":[47],"is_endless":false,"potions_floor_spawned":[1,5,10,16,21,22,23,28,29,33,39,44,45,46,48,50,61,65,68,70],"ascension_level":1}}