{"host":"i09pxcjttd31eh4q","time":1613570021,"event":{"mods":["AchievementEnabler","BaseMod","Colored Map","Keyboard Shortcuts","Minty Spire (QoL Compilation)","StSLib","SuperFastMode"],"gold_per_floor":[112,112,128,200,200,230,244,244,244,261,275,16,31,50,50,126,126,143,56,56,56,56,56,91,109,188,188,219,229,229,247,247,321,321,333,344,115,65,82,116,134,104,104,130,148,183,201,217,217,217,217,217],"floor_reached":51,"language":"KOR","playtime":1323,"items_purged":["Strike_G","Strike_G+1"],"score":1662,"play_id":"cbe5f8b7-ef91-406f-b07e-c85780f2de5f","local_time":"20210217225341","is_ascension_mode":true,"campfire_choices":[{"data":"Reflex","floor":8.0,"key":"SMITH"},{"data":"Blade Dance","floor":15.0,"key":"SMITH"},{"data":"Cloak And Dagger","floor":23.0,"key":"SMITH"},{"data":"Blade Dance","floor":30.0,"key":"SMITH"},{"data":"Blade Dance","floor":32,"key":"SMITH"},{"floor":49,"key":"RECALL"}],"circlet_count":0,"master_deck":["AscendersBane","Defend_G","Defend_G","Defend_G","Defend_G+1","Defend_G","Survivor","Neutralize+1","Reflex+1","Footwork","Corpse Explosion","Accuracy","Blade Dance+1","Blade Dance+1","Tactician","Blade Dance+1","Calculated Gamble+1","Reflex+1","Dodge and Roll+1","Cloak And Dagger+1","Accuracy+1","Prepared+1","Phantasmal Killer+1","Blade Dance+1","Escape Plan","Cloak And Dagger","Wraith Form v2","Acrobatics","Escape Plan","Footwork","After Image","Backflip"],"relics":["Ring of the Snake","NeowsBlessing","Ninja Scroll","Pantograph","Shuriken","Whetstone","Pear","Potion Belt","Astrolabe","Mango","Eternal Feather","Enchiridion","Blood Vial","Black Star","HornCleat","Bronze Scales","Vajra","Smiling Mask","Anchor","War Paint"],"acts_visited":["Exordium","TheCity","TheBeyond"],"potions_floor_usage":[31,33,33,40,50,51],"damage_taken":[{"damage":0.0,"enemies":"Cultist","floor":1.0,"turns":1.0},{"damage":0.0,"enemies":"Jaw Worm","floor":3.0,"turns":1.0},{"damage":0.0,"enemies":"Gremlin Nob","floor":6.0,"turns":1.0},{"damage":1.0,"enemies":"Small Slimes","floor":7.0,"turns":3.0},{"damage":4.0,"enemies":"2 Fungi Beasts","floor":10.0,"turns":2.0},{"damage":0.0,"enemies":"Exordium Wildlife","floor":11.0,"turns":2.0},{"damage":0.0,"enemies":"Gremlin Gang","floor":13.0,"turns":3.0},{"damage":0.0,"enemies":"Exordium Thugs","floor":14.0,"turns":4.0},{"damage":44.0,"enemies":"The Guardian","floor":16.0,"turns":6.0},{"damage":7.0,"enemies":"2 Thieves","floor":18.0,"turns":3.0},{"damage":14.0,"enemies":"Book of Stabbing","floor":24.0,"turns":2.0},{"damage":3.0,"enemies":"Spheric Guardian","floor":25.0,"turns":3.0},{"damage":8.0,"enemies":"Slavers","floor":28.0,"turns":2.0},{"damage":0.0,"enemies":"Chosen and Byrds","floor":29.0,"turns":3.0},{"damage":15,"enemies":"Snake Plant","floor":31,"turns":3},{"damage":2,"enemies":"Automaton","floor":33,"turns":5},{"damage":0,"enemies":"3 Shapes","floor":35,"turns":7},{"damage":0,"enemies":"Orb Walker","floor":36,"turns":1},{"damage":18,"enemies":"Spire Growth","floor":39,"turns":3},{"damage":16,"enemies":"Reptomancer","floor":40,"turns":4},{"damage":0,"enemies":"4 Shapes","floor":41,"turns":5},{"damage":36,"enemies":"Nemesis","floor":44,"turns":7},{"damage":0,"enemies":"Sphere and 2 Shapes","floor":45,"turns":2},{"damage":0,"enemies":"Reptomancer","floor":46,"turns":4},{"damage":0,"enemies":"Spire Growth","floor":47,"turns":3},{"damage":0,"enemies":"3 Darklings","floor":48,"turns":2},{"damage":61,"enemies":"Awakened One","floor":50,"turns":9},{"damage":50,"enemies":"Time Eater","floor":51,"turns":5}],"seed_played":"-540889748456519248","potions_obtained":[{"floor":1.0,"key":"CunningPotion"},{"floor":3.0,"key":"SteroidPotion"},{"floor":6.0,"key":"Fire Potion"},{"floor":7.0,"key":"Strength Potion"},{"floor":14.0,"key":"SteroidPotion"},{"floor":20.0,"key":"Ancient Potion"},{"floor":20.0,"key":"LiquidBronze"},{"floor":24.0,"key":"Strength Potion"},{"floor":29.0,"key":"CunningPotion"},{"floor":31,"key":"Dexterity Potion"},{"floor":35,"key":"Weak Potion"},{"floor":40,"key":"ColorlessPotion"},{"floor":44,"key":"SkillPotion"}],"is_trial":false,"path_per_floor":["M","?","M","T","T","E","M","R","T","M","M","$","M","M","R","B",null,"M","$","?","$","?","R","E","M","T","?","E","M","R","M","R","B",null,"M","M","$","?","M","E","M","$","T","E","M","E","M","M","R","B","B"],"character_chosen":"THE_SILENT","items_purchased":["Blade Dance","Potion Belt","Accuracy","Escape Plan","Cloak And Dagger","Acrobatics"],"campfire_rested":0,"item_purchase_floors":[12,12,19,37,37,42],"current_hp_per_floor":[59,41,41,41,41,41,40,40,50,46,46,46,46,46,46,27,64,57,57,57,57,35,35,35,32,32,11,3,5,17,4,16,41,82,84,86,86,86,70,56,58,58,58,24,26,28,30,32,50,16,0,0],"gold":217,"neow_bonus":"THREE_ENEMY_KILL","is_daily":false,"chose_seed":false,"campfire_upgraded":5,"win_rate":0.0,"timestamp":1613570021,"path_taken":["M","?","M","?","?","E","M","R","T","M","M","$","M","?","R","BOSS","M","$","?","?","?","R","E","M","T","?","E","?","R","M","R","BOSS","M","?","$","?","?","E","M","$","T","E","M","E","M","M","R","BOSS","BOSS"],"items_purchased_type":["Card","Relic","Card","Card","Card","Card"],"build_version":"2020-12-22","purchased_purges":2,"victory":false,"max_hp_per_floor":[66,66,66,66,66,66,66,66,76,76,76,76,76,76,76,76,76,76,76,76,76,81,81,95,95,95,95,95,95,95,95,95,95,95,95,95,95,95,95,95,95,95,95,95,95,95,95,95,95,95,95,95],"card_choices":[{"not_picked":["Accuracy","Poisoned Stab"],"picked":"Reflex","floor":1.0},{"not_picked":["Underhanded Strike","Choke"],"picked":"Footwork","floor":3.0},{"not_picked":["Bane","Outmaneuver"],"picked":"Corpse Explosion","floor":6.0},{"not_picked":["Deadly Poison","Crippling Poison","Distraction"],"picked":"SKIP","floor":7.0},{"not_picked":["Expertise","Reflex"],"picked":"Accuracy","floor":10.0},{"not_picked":["Choke","Deadly Poison"],"picked":"Blade Dance","floor":11.0},{"not_picked":["Flying Knee","Riddle With Holes"],"picked":"Tactician","floor":13.0},{"not_picked":["Dagger Spray","Endless Agony"],"picked":"Blade Dance","floor":14.0},{"not_picked":["Underhanded Strike","Slice"],"picked":"Cloak And Dagger","floor":18.0},{"not_picked":["Footwork","Underhanded Strike","Deadly Poison"],"picked":"SKIP","floor":24.0},{"not_picked":["Choke","Outmaneuver+1","Footwork"],"picked":"SKIP","floor":25.0},{"not_picked":["Choke","Outmaneuver+1","Footwork"],"picked":"SKIP","floor":25.0},{"not_picked":["All Out Attack","PiercingWail","Outmaneuver"],"picked":"SKIP","floor":28.0},{"not_picked":["Terror","Catalyst","Envenom"],"picked":"SKIP","floor":29.0},{"not_picked":["Deadly Poison","PiercingWail"],"picked":"Prepared","floor":31},{"not_picked":["Night Terror","Die Die Die"],"picked":"Phantasmal Killer","floor":33},{"not_picked":["Sucker Punch","Underhanded Strike+1"],"picked":"Blade Dance+1","floor":35},{"not_picked":["Poisoned Stab","Sucker Punch","Dagger Throw"],"picked":"SKIP","floor":36},{"not_picked":["Sucker Punch","Concentrate","Deadly Poison"],"picked":"SKIP","floor":39},{"not_picked":["Wraith Form v2","Sucker Punch","Outmaneuver"],"picked":"SKIP","floor":40},{"not_picked":["Sucker Punch","Outmaneuver"],"picked":"Wraith Form v2","floor":40},{"not_picked":["Quick Slash+1","Outmaneuver","Bane"],"picked":"SKIP","floor":41},{"not_picked":["Blade Dance","Well Laid Plans"],"picked":"Escape Plan","floor":44},{"not_picked":["PiercingWail","Sucker Punch"],"picked":"Footwork","floor":45},{"not_picked":["Noxious Fumes","Flechettes"],"picked":"After Image","floor":46},{"not_picked":["Dagger Throw","Endless Agony+1","Noxious Fumes+1"],"picked":"SKIP","floor":47},{"not_picked":["Bouncing Flask","Underhanded Strike"],"picked":"Backflip","floor":48}],"player_experience":918555,"relics_obtained":[{"floor":4.0,"key":"Pantograph"},{"floor":5.0,"key":"Shuriken"},{"floor":6.0,"key":"Whetstone"},{"floor":9.0,"key":"Pear"},{"floor":24.0,"key":"Mango"},{"floor":26.0,"key":"Eternal Feather"},{"floor":27.0,"key":"Enchiridion"},{"floor":28.0,"key":"Blood Vial"},{"floor":40,"key":"HornCleat"},{"floor":40,"key":"Bronze Scales"},{"floor":44,"key":"Vajra"},{"floor":44,"key":"Smiling Mask"},{"floor":46,"key":"Anchor"},{"floor":46,"key":"War Paint"}],"event_choices":[{"damage_healed":0.0,"max_hp_gain":0.0,"max_hp_loss":0.0,"gold_gain":0.0,"event_name":"Scrap Ooze","player_choice":"Success","floor":2.0,"gold_loss":0.0,"damage_taken":18.0,"relics_obtained":["Ninja Scroll"]},{"damage_healed":0.0,"max_hp_gain":0.0,"max_hp_loss":0.0,"gold_gain":0.0,"event_name":"Lab","player_choice":"Got Potions","floor":20.0,"gold_loss":0.0,"damage_taken":0.0},{"damage_healed":0.0,"max_hp_gain":5.0,"max_hp_loss":0.0,"gold_gain":0.0,"event_name":"Forgotten Altar","player_choice":"Shed Blood","floor":22.0,"gold_loss":0.0,"damage_taken":27.0},{"damage_healed":0.0,"max_hp_gain":0.0,"max_hp_loss":0.0,"gold_gain":0.0,"event_name":"Cursed Tome","player_choice":"Obtained Book","floor":27.0,"gold_loss":0.0,"damage_taken":21.0},{"damage_healed":0,"gold_gain":0,"player_choice":"Upgraded Two","damage_taken":0,"max_hp_gain":0,"max_hp_loss":0,"event_name":"Designer","floor":38,"gold_loss":50,"cards_upgraded":["Accuracy","Phantasmal Killer"]}],"is_beta":false,"boss_relics":[{"not_picked":["Velvet Choker","Sozu"],"picked":"Astrolabe"},{"not_picked":["Calling Bell","Philosopher\u0027s Stone"],"picked":"Black Star"}],"items_purged_floors":[12,37],"is_endless":false,"potions_floor_spawned":[1,3,6,7,11,14,24,29,31,35,40,44,47],"killed_by":"Time Eater","ascension_level":20}}