{"host":"vlqej45p0v31lhdi","time":1613525910,"event":{"mods":["AchievementEnabler","BaseMod","Bestiary","Colored Powertips","Minty Spire (QoL Compilation)","Relic Stats"],"gold_per_floor":[111,10,24,35,35,35,67,86,86,99,131,131,131,142,142,215,215,229,229,246,265,279,279,307,322,349,381,399,399,28,54,54,128,128,147,161,179,199,199,199,230,242,267,299,299,521,521,275,275,275],"floor_reached":51,"language":"ENG","playtime":48669,"items_purged":["Strike_R"],"score":1383,"play_id":"54dce18b-d0cd-4322-9531-f8e41a18716e","local_time":"20210216193830","is_ascension_mode":true,"campfire_choices":[{"data":"Corruption","floor":6.0,"key":"SMITH"},{"data":"Armaments","floor":12.0,"key":"SMITH"},{"data":"Bash","floor":15.0,"key":"SMITH"},{"floor":23.0,"key":"REST"},{"floor":29.0,"key":"REST"},{"data":"Feel No Pain","floor":32,"key":"SMITH"},{"data":"Inflame","floor":40,"key":"SMITH"},{"floor":45,"key":"REST"},{"floor":49,"key":"REST"}],"circlet_count":0,"master_deck":["AscendersBane","Defend_R","Defend_R","Defend_R","Defend_R","Bash+1","Corruption+1","Pommel Strike","Carnage","Impervious","Immolate","Intimidate","Clash","Armaments+1","Feed","Spot Weakness+1","Fiend Fire+1","Blood for Blood+1","Inflame+1","Headbutt","Pommel Strike","Second Wind","Sword Boomerang+1","Entrench+1","Shrug It Off+1","Disarm","Dark Shackles","Feel No Pain+1","Reaper","Iron Wave","Body Slam+1","Shockwave","Shrug It Off+1","Flash of Steel","Finesse","Finesse+1","Metallicize+1","Feed","Metallicize"],"relics":["Burning Blood","Letter Opener","Paper Frog","Ice Cream","Meat on the Bone","Astrolabe","Blood Vial","Bag of Preparation","Kunai","ClockworkSouvenir","Red Mask","Cursed Key","War Paint","Singing Bowl","Frozen Eye"],"acts_visited":["Exordium","TheCity","TheBeyond"],"potions_floor_usage":[31,33,37,41,50],"damage_taken":[{"damage":14.0,"enemies":"Jaw Worm","floor":1.0,"turns":4.0},{"damage":21.0,"enemies":"Small Slimes","floor":3.0,"turns":4.0},{"damage":1.0,"enemies":"Cultist","floor":4.0,"turns":4.0},{"damage":20.0,"enemies":"Lagavulin","floor":7.0,"turns":6.0},{"damage":7.0,"enemies":"Exordium Wildlife","floor":8.0,"turns":4.0},{"damage":0.0,"enemies":"3 Louse","floor":10.0,"turns":3.0},{"damage":12.0,"enemies":"3 Sentries","floor":11.0,"turns":5.0},{"damage":8.0,"enemies":"Large Slime","floor":14.0,"turns":4.0},{"damage":19.0,"enemies":"Hexaghost","floor":16.0,"turns":8.0},{"damage":44.0,"enemies":"Shell Parasite","floor":18.0,"turns":4.0},{"damage":23.0,"enemies":"2 Thieves","floor":20.0,"turns":4.0},{"damage":34.0,"enemies":"Cultist and Chosen","floor":21.0,"turns":5.0},{"damage":16.0,"enemies":"Snecko","floor":22.0,"turns":4.0},{"damage":36.0,"enemies":"Book of Stabbing","floor":24.0,"turns":5.0},{"damage":15.0,"enemies":"Snake Plant","floor":25.0,"turns":5.0},{"damage":0.0,"enemies":"Gremlin Leader","floor":27.0,"turns":6.0},{"damage":49.0,"enemies":"Shelled Parasite and Fungi","floor":28.0,"turns":6.0},{"damage":36,"enemies":"Masked Bandits","floor":31,"turns":6},{"damage":11,"enemies":"Champ","floor":33,"turns":8},{"damage":0,"enemies":"3 Darklings","floor":35,"turns":4},{"damage":19,"enemies":"3 Shapes","floor":36,"turns":5},{"damage":31,"enemies":"Transient","floor":37,"turns":6},{"damage":33,"enemies":"4 Shapes","floor":38,"turns":6},{"damage":34,"enemies":"Reptomancer","floor":41,"turns":3},{"damage":26,"enemies":"Writhing Mass","floor":42,"turns":6},{"damage":32,"enemies":"Nemesis","floor":44,"turns":7},{"damage":77,"enemies":"Time Eater","floor":50,"turns":11}],"seed_played":"1372075317564850805","potions_obtained":[{"floor":3.0,"key":"Ancient Potion"},{"floor":4.0,"key":"AttackPotion"},{"floor":10.0,"key":"BlessingOfTheForge"},{"floor":14.0,"key":"ColorlessPotion"},{"floor":21.0,"key":"FearPotion"},{"floor":24.0,"key":"Block Potion"},{"floor":25.0,"key":"AttackPotion"},{"floor":28.0,"key":"CultistPotion"},{"floor":31,"key":"ElixirPotion"},{"floor":35,"key":"FairyPotion"},{"floor":38,"key":"PowerPotion"},{"floor":44,"key":"DistilledChaos"}],"is_trial":false,"path_per_floor":["M","$","M","M","?","R","E","M","T","M","E","R","?","M","R","B",null,"M","?","M","M","M","R","E","M","T","E","M","R","$","?","R","B",null,"M","M","M","M","?","R","E","M","T","E","R","?","?","$","R","B",null],"character_chosen":"IRONCLAD","items_purchased":["Pommel Strike","ClockworkSouvenir","Disarm","Dark Shackles","Weak Potion","Frozen Eye","Metallicize"],"campfire_rested":4,"item_purchase_floors":[2,30,30,30,30,48,48],"current_hp_per_floor":[42,42,27,32,57,57,43,42,42,48,42,42,24,34,34,33,65,39,39,37,24,26,50,32,40,40,60,34,60,60,48,48,57,83,91,81,68,86,76,76,66,62,62,53,82,82,82,82,94,35],"gold":275,"neow_bonus":"THREE_RARE_CARDS","is_daily":false,"chose_seed":false,"campfire_upgraded":5,"win_rate":0.0,"timestamp":1613525910,"path_taken":["M","$","M","M","?","R","E","M","T","M","E","R","?","M","R","BOSS","M","?","M","M","M","R","E","?","T","E","M","R","$","?","R","BOSS","M","M","M","M","?","R","E","M","T","E","R","?","?","$","R","BOSS"],"items_purchased_type":["Card","Relic","Card","Card","Potion","Relic","Card"],"build_version":"2020-12-22","purchased_purges":1,"victory":true,"max_hp_per_floor":[75,75,75,75,75,75,75,75,75,75,75,75,75,75,75,75,75,75,75,78,81,81,81,81,84,84,84,87,87,87,91,91,91,91,91,94,94,94,94,94,94,94,94,97,97,97,94,94,94,94],"relic_stats":{"Blood Vial":22,"Singing Bowl":0,"counters":[27,143],"Astrolabe":["Spot Weakness","Fiend Fire","Blood for Blood"],"Bag of Preparation":[24],"Letter Opener":[197],"Kunai":[13],"War Paint":["Finesse","Shrug It Off"],"Cursed Key":1,"obtain_stats":[{"Ice Cream":11,"Singing Bowl":44,"Astrolabe":17,"Bag of Preparation":26,"Letter Opener":7,"War Paint":41,"Cursed Key":34,"Burning Blood":0,"ClockworkSouvenir":30,"Blood Vial":24,"Frozen Eye":48,"Red Mask":31,"Kunai":27,"Paper Frog":9,"Meat on the Bone":13},{"Ice Cream":7,"Singing Bowl":26,"Astrolabe":9,"Bag of Preparation":15,"Letter Opener":4,"War Paint":24,"Cursed Key":19,"Burning Blood":0,"ClockworkSouvenir":17,"Blood Vial":14,"Frozen Eye":26,"Red Mask":18,"Kunai":16,"Paper Frog":5,"Meat on the Bone":7},{"Ice Cream":30,"Singing Bowl":132,"Astrolabe":42,"Bag of Preparation":69,"Letter Opener":18,"War Paint":119,"Cursed Key":95,"Burning Blood":0,"ClockworkSouvenir":81,"Blood Vial":64,"Frozen Eye":132,"Red Mask":87,"Kunai":75,"Paper Frog":22,"Meat on the Bone":30}],"Burning Blood":156,"Meat on the Bone":180},"card_choices":[{"not_picked":["Limit Break","Barricade"],"picked":"Corruption","floor":0.0},{"not_picked":["Flex","Perfected Strike","Warcry"],"picked":"SKIP","floor":1.0},{"not_picked":["Wild Strike","Havoc"],"picked":"Carnage","floor":3.0},{"not_picked":["Body Slam","Perfected Strike"],"picked":"Impervious","floor":4.0},{"not_picked":["Entrench","Fire Breathing"],"picked":"Immolate","floor":7.0},{"not_picked":["Combust","Perfected Strike"],"picked":"Intimidate","floor":8.0},{"not_picked":["Perfected Strike","Body Slam"],"picked":"Clash","floor":10.0},{"not_picked":["Flex","Rupture"],"picked":"Armaments","floor":11.0},{"not_picked":["Flex","Heavy Blade","Pommel Strike"],"picked":"SKIP","floor":14.0},{"not_picked":["Bludgeon","Double Tap"],"picked":"Feed","floor":16.0},{"not_picked":["Rupture","Anger"],"picked":"Inflame","floor":18.0},{"not_picked":["Rampage","Perfected Strike"],"picked":"Headbutt","floor":20.0},{"not_picked":["Carnage","Entrench","Anger"],"picked":"SKIP","floor":21.0},{"not_picked":["Warcry","Rage"],"picked":"Pommel Strike","floor":22.0},{"not_picked":["Demon Form","Combust"],"picked":"Second Wind","floor":24.0},{"not_picked":["Cleave","Flex"],"picked":"Sword Boomerang+1","floor":25.0},{"not_picked":["Body Slam","Clothesline"],"picked":"Entrench+1","floor":27.0},{"not_picked":["Twin Strike","Heavy Blade"],"picked":"Shrug It Off","floor":28.0},{"not_picked":["Seeing Red","Iron Wave"],"picked":"Feel No Pain","floor":31},{"not_picked":["Demon Form","Berserk"],"picked":"Reaper","floor":33},{"not_picked":["Whirlwind","Heavy Blade"],"picked":"Iron Wave","floor":35},{"not_picked":["Pommel Strike+1","Hemokinesis"],"picked":"Body Slam+1","floor":36},{"not_picked":["Armaments+1","Sword Boomerang+1"],"picked":"Shockwave","floor":37},{"not_picked":["Havoc","Clash"],"picked":"Shrug It Off+1","floor":38},{"not_picked":["The Bomb","Swift Strike"],"picked":"Flash of Steel","floor":39},{"not_picked":["Mayhem","Impatience"],"picked":"Finesse","floor":39},{"not_picked":["Swift Strike","Good Instincts"],"picked":"Finesse","floor":39},{"not_picked":["Thunderclap","Headbutt"],"picked":"Metallicize+1","floor":41},{"not_picked":["Havoc","Pommel Strike","Sword Boomerang"],"picked":"SKIP","floor":42},{"not_picked":["Rage+1","Evolve"],"picked":"Feed","floor":44}],"player_experience":2914358,"relics_obtained":[{"floor":7.0,"key":"Letter Opener"},{"floor":9.0,"key":"Paper Frog"},{"floor":11.0,"key":"Ice Cream"},{"floor":24.0,"key":"Blood Vial"},{"floor":26.0,"key":"Bag of Preparation"},{"floor":27.0,"key":"Kunai"},{"floor":31,"key":"Red Mask"},{"floor":41,"key":"War Paint"},{"floor":44,"key":"Singing Bowl"}],"event_choices":[{"damage_healed":25.0,"max_hp_gain":0.0,"max_hp_loss":0.0,"gold_gain":0.0,"event_name":"Big Fish","player_choice":"Banana","floor":5.0,"gold_loss":0.0,"damage_taken":0.0},{"damage_healed":0.0,"max_hp_gain":0.0,"max_hp_loss":0.0,"gold_gain":0.0,"event_name":"Scrap Ooze","player_choice":"Success","floor":13.0,"gold_loss":0.0,"damage_taken":18.0,"relics_obtained":["Meat on the Bone"]},{"cards_removed":["Strike_R"],"damage_healed":0.0,"max_hp_gain":0.0,"max_hp_loss":0.0,"gold_gain":0.0,"event_name":"Purifier","player_choice":"Purged","floor":19.0,"gold_loss":0.0,"damage_taken":0.0},{"damage_healed":0,"gold_gain":0,"player_choice":"Fought Bandits","damage_taken":0,"max_hp_gain":0,"max_hp_loss":0,"event_name":"Masked Bandits","floor":31,"gold_loss":0},{"damage_healed":0,"gold_gain":0,"player_choice":"Memory 3","damage_taken":10,"max_hp_gain":0,"max_hp_loss":0,"event_name":"SensoryStone","floor":39,"gold_loss":0},{"damage_healed":0,"gold_gain":222,"player_choice":"Wore Mask","damage_taken":0,"max_hp_gain":0,"max_hp_loss":0,"event_name":"Tomb of Lord Red Mask","floor":46,"gold_loss":0},{"cards_removed":["Parasite"],"damage_healed":0,"gold_gain":0,"player_choice":"Removed Curses","damage_taken":0,"max_hp_gain":0,"max_hp_loss":0,"event_name":"Fountain of Cleansing","floor":47,"gold_loss":0}],"is_beta":false,"boss_relics":[{"not_picked":["Empty Cage","Black Star"],"picked":"Astrolabe"},{"not_picked":["Calling Bell","Philosopher\u0027s Stone"],"picked":"Cursed Key"}],"items_purged_floors":[2],"is_endless":false,"potions_floor_spawned":[3,4,10,14,21,24,25,28,31,35,38,44],"ascension_level":17}}