{"host":"dwyzfvnzfcqffr30","time":1613551909,"event":{"mods":["2.2 Compatiblity","Act Like it!","Aspiration","BaseMod","Beaked The Cultist","Better Altar","Better Match","Better Note","Better Sensory Stone","Better Skull","Better Third Choice","Clockwork Mod","Colored Map","Colored Powertips","Conspire","Downfall","Elementarium","GifTheSpireLib","Halation","Hermit","Hubris","Infinite Spire","Ironclad Rager","Jedi Mod","Menagerie","Mimic Mod","Minty Spire (QoL Compilation)","Permanent Neow","Random Character Button","Relic Filter Mod","Reliquary","Replay The Spire","Shapeshifter Mod","Spicy Shops","Spikes Relics","StSLib","Stuff the Spire","The Construct","The Disciple","The Druid","The Marked","TheFirefly","Trackpad","Wandering Minibosses"],"gold_per_floor":[230,261,6,17,31,31,59,59,290,290,290,334,334,369,369,493,493,537,0,13,13,13,28,56,56,56,88,113,155,155,155,155,263,263,300,337,69,69,129,129,178,178,203,52,100,445,445,491,491,501,501,501,22,68,140],"floor_reached":56,"language":"ENG","playtime":4705,"items_purged":["Doubt","Shame","StSShapeShifter:ShapeShifter_Strike+1","StSShapeShifter:ShapeShifter_Strike+1","StSShapeShifter:Tortoise_Form+1","StSShapeShifter:Lynx_Form+1"],"score":1344,"play_id":"5f8708db-1c15-45ec-94cd-d01730404f89","local_time":"20210217005149","is_ascension_mode":false,"campfire_choices":[{"floor":6.0,"key":"RECALL"},{"data":"StSShapeShifter:BurstingSpore+1","floor":8.0,"key":"SMITH"},{"data":"StSShapeShifter:BurstingSpore+2","floor":10.0,"key":"SMITH"},{"floor":15.0,"key":"REST"},{"floor":30.0,"key":"REST"},{"floor":32.0,"key":"REST"},{"data":"StSShapeShifter:BarkSkin+1","floor":40,"key":"SMITH"},{"data":"StSShapeShifter:AdaptiveStrikes+1","floor":49,"key":"SMITH"},{"data":"StSShapeShifter:FruitBasket+1","floor":52,"key":"SMITH"}],"circlet_count":0,"master_deck":["StSShapeShifter:Summer+1","StSShapeShifter:ShapeShifter_Defend+1","StSShapeShifter:ShapeShifter_Defend+1","StSShapeShifter:ShapeShifter_Defend+1","StSShapeShifter:ShapeShifter_Defend+1","MasterReality+1","Apotheosis+1","StSShapeShifter:VineHandcuffs+1","StSShapeShifter:AdaptiveStrikes+2","StSShapeShifter:FruitBasket+2","StSShapeShifter:BurstingSpore+3","StSShapeShifter:BladeOfGrass+1","StSShapeShifter:FesteringBite+1","StSShapeShifter:RockSlide+1","StSShapeShifter:BurrBomb+1","StSShapeShifter:BarkSkin+2","StSShapeShifter:Sap_Burst+1","StSShapeShifter:BarkSkin+2","StSShapeShifter:Synchronicity+1"],"relics":["StSShapeShifter:AnimalHeart","StSShapeShifter:TheShapeShiftersMagnolia","Bottled Tornado","halation:Prosthetics","hubris:TinFlute","conspire:InfiniteJournal","infinitespire:EvilPickle","Quantum Egg","Frozen Egg 2","Molten Egg 2","Toxic Egg 2","StuffTheSpire:Tea","reliquary:Boomerang","hubris:DisguiseKit","aspiration:FrozenJewel","Torii","Empty Cage","StSShapeShifter:EmeraldPantherFigurine","ExplosiveVial","Cauldron","sneckomod:BlankCard","hubris:SphereOfDissonance","Kunai","ReplayTheSpireMod:TigerMarble","conspire:Flyswatter","Happy Flower","StSShapeShifter:LemurHeaddress","reliquary:RedCape","halation:IllGainedPizza","jedi:gremlinknob","SpikesRelics:ToyHorsey","hubris:Icosahedron","Toy Ornithopter","reliquary:Knoch","jedi:shrinkray","wanderingMiniBosses:LockLocket","Membership Card","Strawberry","trackpad:WondrousWand","trackpad:HandOfMidas","trackpad:ZombieHeart"],"acts_visited":[],"potions_floor_usage":[46,50,50],"damage_taken":[{"damage":0.0,"enemies":"Cultist","floor":1.0,"turns":3.0},{"damage":3.0,"enemies":"2 Louse","floor":2.0,"turns":2.0},{"damage":0.0,"enemies":"Small Slimes","floor":4.0,"turns":1.0},{"damage":0.0,"enemies":"Blue Slaver","floor":5.0,"turns":1.0},{"damage":7.0,"enemies":"Gremlin Nob","floor":7.0,"turns":4.0},{"damage":1.0,"enemies":"2 Fungi Beasts","floor":9.0,"turns":7.0},{"damage":0.0,"enemies":"Lagavulin","floor":12.0,"turns":6.0},{"damage":0.0,"enemies":"2 Fungi Beasts","floor":14.0,"turns":2.0},{"damage":1.0,"enemies":"Fading Forest","floor":16.0,"turns":11.0},{"damage":14.0,"enemies":"3 Byrds","floor":18.0,"turns":4.0},{"damage":16.0,"enemies":"2 Thieves","floor":20.0,"turns":2.0},{"damage":2.0,"enemies":"Sentry and Sphere","floor":23.0,"turns":5.0},{"damage":6.0,"enemies":"Book of Stabbing","floor":24.0,"turns":6.0},{"damage":3.0,"enemies":"Replay:Snechameleon","floor":27.0,"turns":3.0},{"damage":6.0,"enemies":"Slavers","floor":29.0,"turns":3.0},{"damage":20.0,"enemies":"Automaton","floor":33.0,"turns":9.0},{"damage":0.0,"enemies":"3 Darklings","floor":35.0,"turns":6.0},{"damage":0,"enemies":"Orb Walker","floor":36,"turns":3},{"damage":0,"enemies":"Mind Bloom Boss Battle","floor":39,"turns":7},{"damage":0,"enemies":"beaked:SuperParasite","floor":41,"turns":5},{"damage":2,"enemies":"R_Hoarder","floor":45,"turns":8},{"damage":7,"enemies":"4 Shapes","floor":46,"turns":6},{"damage":0,"enemies":"Spire Growth","floor":48,"turns":1},{"damage":41,"enemies":"hubris:GrandSnecko","floor":50,"turns":7},{"damage":32,"enemies":"Shield and Spear","floor":54,"turns":6},{"damage":7,"enemies":"The Heart","floor":55,"turns":8}],"seed_played":"7866577418618023902","potions_obtained":[{"floor":4.0,"key":"DistilledChaos"},{"floor":5.0,"key":"Swift Potion"},{"floor":7.0,"key":"Block Potion"},{"floor":12.0,"key":"SpeedPotion"},{"floor":14.0,"key":"PowerPotion"},{"floor":19.0,"key":"AttackPotion"},{"floor":19.0,"key":"CultistPotion"},{"floor":19.0,"key":"Explosive Potion"},{"floor":22.0,"key":"Elixir"},{"floor":27.0,"key":"Fire Potion"},{"floor":29.0,"key":"champ:CounterPotion"},{"floor":33.0,"key":"Milkshake"},{"floor":39,"key":"champ:CounterPotion"},{"floor":41,"key":"Regen Potion"},{"floor":46,"key":"BlessingOfTheForge"}],"is_trial":false,"path_per_floor":["M","M","$","M","M","R","E","R","MIM","R","?","E","?","M","R","B",null,"M","$","M","?","?","M","E","?","T","E","T","E","R","AVR","R","B",null,"M","M","$","?","?","R","E","?","T","$","E","M","?","M","R","B",null,"R","$","E","B",null],"character_chosen":"SHAPESHIFTER","items_purchased":["StuffTheSpire:Tea","StSShapeShifter:EmeraldPantherFigurine","ExplosiveVial","Cauldron","halation:IllGainedPizza","reliquary:Knoch","Membership Card","Strawberry","trackpad:WondrousWand","trackpad:HandOfMidas"],"campfire_rested":3,"item_purchase_floors":[3,19,19,19,37,44,53,53,53,53],"current_hp_per_floor":[43,40,40,40,40,40,33,33,35,35,35,35,35,35,43,42,43,29,29,13,13,13,11,8,8,8,5,5,10,22,22,34,17,43,43,43,43,43,43,43,43,43,43,43,43,36,36,40,40,29,43,43,50,24,40],"gold":140,"neow_bonus":"HUNDRED_GOLD","is_daily":false,"chose_seed":false,"campfire_upgraded":5,"win_rate":0.0,"timestamp":1613551909,"path_taken":["M","M","?","?","M","R","E","R","MIM","R","?","E","?","?","R","BOSS","M","$","M","?","?","?","E","?","T","E","?","E","R","AVR","R","BOSS","M","M","$","?","?","R","E","?","T","$","E","M","?","M","R","BOSS","R","$","E","BOSS"],"items_purchased_type":["Relic","Relic","Relic","Relic","Relic","Relic","Relic","Relic","Relic","Relic"],"build_version":"2020-12-22","purchased_purges":6,"victory":true,"max_hp_per_floor":[43,43,43,43,43,43,43,43,43,43,43,43,43,43,43,43,43,43,43,43,43,43,43,43,43,43,43,43,43,43,43,43,43,43,43,43,43,43,43,43,43,43,43,43,43,43,43,43,43,43,43,43,50,50,51],"card_choices":[{"not_picked":["StSShapeShifter:ThornToss+1","StSShapeShifter:CursedApple+1"],"picked":"StSShapeShifter:VineHandcuffs+1","floor":1.0},{"not_picked":["StSShapeShifter:Guard+1","StSShapeShifter:VineHandcuffs+1"],"picked":"StSShapeShifter:AdaptiveStrikes+1","floor":2.0},{"not_picked":["StSShapeShifter:OpportuneSwoop+1","StSShapeShifter:ThrashAbout+1"],"picked":"StSShapeShifter:FruitBasket+1","floor":4.0},{"not_picked":["StSShapeShifter:FlamingoForm+1","StSShapeShifter:EntForm+1"],"picked":"StSShapeShifter:BurstingSpore+1","floor":5.0},{"not_picked":["StSShapeShifter:OakBlade+1","StSShapeShifter:Guard+1"],"picked":"StSShapeShifter:BladeOfGrass+1","floor":7.0},{"not_picked":["StSShapeShifter:FallingLeaves+1","StSShapeShifter:Efflorescence+1"],"picked":"StSShapeShifter:FesteringBite+1","floor":9.0},{"not_picked":["StSShapeShifter:ShiftingStrike+1","StSShapeShifter:Uproot_Redwood+1","StSShapeShifter:IntimidatingAura+1","theDruid:Thornburst"],"picked":"SKIP","floor":12.0},{"not_picked":["StSShapeShifter:Evolution+1","StSShapeShifter:BladeOfGrass+1","theDruid:IronClaw"],"picked":"StSShapeShifter:RockSlide+1","floor":14.0},{"not_picked":["StSShapeShifter:PowerShifter+1","StSShapeShifter:LionForm+1","theDruid:SerratedFlesh"],"picked":"StSShapeShifter:BurrBomb+1","floor":16.0},{"not_picked":["StSShapeShifter:Roar+1","StSShapeShifter:FruitBasket+1","StSShapeShifter:CosmicShifter+1","theDruid:Resupply"],"picked":"SKIP","floor":18.0},{"not_picked":["StSShapeShifter:Maul+1","StSShapeShifter:BearForm+1","StSShapeShifter:AdaptiveStrikes+1","theDruid:ThickHide"],"picked":"SKIP","floor":20.0},{"not_picked":["StSShapeShifter:BurstingSpore+1","StSShapeShifter:IntimidatingAura+1","StSShapeShifter:BarkSkin+1","theDruid:ExposingSlash"],"picked":"SKIP","floor":23.0},{"not_picked":["StSShapeShifter:Summon_Mountains+1","StSShapeShifter:Maul+1","StSShapeShifter:DeerForm+1","theDruid:ThornStrike"],"picked":"SKIP","floor":24.0},{"not_picked":["StSShapeShifter:AdaptiveStrikes+1","StSShapeShifter:MonkeyForm+1","theDruid:Gore"],"picked":"StSShapeShifter:BarkSkin+1","floor":27.0},{"not_picked":["StSShapeShifter:Mystical_Branch+1","StSShapeShifter:ShiftingStrike+1","StSShapeShifter:Roar+1","theDruid:TwilightsCall"],"picked":"SKIP","floor":29.0},{"not_picked":["StSShapeShifter:WolfsBane+1","StSShapeShifter:Summer+1","theDruid:HailofThorns"],"picked":"StSShapeShifter:Sap_Burst+1","floor":33.0},{"not_picked":["StSShapeShifter:HippoForm+1","StSShapeShifter:BarkSkin+1","StSShapeShifter:WolfForm+1","theDruid:TakeShelter"],"picked":"SKIP","floor":35.0},{"not_picked":["StSShapeShifter:ThornToss+1","StSShapeShifter:MonkeyForm+1","theDruid:BloodiedFur"],"picked":"StSShapeShifter:BarkSkin+1","floor":36},{"not_picked":["StSShapeShifter:Evolution+1","StSShapeShifter:RockSlide+1","theDruid:TakeShelter"],"picked":"StSShapeShifter:Synchronicity+1","floor":41},{"not_picked":["StSShapeShifter:Tornado+1","StSShapeShifter:EagleForm+1","StSShapeShifter:OakBlade+1","theDruid:Gore"],"picked":"SKIP","floor":45},{"not_picked":["StSShapeShifter:ThornToss+1","StSShapeShifter:ThrashAbout+1","StSShapeShifter:BloomingSlash+1","theDruid:SpiritCall"],"picked":"SKIP","floor":46},{"not_picked":["StSShapeShifter:AdaptiveStrikes+1","StSShapeShifter:VineHandcuffs+1","StSShapeShifter:Sapling+1","theDruid:TwilightsCall"],"picked":"SKIP","floor":48},{"not_picked":["StSShapeShifter:ShiftingStrike+1","StSShapeShifter:Flourish+1","StSShapeShifter:BladeOfGrass+1","theDruid:ThornStrike"],"picked":"SKIP","floor":54}],"player_experience":3225146,"relics_obtained":[{"floor":7.0,"key":"reliquary:Boomerang"},{"floor":12.0,"key":"aspiration:FrozenJewel"},{"floor":24.0,"key":"sneckomod:BlankCard"},{"floor":26.0,"key":"hubris:SphereOfDissonance"},{"floor":27.0,"key":"Kunai"},{"floor":28.0,"key":"ReplayTheSpireMod:TigerMarble"},{"floor":29.0,"key":"conspire:Flyswatter"},{"floor":39,"key":"jedi:gremlinknob"},{"floor":41,"key":"SpikesRelics:ToyHorsey"},{"floor":43,"key":"Toy Ornithopter"},{"floor":45,"key":"jedi:shrinkray"},{"floor":46,"key":"wanderingMiniBosses:LockLocket"},{"floor":54,"key":"trackpad:ZombieHeart"}],"event_choices":[{"damage_healed":0.0,"max_hp_gain":0.0,"max_hp_loss":10.0,"gold_gain":0.0,"event_name":"betterThird:BetterWriting","player_choice":"Simplicity","floor":0.0,"gold_loss":0.0,"damage_taken":0.0},{"damage_healed":0.0,"max_hp_gain":0.0,"max_hp_loss":0.0,"gold_gain":0.0,"event_name":"WeMeetAgain","player_choice":"Gave Potion","floor":13.0,"gold_loss":0.0,"damage_taken":0.0,"relics_obtained":["Torii"]},{"cards_removed":["StSShapeShifter:ShapeShifter_Strike"],"damage_healed":0.0,"max_hp_gain":0.0,"max_hp_loss":0.0,"gold_gain":0.0,"event_name":"Bonfire Elementals","player_choice":"Offered Basic","floor":21.0,"gold_loss":0.0,"damage_taken":0.0},{"damage_healed":0.0,"max_hp_gain":0.0,"max_hp_loss":0.0,"gold_gain":0.0,"event_name":"Lab","player_choice":"Got Potions","floor":22.0,"gold_loss":0.0,"damage_taken":0.0},{"cards_removed":["StSShapeShifter:ShapeShifter_Strike"],"damage_healed":0.0,"max_hp_gain":0.0,"max_hp_loss":0.0,"gold_gain":0.0,"event_name":"Purifier","player_choice":"Purged","floor":25.0,"gold_loss":0.0,"damage_taken":0.0},{"damage_healed":0,"gold_gain":0,"player_choice":"Fight","damage_taken":0,"max_hp_gain":0,"max_hp_loss":0,"event_name":"MindBloom","floor":39,"gold_loss":0},{"damage_healed":0,"gold_gain":0,"player_choice":"Forge","damage_taken":0,"max_hp_gain":0,"max_hp_loss":0,"event_name":"Accursed Blacksmith","floor":47,"gold_loss":0,"cards_upgraded":["StSShapeShifter:BarkSkin"]}],"is_beta":false,"boss_relics":[{"not_picked":["construct:WeddingRing","Cursed Key"],"picked":"Empty Cage"},{"not_picked":["halation:Yufonium","reliquary:WritOfMandamus"],"picked":"reliquary:RedCape"}],"items_purged_floors":[19,19,31,37,53,53],"is_endless":false,"potions_floor_spawned":[4,5,7,12,14,16,23,27,29,33,39,41,46,48],"ascension_level":0}}