{"host":"7oiwk103j2prpym5","time":1613570243,"event":{"mods":["BaseMod","BetterRewards","Colored Map","Colored Powertips","GifTheSpireLib","Infinite Spire","Minty Spire (QoL Compilation)","Permanent Neow","Relic Filter Mod","Reliquary","Remove Card Discount Mod","Replay The Spire","StSLib","Stuff the Spire","Weighted Paths"],"gold_per_floor":[111,111,130,23,35,66,66,94,149,169,198,208,238,254,254,353,353,368,383,383,393,393,393],"floor_reached":22,"language":"ENG","playtime":1497,"items_purged":["Strike_G","Defend_G","ReplayTheSpireMod:Doomed","Strike_G","Defend_G"],"score":239,"play_id":"5a3b1c60-da63-4f13-9b7b-434398e7bdeb","local_time":"20210217075723","is_ascension_mode":true,"campfire_choices":[{"floor":7,"key":"REST"},{"floor":15,"key":"REST"}],"circlet_count":0,"master_deck":["Strike_G","Strike_G","Strike_G","Defend_G","Defend_G","Defend_G","Survivor","Neutralize","Corpse Explosion","StuffTheSpire:BrimstoneBlast","Catalyst","Deadly Poison+1","Flying Knee","StuffTheSpire:Sprint","Blade Dance","StuffTheSpire:Injection","ReplayTheSpireMod:Scrap Shanks","Burst","Dagger Throw","Bane","Toxin Wave","After Image","Dagger Spray+1","Outmaneuver","PiercingWail"],"relics":["Ring of the Snake","Replay:Bottled Eggs","Replay:Wax Seal","StuffTheSpire:WitherSkull","PreservedInsect","Odd Mushroom","Cursed Key"],"acts_visited":["Exordium","TheCity"],"potions_floor_usage":[13,16,21],"damage_taken":[{"damage":5,"enemies":"Cultist","floor":1,"turns":4},{"damage":1,"enemies":"2 Louse","floor":3,"turns":2},{"damage":6,"enemies":"Jaw Worm","floor":5,"turns":3},{"damage":15,"enemies":"Lagavulin","floor":6,"turns":6},{"damage":10,"enemies":"Gremlin Nob","floor":8,"turns":4},{"damage":1,"enemies":"Exordium Wildlife","floor":10,"turns":3},{"damage":7,"enemies":"Lagavulin","floor":11,"turns":4},{"damage":1,"enemies":"Blue Slaver","floor":12,"turns":2},{"damage":10,"enemies":"The Mushroom Lair","floor":13,"turns":2},{"damage":7,"enemies":"2 Fungi Beasts","floor":14,"turns":3},{"damage":11,"enemies":"Slime Boss","floor":16,"turns":8},{"damage":27,"enemies":"2 Thieves","floor":18,"turns":3},{"damage":12,"enemies":"Spheric Guardian","floor":19,"turns":4},{"damage":21,"enemies":"Shelled Parasite and Fungi","floor":21,"turns":4},{"damage":13,"enemies":"Sentry and Sphere","floor":22,"turns":3}],"seed_played":"-4277233359907870933","potions_obtained":[{"floor":3,"key":"BlessingOfTheForge"},{"floor":8,"key":"CunningPotion"},{"floor":10,"key":"Weak Potion"},{"floor":11,"key":"Explosive Potion"},{"floor":13,"key":"Fire Potion"}],"is_trial":false,"path_per_floor":["M","?","M","$","M","E","R","E","T","M","E","M","?","M","R","B",null,"M","M","?","M","M"],"character_chosen":"THE_SILENT","items_purchased":["Deadly Poison","Flying Knee"],"campfire_rested":2,"item_purchase_floors":[4,4],"current_hp_per_floor":[65,65,64,64,58,43,64,54,54,53,46,45,35,28,49,38,70,43,31,31,10,0,0],"gold":393,"neow_bonus":"THREE_RARE_CARDS","is_daily":false,"chose_seed":false,"campfire_upgraded":0,"win_rate":0.0,"timestamp":1613570243,"path_taken":["M","?","M","$","M","E","R","E","T","M","E","M","?","M","R","BOSS","M","M","?","M","M"],"items_purchased_type":["Card","Card"],"build_version":"2020-12-22","purchased_purges":5,"victory":false,"max_hp_per_floor":[70,70,70,70,70,70,70,70,70,70,70,70,70,70,70,70,70,70,70,70,70,70,70],"card_choices":[{"not_picked":["StuffTheSpire:FinalStruggle","Envenom"],"picked":"Corpse Explosion","floor":0},{"not_picked":["Blade Dance","StuffTheSpire:ReptileScales"],"picked":"StuffTheSpire:BrimstoneBlast","floor":1},{"not_picked":["Infinite Blades","ReplayTheSpireMod:Exploit Weakness"],"picked":"Catalyst","floor":3},{"not_picked":["Prepared","Underhanded Strike"],"picked":"StuffTheSpire:Sprint","floor":5},{"not_picked":["Quick Slash","Underhanded Strike"],"picked":"Blade Dance","floor":6},{"not_picked":["ReplayTheSpireMod:Speed Training","StuffTheSpire:FinalStruggle"],"picked":"StuffTheSpire:Injection","floor":8},{"not_picked":["Endless Agony","Choke"],"picked":"ReplayTheSpireMod:Scrap Shanks","floor":10},{"not_picked":["Dagger Throw","Grand Finale"],"picked":"Burst","floor":11},{"not_picked":["Outmaneuver","Sucker Punch"],"picked":"Dagger Throw","floor":12},{"not_picked":["Toxin Wave","Dagger Spray"],"picked":"Bane","floor":13},{"not_picked":["Blade Dance","Setup"],"picked":"Toxin Wave","floor":14},{"not_picked":["ReplayTheSpireMod:From All Sides","Replay:Bag of Tricks"],"picked":"After Image","floor":16},{"not_picked":["Slice","Backflip"],"picked":"Dagger Spray+1","floor":18},{"not_picked":["Prepared","Deflect"],"picked":"Outmaneuver","floor":19},{"not_picked":["Deflect","Quick Slash"],"picked":"PiercingWail","floor":21}],"player_experience":880664,"relics_obtained":[{"floor":6,"key":"Replay:Bottled Eggs"},{"floor":8,"key":"Replay:Wax Seal"},{"floor":9,"key":"StuffTheSpire:WitherSkull"},{"floor":11,"key":"PreservedInsect"},{"floor":13,"key":"Odd Mushroom"}],"event_choices":[{"damage_healed":0,"gold_gain":0,"player_choice":"Leave","damage_taken":0,"max_hp_gain":0,"max_hp_loss":0,"event_name":"The Cleric","floor":2,"gold_loss":0},{"damage_healed":0,"gold_gain":0,"player_choice":"Fought Mushrooms","damage_taken":0,"max_hp_gain":0,"max_hp_loss":0,"event_name":"Mushrooms","floor":13,"gold_loss":0}],"is_beta":false,"boss_relics":[{"not_picked":["Fusion Hammer","Ring of the Serpent"],"picked":"Cursed Key"}],"items_purged_floors":[4,4,4,4,4],"is_endless":false,"potions_floor_spawned":[3,8,10,11,13,14],"killed_by":"Sentry and Sphere","ascension_level":3}}