{"host":"z37g2hkgkh2zjyzk","time":1613603531,"event":{"mods":["2.2 Compatiblity","AchievementEnabler","BaseMod","Bestiary","Colored Map","Colored Powertips","Curses Come First","Keyboard Shortcuts","Minty Spire (QoL Compilation)","Relic Stats","StSLib","SuperFastMode"],"gold_per_floor":[110,128,141,192,192,192,1,34,34,34,46,46,64,93,93,188,188,208,208,228,245,7,7,37,37,63,92,92,121,135,163,163,267,267,281,171,171,190,190,225,225,236,236,236,236,267,290,321,333,345],"floor_reached":51,"language":"ENG","playtime":6003,"items_purged":["Parasite"],"score":935,"play_id":"d68c32db-8fc2-4f13-a38d-b5406b30a209","local_time":"20210218001211","is_ascension_mode":true,"campfire_choices":[{"data":"Neutralize","floor":6,"key":"SMITH"},{"data":"Caltrops","floor":10,"key":"SMITH"},{"data":"Leg Sweep","floor":12,"key":"SMITH"},{"data":"Footwork","floor":15,"key":"SMITH"},{"data":"Tactician","floor":23,"key":"SMITH"},{"data":"Backflip","floor":25,"key":"SMITH"},{"data":"Calculated Gamble","floor":28,"key":"SMITH"},{"data":"Deadly Poison","floor":32,"key":"SMITH"},{"data":"After Image","floor":41,"key":"SMITH"},{"data":"Tools of the Trade","floor":44,"key":"SMITH"},{"data":"Envenom","floor":49,"key":"SMITH"}],"circlet_count":0,"master_deck":["Strike_G","Strike_G","Strike_G","Strike_G","Strike_G","Defend_G","Defend_G","Defend_G","Defend_G","Defend_G","Survivor","Neutralize+1","Quick Slash","Tactician+1","Dash","Leg Sweep+1","Footwork+1","Dagger Spray","Caltrops+1","PiercingWail","Malaise","A Thousand Cuts","Backflip+1","Deadly Poison+1","Deadly Poison+1","Backstab+1","Calculated Gamble+1","Terror+1","Catalyst+1","Outmaneuver+1","After Image+1","Backflip+1","Burst+1","Well Laid Plans+1","Neutralize","Prepared+1","Deadly Poison+1","Backstab","Tools of the Trade+1","Deadly Poison+1","Distraction+1","Caltrops+1","After Image","Envenom+1"],"relics":["Ring of the Snake","Matryoshka","Orichalcum","Happy Flower","Bird Faced Urn","Prayer Wheel","Cursed Key","Nloth\u0027s Gift","Question Card","Nunchaku","Toy Ornithopter","Bag of Marbles","Darkstone Periapt","Toxic Egg 2","Incense Burner","HoveringKite","Pear","MawBank"],"acts_visited":["TheCity","TheBeyond"],"potions_floor_usage":[8,16,21,24,29,30,33,50],"damage_taken":[{"damage":1,"enemies":"Cultist","floor":1,"turns":4},{"damage":2,"enemies":"Small Slimes","floor":2,"turns":4},{"damage":0,"enemies":"2 Louse","floor":3,"turns":4},{"damage":11,"enemies":"3 Sentries","floor":8,"turns":7},{"damage":1,"enemies":"Red Slaver","floor":11,"turns":3},{"damage":0,"enemies":"Lots of Slimes","floor":13,"turns":4},{"damage":10,"enemies":"Lagavulin","floor":14,"turns":9},{"damage":0,"enemies":"The Guardian","floor":16,"turns":16},{"damage":0,"enemies":"Shell Parasite","floor":18,"turns":7},{"damage":2,"enemies":"3 Byrds","floor":20,"turns":4},{"damage":6,"enemies":"Shelled Parasite and Fungi","floor":21,"turns":6},{"damage":4,"enemies":"Book of Stabbing","floor":24,"turns":5},{"damage":14,"enemies":"Slavers","floor":27,"turns":6},{"damage":26,"enemies":"Gremlin Leader","floor":29,"turns":8},{"damage":10,"enemies":"Sentry and Sphere","floor":30,"turns":6},{"damage":8,"enemies":"Slavers","floor":31,"turns":7},{"damage":20,"enemies":"Collector","floor":33,"turns":9},{"damage":8,"enemies":"Orb Walker","floor":35,"turns":5},{"damage":0,"enemies":"3 Shapes","floor":38,"turns":3},{"damage":27,"enemies":"Nemesis","floor":40,"turns":5},{"damage":16,"enemies":"Sphere and 2 Shapes","floor":42,"turns":6},{"damage":0,"enemies":"Giant Head","floor":46,"turns":5},{"damage":0,"enemies":"Jaw Worm Horde","floor":47,"turns":2},{"damage":5,"enemies":"Spire Growth","floor":48,"turns":4},{"damage":17,"enemies":"Donu and Deca","floor":50,"turns":11}],"seed_played":"2366196221678686285","potions_obtained":[{"floor":2,"key":"ColorlessPotion"},{"floor":3,"key":"Regen Potion"},{"floor":14,"key":"EssenceOfSteel"},{"floor":16,"key":"DistilledChaos"},{"floor":20,"key":"SneckoOil"},{"floor":21,"key":"FairyPotion"},{"floor":29,"key":"Regen Potion"},{"floor":31,"key":"LiquidMemories"},{"floor":46,"key":"Block Potion"},{"floor":48,"key":"GhostInAJar"}],"is_trial":false,"path_per_floor":["M","M","M","T","?","R","$","E","T","R","M","R","M","E","R","B",null,"M","?","M","M","$","R","E","R","T","E","R","E","M","E","R","B",null,"M","$","?","M","T","E","R","M","T","R","?","E","M","M","R","B",null],"character_chosen":"THE_SILENT","items_purchased":["Leg Sweep","Footwork","Dagger Spray","Question Card","Well Laid Plans"],"campfire_rested":0,"item_purchase_floors":[7,7,7,22,36],"current_hp_per_floor":[76,74,74,74,74,74,74,63,63,63,64,64,68,62,62,66,77,77,77,77,71,71,71,71,71,71,63,63,63,71,69,69,58,77,69,69,69,74,74,61,61,55,55,55,55,67,71,74,74,77],"gold":357,"neow_bonus":"TEN_PERCENT_HP_BONUS","is_daily":false,"chose_seed":false,"campfire_upgraded":11,"win_rate":0.0,"timestamp":1613603531,"path_taken":["M","M","M","?","?","R","$","E","T","R","M","R","M","E","R","BOSS","M","?","M","?","?","R","E","R","T","E","R","E","M","E","R","BOSS","M","$","?","?","?","E","R","M","T","R","?","E","M","?","R","BOSS"],"items_purchased_type":["Card","Card","Card","Relic","Card"],"build_version":"2020-12-22","purchased_purges":1,"victory":true,"max_hp_per_floor":[77,77,77,77,77,77,77,77,77,77,77,77,77,77,77,77,77,77,77,77,77,77,77,77,77,77,77,77,77,77,77,77,77,77,77,74,74,74,74,84,84,84,84,84,84,84,84,84,84,84],"relic_stats":{"Darkstone Periapt":0,"Happy Flower":[43],"counters":[25,150],"HoveringKite":[16],"Orichalcum":[132],"Cursed Key":1,"Question Card":19,"MawBank":60,"Nunchaku":[12],"Bird Faced Urn":[106],"Prayer Wheel":9,"Nloth\u0027s Gift":9,"obtain_stats":[{"Darkstone Periapt":27,"Pear":40,"Happy Flower":9,"HoveringKite":34,"Omamori":4,"Incense Burner":31,"Orichalcum":8,"Cursed Key":17,"Question Card":22,"MawBank":46,"Nunchaku":24,"Matryoshka":5,"Bird Faced Urn":9,"Prayer Wheel":14,"Nloth\u0027s Gift":19,"Bag of Marbles":26,"Toxic Egg 2":29,"Toy Ornithopter":26,"Ring of the Snake":0},{"Darkstone Periapt":13,"Pear":20,"Happy Flower":4,"HoveringKite":17,"Omamori":3,"Incense Burner":16,"Orichalcum":4,"Cursed Key":8,"Question Card":11,"MawBank":22,"Nunchaku":12,"Matryoshka":3,"Bird Faced Urn":4,"Prayer Wheel":7,"Nloth\u0027s Gift":9,"Bag of Marbles":12,"Toxic Egg 2":14,"Toy Ornithopter":12,"Ring of the Snake":0},{"Darkstone Periapt":79,"Pear":122,"Happy Flower":19,"HoveringKite":109,"Omamori":12,"Incense Burner":100,"Orichalcum":19,"Cursed Key":51,"Question Card":68,"MawBank":133,"Nunchaku":73,"Matryoshka":12,"Bird Faced Urn":19,"Prayer Wheel":35,"Nloth\u0027s Gift":58,"Bag of Marbles":73,"Toxic Egg 2":87,"Toy Ornithopter":73,"Ring of the Snake":0}],"Toy Ornithopter":18,"Ring of the Snake":[50]},"card_choices":[{"not_picked":["Flying Knee","All Out Attack"],"picked":"Quick Slash","floor":1},{"not_picked":["Flying Knee","Dagger Throw"],"picked":"Tactician","floor":2},{"not_picked":["Dodge and Roll","Caltrops"],"picked":"Dash","floor":3},{"not_picked":["Flying Knee","Poisoned Stab"],"picked":"Caltrops","floor":8},{"not_picked":["Flechettes","Bane","Slice"],"picked":"SKIP","floor":11},{"not_picked":["Slice","Blade Dance"],"picked":"PiercingWail","floor":13},{"not_picked":["Catalyst","Dodge and Roll"],"picked":"Malaise","floor":14},{"not_picked":["Glass Knife","Phantasmal Killer"],"picked":"A Thousand Cuts","floor":16},{"not_picked":["Flying Knee","Well Laid Plans"],"picked":"Backflip","floor":18},{"not_picked":["Prepared","Flying Knee"],"picked":"Deadly Poison+1","floor":18},{"not_picked":["Distraction","Slice"],"picked":"Deadly Poison","floor":20},{"not_picked":["Underhanded Strike","Bane+1","Flying Knee"],"picked":"SKIP","floor":20},{"not_picked":["Flying Knee","Dodge and Roll","Reflex"],"picked":"SKIP","floor":21},{"not_picked":["Blade Dance","Bullet Time","Masterful Stab+1"],"picked":"SKIP","floor":21},{"not_picked":["Blade Dance","Acrobatics+1","Dagger Spray"],"picked":"Backstab+1","floor":24},{"not_picked":["Unload","Flechettes","Backstab"],"picked":"Calculated Gamble","floor":27},{"not_picked":["Dagger Spray+1","Poisoned Stab","Riddle With Holes","Phantasmal Killer+1"],"picked":"SKIP","floor":29},{"not_picked":["Deflect+1","Tactician+1","Choke"],"picked":"Terror+1","floor":30},{"not_picked":["Calculated Gamble+1","Poisoned Stab+1","Outmaneuver+1"],"picked":"Catalyst+1","floor":30},{"not_picked":["Night Terror+1","Skewer+1","Wraith Form v2"],"picked":"Outmaneuver+1","floor":31},{"not_picked":["Wraith Form v2","Envenom","Night Terror+1"],"picked":"After Image","floor":33},{"not_picked":["Deflect+1","Riddle With Holes","Slice"],"picked":"Backflip+1","floor":35},{"not_picked":["Skewer","Heel Hook","Blade Dance+1"],"picked":"Burst+1","floor":35},{"not_picked":["Choke","Sucker Punch","Dodge and Roll+1"],"picked":"Prepared+1","floor":38},{"not_picked":["After Image","Bane+1","Prepared+1"],"picked":"Deadly Poison+1","floor":38},{"not_picked":["Prepared+1","Expertise+1","Well Laid Plans+1"],"picked":"Backstab","floor":40},{"not_picked":["Dagger Throw+1","Poisoned Stab+1","Bane"],"picked":"Tools of the Trade","floor":42},{"not_picked":["Riddle With Holes+1","Prepared+1","Poisoned Stab"],"picked":"Deadly Poison+1","floor":42},{"not_picked":["Endless Agony","Dagger Throw","Malaise+1"],"picked":"Distraction+1","floor":46},{"not_picked":["Envenom","Predator","Skewer"],"picked":"Caltrops+1","floor":47},{"not_picked":["Deadly Poison+1","Crippling Poison+1","Leg Sweep+1","Quick Slash"],"picked":"SKIP","floor":47},{"not_picked":["Slice+1","Deflect+1","Blur+1"],"picked":"After Image","floor":48},{"not_picked":["Crippling Poison+1","Dodge and Roll+1","Poisoned Stab"],"picked":"Envenom","floor":48}],"player_experience":75083,"relics_obtained":[{"floor":4,"key":"Omamori"},{"floor":8,"key":"Orichalcum"},{"floor":9,"key":"Happy Flower"},{"floor":9,"key":"Bird Faced Urn"},{"floor":14,"key":"Prayer Wheel"},{"floor":24,"key":"Nunchaku"},{"floor":26,"key":"Toy Ornithopter"},{"floor":26,"key":"Bag of Marbles"},{"floor":27,"key":"Darkstone Periapt"},{"floor":29,"key":"Toxic Egg 2"},{"floor":31,"key":"Incense Burner"},{"floor":40,"key":"Pear"},{"floor":46,"key":"MawBank"}],"event_choices":[{"damage_healed":0,"gold_gain":0,"player_choice":"Box","damage_taken":0,"relics_obtained":["Matryoshka"],"max_hp_gain":0,"max_hp_loss":0,"event_name":"Big Fish","floor":5,"gold_loss":0,"cards_obtained":["Regret"]},{"damage_healed":0,"gold_gain":0,"player_choice":"Traded Relic","damage_taken":0,"relics_obtained":["Nloth\u0027s Gift"],"max_hp_gain":0,"max_hp_loss":0,"event_name":"N\u0027loth","floor":19,"relics_lost":["Omamori"],"gold_loss":0},{"damage_healed":0,"gold_gain":0,"player_choice":"1 cards matched","damage_taken":0,"max_hp_gain":0,"max_hp_loss":0,"event_name":"Match and Keep!","floor":37,"gold_loss":0,"cards_obtained":["Neutralize"]},{"damage_healed":0,"gold_gain":0,"player_choice":"Forge","damage_taken":0,"max_hp_gain":0,"max_hp_loss":0,"event_name":"Accursed Blacksmith","floor":45,"gold_loss":0,"cards_upgraded":["Well Laid Plans"]}],"is_beta":false,"boss_relics":[{"not_picked":["Philosopher\u0027s Stone","Runic Dome"],"picked":"Cursed Key"},{"not_picked":["WristBlade","Snecko Eye"],"picked":"HoveringKite"}],"items_purged_floors":[36],"is_endless":false,"potions_floor_spawned":[2,3,14,16,20,21,29,31,46,48],"ascension_level":1}}