{"host":"za1qviwhp34x909e","time":1613542447,"event":{"mods":["Act Like it!","BaseMod","Colored Map","Colored Powertips","Downfall","Highlight Path","Hubris","Koishi","Marisa????????","Minty Spire (QoL Compilation)","Quick Restart","Remilia??????","Replay The Spire","StSLib","The Servant 0.9.4"],"gold_per_floor":[116,205,220,32,50,82,82,113,113,158,158,186,186,230,230,339,339,371,144,187,187,225,285,333,380,380,431,443,455,495,537,537],"floor_reached":31,"language":"ENG","playtime":2316,"items_purged":["Strike_MRS"],"score":327,"play_id":"79fb3409-aae2-458f-9515-675b533342d0","local_time":"20210217001407","is_ascension_mode":true,"campfire_choices":[{"data":"MagicChant","floor":7,"key":"SMITH"},{"data":"GasGiant","floor":11,"key":"SMITH"},{"floor":13,"key":"REST"},{"data":"DarkMatter","floor":15,"key":"SMITH"},{"floor":29,"key":"REST"}],"circlet_count":0,"master_deck":["Strike_MRS","Defend_MRS","Defend_MRS","Defend_MRS","Defend_MRS","MasterSpark","UpSweep+1","GasGiant+1","GravityBeat","IllusionStar","DarkMatter+1","ShootingEcho","ShootingEcho","MagicChant+1","DC","GasGiant","PropBag","GalacticHalo","Acceleration","IllusionStar","SatelliteIllusion","WitchOfGreed","PulseMagic","Envy_TH","Acceleration","SuperPerseids+1","MillisecondPulsars"],"relics":["MiniHakkero","Pen Nib","Replay:Wax Seal","Replay:Bandana","Mirror","Bottled Lightning","Happy Flower","hubris:CrackedHourglass","ReplayTheSpireMod:TigerMarble","Shuriken","Juzu Bracelet","Snack Pack","MawBank","Mummified Hand"],"acts_visited":["Exordium","TheCity"],"potions_floor_usage":[10,22,23,23,25,27,27,31],"damage_taken":[{"damage":0,"enemies":"Small Slimes","floor":1,"turns":3},{"damage":0,"enemies":"2 Louse","floor":3,"turns":3},{"damage":2,"enemies":"Jaw Worm","floor":5,"turns":3},{"damage":6,"enemies":"3 Sentries","floor":6,"turns":8},{"damage":0,"enemies":"Lots of Slimes","floor":8,"turns":3},{"damage":17,"enemies":"Replay:BlueRogue","floor":10,"turns":4},{"damage":0,"enemies":"2 Fungi Beasts","floor":12,"turns":3},{"damage":9,"enemies":"3 Sentries","floor":14,"turns":7},{"damage":22,"enemies":"Slime Boss","floor":16,"turns":12},{"damage":9,"enemies":"Shell Parasite","floor":18,"turns":4},{"damage":11,"enemies":"Spheric Guardian","floor":20,"turns":3},{"damage":10,"enemies":"Shelled Parasite and Fungi","floor":22,"turns":3},{"damage":2,"enemies":"Book of Stabbing","floor":23,"turns":3},{"damage":23,"enemies":"3 Cultists","floor":24,"turns":5},{"damage":3,"enemies":"Snecko","floor":25,"turns":3},{"damage":27,"enemies":"Gremlin Leader","floor":27,"turns":4},{"damage":0,"enemies":"Snake Plant","floor":30,"turns":2},{"damage":36,"enemies":"Chosen and Byrds","floor":31,"turns":6}],"seed_played":"-6776179175743436645","potions_obtained":[{"floor":3,"key":"sneckomod:MuddlingPotion"},{"floor":5,"key":"EssenceOfSteel"},{"floor":8,"key":"ColorlessPotion"},{"floor":10,"key":"SpeedPotion"},{"floor":18,"key":"Block Potion"},{"floor":22,"key":"Fire Potion"},{"floor":24,"key":"ColorlessPotion"},{"floor":24,"key":"Strength Potion"},{"floor":25,"key":"Weak Potion"},{"floor":28,"key":"Languid Potion"},{"floor":28,"key":"SpeedPotion"}],"is_trial":false,"path_per_floor":["M","?","M","$","M","E","R","M","T","E","R","M","R","E","R","B",null,"M","$","M","?","M","E","M","M","T","E","?","R","M","M"],"character_chosen":"MARISA","items_purchased":["ShootingEcho","MagicChant","Replay:Wax Seal","ReplayTheSpireMod:TigerMarble"],"campfire_rested":2,"item_purchase_floors":[4,4,4,19],"current_hp_per_floor":[75,45,45,45,43,37,37,37,37,20,20,20,42,45,45,35,75,66,66,55,55,45,43,32,29,29,6,6,28,30,0,0],"gold":537,"neow_bonus":"RANDOM_EVENT","is_daily":false,"chose_seed":false,"campfire_upgraded":3,"win_rate":0.0,"timestamp":1613542447,"path_taken":["M","?","M","$","M","E","R","M","T","E","R","M","R","E","R","BOSS","M","$","M","?","M","E","M","M","T","E","?","R","M","M"],"items_purchased_type":["Card","Card","Relic","Relic"],"build_version":"2020-12-22","purchased_purges":1,"victory":false,"max_hp_per_floor":[75,75,75,75,75,75,75,75,75,75,75,75,75,75,75,75,75,75,75,75,75,75,75,75,75,75,75,75,75,75,75,75],"card_choices":[{"not_picked":["UnstableBomb","DoubleSpark"],"picked":"GasGiant","floor":1},{"not_picked":["MachineGunSpark","LuminesStrike"],"picked":"GravityBeat","floor":2},{"not_picked":["SprinkleStarSeal","LuminesStrike"],"picked":"IllusionStar","floor":2},{"not_picked":["CollectingQuirk","MachineGunSpark"],"picked":"DarkMatter","floor":3},{"not_picked":["DragonMeteor","Robbery"],"picked":"DC","floor":5},{"not_picked":["JA","MillisecondPulsars"],"picked":"GasGiant","floor":6},{"not_picked":["6A","EnergyRecoil"],"picked":"PropBag","floor":8},{"not_picked":["GravityBeat","Orbital"],"picked":"GalacticHalo","floor":10},{"not_picked":["DarkSpark","SporeBomb"],"picked":"Acceleration","floor":12},{"not_picked":["BigCrunch","DoubleSpark"],"picked":"IllusionStar","floor":14},{"not_picked":["BigCrunch","MillisecondPulsars"],"picked":"SatelliteIllusion","floor":16},{"not_picked":["LuminesStrike","GalacticHalo"],"picked":"WitchOfGreed","floor":18},{"not_picked":["StarlightTyphoon","StarBarrage+1"],"picked":"PulseMagic","floor":20},{"not_picked":["LuminesStrike","EnergyFlow"],"picked":"Acceleration","floor":22},{"not_picked":["WitchLeyline","PowerUp+1","6A"],"picked":"SKIP","floor":23},{"not_picked":["PowerUp+1","SporeBomb+1"],"picked":"SuperPerseids+1","floor":24},{"not_picked":["PowerUp","UltimateShortwave","SporeBomb"],"picked":"SKIP","floor":25},{"not_picked":["DarkSpark","LuminesStrike"],"picked":"MillisecondPulsars","floor":27},{"not_picked":["MilkyWay","PowerUp","ShootingEcho+1"],"picked":"SKIP","floor":30}],"player_experience":758344,"relics_obtained":[{"floor":2,"key":"Pen Nib"},{"floor":6,"key":"Replay:Bandana"},{"floor":9,"key":"Mirror"},{"floor":10,"key":"Bottled Lightning"},{"floor":14,"key":"Happy Flower"},{"floor":23,"key":"Juzu Bracelet"},{"floor":26,"key":"Snack Pack"},{"floor":27,"key":"MawBank"}],"event_choices":[{"damage_healed":0,"gold_gain":0,"player_choice":"Got Potions","damage_taken":0,"max_hp_gain":0,"max_hp_loss":0,"event_name":"Lab","floor":28,"gold_loss":0}],"is_beta":false,"boss_relics":[{"not_picked":["hubris:GrandSneckoEye","Coffee Dripper"],"picked":"hubris:CrackedHourglass"}],"items_purged_floors":[19],"is_endless":false,"potions_floor_spawned":[3,5,8,10,18,22,24,25],"killed_by":"Chosen and Byrds","ascension_level":2}}