{"host":"baujym3o9opv3mbj","time":1613604645,"event":{"mods":["AchievementEnabler","BaseMod","Colored Map","Minty Spire (QoL Compilation)","Rare Cards Sparkle","StSLib","SuperFastMode"],"gold_per_floor":[111,76,88,50,66,92,92,106,106,162,162,182,196,196,196,300,300,288,308,308,323,323,323,323,323],"floor_reached":24,"language":"KOR","playtime":1147,"items_purged":[],"score":198,"play_id":"f600c124-d72f-4dbc-80fc-66b238863525","local_time":"20210218083045","is_ascension_mode":false,"campfire_choices":[{"floor":7,"key":"REST"},{"floor":11,"key":"REST"},{"floor":15,"key":"REST"},{"floor":23,"key":"REST"}],"circlet_count":0,"master_deck":["Strike_B","Strike_B","Strike_B","Strike_B","Defend_B","Defend_B","Defend_B","Defend_B","Zap","Dualcast","Sweeping Beam","Doom and Gloom","Rip and Tear","Streamline","Creative AI","Static Discharge","Barrage","BootSequence","Conserve Battery","Biased Cognition","CurseOfTheBell","Streamline+1","Blizzard+1","BootSequence+1"],"relics":["Cracked Core","Strawberry","Boot","White Beast Statue","Sundial","Calling Bell","Toy Ornithopter","Molten Egg 2","Girya"],"acts_visited":["Exordium","TheCity"],"potions_floor_usage":[12,16,19,21,21,24],"damage_taken":[{"damage":6,"enemies":"2 Louse","floor":1,"turns":2},{"damage":8,"enemies":"Jaw Worm","floor":3,"turns":3},{"damage":0,"enemies":"Small Slimes","floor":5,"turns":2},{"damage":31,"enemies":"3 Sentries","floor":6,"turns":5},{"damage":18,"enemies":"2 Fungi Beasts","floor":8,"turns":3},{"damage":32,"enemies":"Lagavulin Event","floor":10,"turns":5},{"damage":7,"enemies":"Exordium Thugs","floor":12,"turns":4},{"damage":27,"enemies":"Large Slime","floor":13,"turns":5},{"damage":11,"enemies":"Slime Boss","floor":16,"turns":6},{"damage":41,"enemies":"2 Thieves","floor":18,"turns":4},{"damage":8,"enemies":"Chosen","floor":19,"turns":4},{"damage":45,"enemies":"Sentry and Sphere","floor":21,"turns":6},{"damage":58,"enemies":"Slavers","floor":24,"turns":3}],"seed_played":"9027534797251510976","potions_obtained":[{"floor":1,"key":"Weak Potion"},{"floor":6,"key":"Block Potion"},{"floor":10,"key":"Strength Potion"},{"floor":12,"key":"EssenceOfDarkness"},{"floor":16,"key":"Dexterity Potion"},{"floor":18,"key":"PowerPotion"},{"floor":19,"key":"SteroidPotion"},{"floor":21,"key":"SneckoOil"},{"floor":22,"key":"Regen Potion"}],"is_trial":false,"path_per_floor":["M","?","M","$","M","E","R","M","T","?","R","M","M","?","R","B",null,"M","M","?","M","?","R","E"],"character_chosen":"DEFECT","items_purchased":["Rip and Tear"],"campfire_rested":4,"item_purchase_floors":[4],"current_hp_per_floor":[76,82,74,74,74,50,76,58,58,26,52,45,18,15,41,30,89,48,45,45,10,10,36,0,0],"gold":323,"neow_bonus":"TEN_PERCENT_HP_BONUS","is_daily":false,"chose_seed":false,"campfire_upgraded":0,"win_rate":0.0,"timestamp":1613604645,"path_taken":["M","?","M","?","M","E","R","M","T","?","R","M","M","?","R","BOSS","M","M","?","M","?","R","E"],"items_purchased_type":["Card"],"build_version":"2020-12-22","purchased_purges":0,"victory":false,"max_hp_per_floor":[82,82,82,82,82,89,89,89,89,89,89,89,89,89,89,89,89,89,89,89,89,89,89,89,89],"card_choices":[{"not_picked":["Steam Power","Stack"],"picked":"Sweeping Beam","floor":1},{"not_picked":["Sweeping Beam","Force Field"],"picked":"Doom and Gloom","floor":3},{"not_picked":["Coolheaded","Conserve Battery"],"picked":"Streamline","floor":5},{"not_picked":["Genetic Algorithm","Heatsinks"],"picked":"Creative AI","floor":6},{"not_picked":["Heatsinks","Conserve Battery"],"picked":"Static Discharge","floor":8},{"not_picked":["Go for the Eyes","Hologram"],"picked":"Barrage","floor":10},{"not_picked":["Sweeping Beam","Consume"],"picked":"BootSequence","floor":12},{"not_picked":["FTL","Static Discharge"],"picked":"Conserve Battery","floor":13},{"not_picked":["Creative AI","Reboot"],"picked":"Biased Cognition","floor":16},{"not_picked":["Darkness","Cold Snap+1"],"picked":"Streamline+1","floor":18},{"not_picked":["Sweeping Beam+1","Compile Driver+1"],"picked":"Blizzard+1","floor":19},{"not_picked":["Cold Snap+1","Beam Cell+1"],"picked":"BootSequence+1","floor":21}],"player_experience":9778,"relics_obtained":[{"floor":6,"key":"Strawberry"},{"floor":9,"key":"Boot"},{"floor":10,"key":"White Beast Statue"},{"floor":17,"key":"Toy Ornithopter"},{"floor":17,"key":"Molten Egg 2"},{"floor":17,"key":"Girya"}],"event_choices":[{"damage_healed":20,"gold_gain":0,"player_choice":"Healed","damage_taken":0,"max_hp_gain":0,"max_hp_loss":0,"event_name":"The Cleric","floor":2,"gold_loss":35},{"damage_healed":0,"gold_gain":0,"player_choice":"Searched \u00271\u0027 times","damage_taken":0,"max_hp_gain":0,"max_hp_loss":0,"event_name":"Dead Adventurer","floor":10,"gold_loss":0},{"damage_healed":0,"gold_gain":0,"player_choice":"Success","damage_taken":3,"relics_obtained":["Sundial"],"max_hp_gain":0,"max_hp_loss":0,"event_name":"Scrap Ooze","floor":14,"gold_loss":0},{"damage_healed":0,"gold_gain":0,"player_choice":"Ignored","damage_taken":0,"max_hp_gain":0,"max_hp_loss":0,"event_name":"Ghosts","floor":20,"gold_loss":0},{"damage_healed":0,"gold_gain":0,"player_choice":"Got Potions","damage_taken":0,"max_hp_gain":0,"max_hp_loss":0,"event_name":"Lab","floor":22,"gold_loss":0}],"is_beta":false,"boss_relics":[{"not_picked":["Runic Dome","Runic Pyramid"],"picked":"Calling Bell"}],"items_purged_floors":[],"is_endless":false,"potions_floor_spawned":[1,6,10,12,13,16,18,19,21],"killed_by":"Slavers","ascension_level":0}}