{"host":"glqsg3p5q4u9u1ra","time":1613561572,"event":{"mods":["Act Like it!","Arknights","BaseMod","Better Third Choice","BetterRewards","Colored Map","Downfall","Friendly Minions","GifTheSpireLib","Hallownest","Highlight Path","Infinite Spire","Lobotomy","LobotomyExtend","Mimic Mod","Minty Spire (QoL Compilation)","Pale of the Ancients","Reliquary","Replay The Spire","Ruina","Spicy Shops","Spire Birthday Party","StSLib","The Blackbeard","The Blue Laboratory","The Bug Knight","The Exalted","The Servant 0.9.4","Wandering Minibosses"],"gold_per_floor":[109,184,184,198,210,210,228,228,228],"floor_reached":8,"language":"ENG","playtime":270,"items_purged":[],"score":62,"play_id":"acb29033-60a8-4388-bf65-37b12e14fda6","local_time":"20210217033252","is_ascension_mode":true,"campfire_choices":[{"floor":6,"key":"REST"}],"circlet_count":0,"master_deck":["Bromod:Strike_Bro","Bromod:Strike_Bro+1","Bromod:Strike_Bro","Bromod:Defend_Bro","Bromod:Defend_Bro","Bromod:Defend_Bro","Bromod:Defend_Bro","Bromod:SlashDash","Bromod:SlashDash+1","Bromod:SlashDash","Sadistic Nature","Bromod:BulletJump","Bromod:Serration","Bromod:ShatteringImpact","Bromod:RadialBlind"],"relics":["Bromod:Ordis","Bromod:AscarisDevice","LetterFromLob"],"acts_visited":["Exordium"],"potions_floor_usage":[8],"damage_taken":[{"damage":11,"enemies":"2 Louse","floor":1,"turns":3},{"damage":2,"enemies":"Small Slimes","floor":4,"turns":3},{"damage":21,"enemies":"Jaw Worm","floor":5,"turns":5},{"damage":16,"enemies":"Exordium Thugs","floor":7,"turns":6},{"damage":15,"enemies":"3 Sentries","floor":8,"turns":7}],"seed_played":"-143203466624025253","potions_obtained":[{"floor":5,"key":"Milkshake"}],"is_trial":false,"path_per_floor":["M","?","?","M","M","R","M","E"],"character_chosen":"THE_EXALTED","items_purchased":["Sadistic Nature"],"campfire_rested":1,"item_purchase_floors":[0],"current_hp_per_floor":[57,46,31,29,8,30,14,0,0],"gold":228,"neow_bonus":"","is_daily":false,"chose_seed":false,"campfire_upgraded":0,"win_rate":0.0,"timestamp":1613561572,"path_taken":["M","?","?","M","M","R","M","E"],"items_purchased_type":["Card"],"build_version":"2020-12-22","purchased_purges":0,"victory":false,"max_hp_per_floor":[75,75,75,75,75,75,75,75,75],"card_choices":[{"not_picked":["Bromod:FormaBlueprint","Bromod:TacticalPump"],"picked":"Bromod:BulletJump","floor":1},{"not_picked":["Bromod:FastHands","Bromod:Foundry"],"picked":"Bromod:Serration","floor":4},{"not_picked":["Bromod:Patagium","Bromod:Reflection"],"picked":"Bromod:ShatteringImpact","floor":5},{"not_picked":["Bromod:HornetStrike","Bromod:ShatteringImpact"],"picked":"Bromod:RadialBlind","floor":7}],"player_experience":1231789,"relics_obtained":[{"floor":1,"key":"LetterFromLob"}],"event_choices":[{"damage_healed":0,"gold_gain":75,"player_choice":"Gold","damage_taken":11,"max_hp_gain":0,"max_hp_loss":0,"event_name":"betterThird:BetterGoop","floor":2,"gold_loss":0},{"damage_healed":46,"gold_gain":0,"player_choice":"Upgrade","damage_taken":15,"max_hp_gain":0,"max_hp_loss":75,"event_name":"betterThird:BetterShining","floor":3,"gold_loss":0,"cards_upgraded":["Bromod:Strike_Bro","Bromod:SlashDash"]}],"is_beta":false,"boss_relics":[],"items_purged_floors":[],"is_endless":false,"potions_floor_spawned":[5],"killed_by":"3 Sentries","ascension_level":6}}