{"host":"tpbmol9dayg75a5s","time":1613587773,"event":{"mods":["BaseMod","Bestiary","Block Reminder","Colored Powertips","Dark Map","Downfall","Minty Spire (QoL Compilation)","Quick Restart","Relic Stats","Spire Arcade","StSLib"],"gold_per_floor":[99,114,127,146,146,157,184,184,212,229,229,294,322,93,109,211,211,211,228,241,259,259,159,159,159,159,159,178,178,210,41,56,160,160,60,73,87,137,188,218,243,262,162,162,196,207,217,245,256,256,256,286,14,14,14,14],"floor_reached":57,"language":"ENG","playtime":5540,"items_purged":["hexamod:Defend","hexamod:Defend"],"score":2098,"play_id":"b3f5ed0e-275e-47e8-ace3-7d198774647b","local_time":"20210217154933","is_ascension_mode":true,"campfire_choices":[{"data":"hexamod:Float","floor":1,"key":"SMITH"},{"floor":8,"key":"REST"},{"floor":11,"key":"REST"},{"floor":18,"key":"RECALL"},{"data":"hexamod:GiftsFromTheDead","floor":23,"key":"SMITH"},{"data":"hexamod:ForkedFlame","floor":25,"key":"SMITH"},{"data":"expansioncontent:HyperBeam","floor":27,"key":"SMITH"},{"floor":29,"key":"REST"},{"floor":35,"key":"REST"},{"floor":43,"key":"REST"},{"floor":54,"key":"REST"}],"circlet_count":0,"master_deck":["AscendersBane","hexamod:Strike","hexamod:Strike","hexamod:Strike","hexamod:Defend","hexamod:Defend","hexamod:Sear","hexamod:Float+1","hexamod:WildfireWeapon","hexamod:PowerFromBeyond","hexamod:ThermalTransfer","hexamod:GiftsFromTheDead+1","hexamod:PowerFromBeyond","hexamod:ThermalTransfer","hexamod:Hexaguard","hexamod:ThermalTransfer","hexamod:HeatMetal","hexamod:ForkedFlame+1","hexamod:ShieldOfDarkness","expansioncontent:HyperBeam+1","hexamod:Haunt","hexamod:HexaLevel","hexamod:FlamesFromBeyond","hexamod:GhostflameBarrier","hexamod:Hexaguard","hexamod:Hexaguard+1","hexamod:PhantomCloak","hexamod:TimeOfNeed","hexamod:FlameSwitch","hexamod:SpectersWail","hexamod:NightmareGuise","hexamod:PhantomFireball","hexamod:Incineration+1","Parasite","hexamod:RecurringNightmare","hexamod:PowerFromBeyond","hexamod:FlamesFromBeyond","hexamod:ParanormalForm","hexamod:RainOfEmbers"],"relics":["hexamod:SpiritBrand","hexamod:BolsterEngine","Strawberry","Anchor","InkBottle","Snecko Eye","MutagenicStrength","downfall:HeartBlessingRed","Bottled Tornado","Vajra","Membership Card","Fusion Hammer","downfall:HeartBlessingGreen","Gambling Chip","Ginger","hexamod:SoulConsumer","downfall:HeartBlessingBlue","Guardian:PocketSentry","StrikeDummy","Kunai","Happy Flower"],"acts_visited":["Exordium","TheCity","TheBeyond","TheEnding"],"potions_floor_usage":[12,16,30,33,38,40,50],"damage_taken":[{"damage":8,"enemies":"Small Slimes","floor":2,"turns":3},{"damage":7,"enemies":"Jaw Worm","floor":3,"turns":3},{"damage":3,"enemies":"2 Louse","floor":4,"turns":3},{"damage":23,"enemies":"Exordium Thugs","floor":6,"turns":6},{"damage":20,"enemies":"3 Sentries","floor":9,"turns":6},{"damage":1,"enemies":"Blue Slaver","floor":10,"turns":3},{"damage":7,"enemies":"Lagavulin Event","floor":12,"turns":5},{"damage":5,"enemies":"Lagavulin","floor":13,"turns":5},{"damage":0,"enemies":"downfall:FleeingMerchant","floor":14,"turns":4},{"damage":0,"enemies":"2 Fungi Beasts","floor":15,"turns":2},{"damage":13,"enemies":"IC_STATUS_ARCHETYPE","floor":16,"turns":9},{"damage":15,"enemies":"3 Byrds","floor":19,"turns":4},{"damage":0,"enemies":"Shell Parasite","floor":20,"turns":4},{"damage":13,"enemies":"Cultist and Chosen","floor":21,"turns":5},{"damage":0,"enemies":"Centurion and Healer","floor":28,"turns":3},{"damage":0,"enemies":"Book of Stabbing","floor":30,"turns":5},{"damage":0,"enemies":"downfall:FleeingMerchant","floor":31,"turns":4},{"damage":0,"enemies":"Snecko","floor":32,"turns":4},{"damage":0,"enemies":"DF_ARCHETYPE_CLAW","floor":33,"turns":8},{"damage":0,"enemies":"3 Shapes","floor":36,"turns":1},{"damage":0,"enemies":"Orb Walker","floor":37,"turns":3},{"damage":0,"enemies":"Orb Walker","floor":38,"turns":6},{"damage":0,"enemies":"2 Orb Walkers","floor":39,"turns":4},{"damage":0,"enemies":"Reptomancer","floor":40,"turns":6},{"damage":0,"enemies":"Spire Growth","floor":42,"turns":5},{"damage":0,"enemies":"Giant Head","floor":45,"turns":5},{"damage":0,"enemies":"Sphere and 2 Shapes","floor":46,"turns":3},{"damage":0,"enemies":"Writhing Mass","floor":47,"turns":4},{"damage":0,"enemies":"Nemesis","floor":48,"turns":5},{"damage":0,"enemies":"Maw","floor":49,"turns":5},{"damage":25,"enemies":"WA_ARCHETYPE_DIVINITY","floor":50,"turns":8},{"damage":59,"enemies":"downfall:CharBossMerchant","floor":52,"turns":7},{"damage":2,"enemies":"downfall:NeowBoss","floor":55,"turns":9},{"damage":37,"enemies":"downfall:NeowBossFinal","floor":56,"turns":9}],"seed_played":"3777330019920401027","potions_obtained":[{"floor":4,"key":"sneckomod:MuddlingPotion"},{"floor":6,"key":"AttackPotion"},{"floor":15,"key":"Dexterity Potion"},{"floor":16,"key":"Fruit Juice"},{"floor":26,"key":"BlessingOfTheForge"},{"floor":30,"key":"Swift Potion"},{"floor":33,"key":"DistilledChaos"},{"floor":39,"key":"SpeedPotion"},{"floor":40,"key":"Dexterity Potion"}],"is_trial":false,"path_per_floor":["R","M","M","M","?","M","T","R","E","M","R","?","E","$","M","B",null,"R","M","M","M","?","R","T","R","?","R","M","R","E","$","M","B",null,"R","M","M","?","?","E","T","M","R","?","E","M","M","E","M","B",null,"E","$","R","B","B",null],"character_chosen":"THE_SPIRIT","items_purchased":["hexamod:ShieldOfDarkness","expansioncontent:HyperBeam","Membership Card","hexamod:ParanormalForm","Happy Flower","hexamod:RainOfEmbers","Ancient Potion"],"campfire_rested":6,"item_purchase_floors":[14,14,31,53,53,53,53],"current_hp_per_floor":[63,55,48,45,45,22,22,43,30,29,52,45,40,40,40,32,70,70,55,55,42,42,42,42,42,42,42,42,66,66,66,66,66,78,82,82,82,82,82,82,82,82,92,92,92,92,92,92,92,71,87,32,32,59,61,28],"gold":14,"neow_bonus":"TRANSFORM_CARD","is_daily":false,"chose_seed":false,"campfire_upgraded":4,"win_rate":0.0,"timestamp":1613587773,"path_taken":["R","M","M","M","?","M","T","R","E","M","R","?","E","$","M","BOSS","R","M","M","M","?","R","T","R","?","R","?","R","E","$","M","BOSS","R","M","M","?","?","E","T","M","R","?","E","?","M","E","M","BOSS","E","$","R","BOSS","BOSS"],"items_purchased_type":["Card","Card","Relic","Card","Relic","Card","Potion"],"build_version":"2020-12-22","purchased_purges":2,"victory":true,"max_hp_per_floor":[70,70,70,70,70,70,70,70,77,77,77,77,77,77,77,82,82,82,82,82,82,82,82,82,82,82,82,82,82,82,82,82,82,82,82,82,82,82,82,82,82,82,92,92,92,92,92,92,92,92,92,92,92,92,92,92],"relic_stats":{"Happy Flower":[6],"counters":[34,166],"Gambling Chip":[20],"Snecko Eye":[239,244,205,257],"Ginger":[29],"Kunai":[11],"obtain_stats":[{"downfall:HeartBlessingRed":23,"Happy Flower":53,"Vajra":30,"downfall:HeartBlessingGreen":35,"Guardian:PocketSentry":45,"Ginger":39,"Bottled Tornado":24,"Anchor":12,"downfall:HeartBlessingBlue":43,"Strawberry":9,"MutagenicStrength":22,"Gambling Chip":38,"Snecko Eye":17,"Fusion Hammer":34,"Membership Card":31,"hexamod:SoulConsumer":40,"Kunai":52,"hexamod:BolsterEngine":7,"StrikeDummy":48,"hexamod:SpiritBrand":0,"InkBottle":13},{"downfall:HeartBlessingRed":14,"Happy Flower":32,"Vajra":16,"downfall:HeartBlessingGreen":19,"Guardian:PocketSentry":26,"Ginger":23,"Bottled Tornado":14,"Anchor":7,"downfall:HeartBlessingBlue":25,"Strawberry":5,"MutagenicStrength":14,"Gambling Chip":22,"Snecko Eye":11,"Fusion Hammer":19,"Membership Card":17,"hexamod:SoulConsumer":24,"Kunai":32,"hexamod:BolsterEngine":4,"StrikeDummy":29,"hexamod:SpiritBrand":0,"InkBottle":8},{"downfall:HeartBlessingRed":62,"Happy Flower":148,"Vajra":70,"downfall:HeartBlessingGreen":86,"Guardian:PocketSentry":116,"Ginger":100,"Bottled Tornado":62,"Anchor":29,"downfall:HeartBlessingBlue":111,"Strawberry":21,"MutagenicStrength":62,"Gambling Chip":96,"Snecko Eye":49,"Fusion Hammer":86,"Membership Card":74,"hexamod:SoulConsumer":106,"Kunai":148,"hexamod:BolsterEngine":15,"StrikeDummy":128,"hexamod:SpiritBrand":0,"InkBottle":34}],"InkBottle":[59]},"card_choices":[{"not_picked":["hexamod:SwordOfDarkness","hexamod:Firestarter"],"picked":"hexamod:PowerFromBeyond","floor":2},{"not_picked":["hexamod:SwordOfDarkness","hexamod:BurningTouch"],"picked":"hexamod:ThermalTransfer","floor":3},{"not_picked":["hexamod:AdvancingGuard","hexamod:SwordOfDarkness"],"picked":"hexamod:GiftsFromTheDead","floor":4},{"not_picked":["hexamod:StepThrough","hexamod:SuperheatedStrike"],"picked":"hexamod:ThermalTransfer","floor":6},{"not_picked":["hexamod:VolcanoVisage","hexamod:SpectersWail"],"picked":"hexamod:Hexaguard","floor":9},{"not_picked":["hexamod:SwordOfDarkness","hexamod:HauntingEcho"],"picked":"hexamod:ThermalTransfer","floor":10},{"not_picked":["hexamod:GhostOfSpireFuture","hexamod:ThirdSeal"],"picked":"hexamod:HeatMetal","floor":13},{"not_picked":["hexamod:ApocalypticArmor","hexamod:InspiringFlames"],"picked":"hexamod:ForkedFlame","floor":14},{"not_picked":["hexamod:GhostLash","hexamod:FourthSeal"],"picked":"hexamod:Haunt","floor":15},{"not_picked":["hexamod:TurnItUp","hexamod:GhostflameInferno"],"picked":"hexamod:HexaLevel","floor":16},{"not_picked":["hexamod:SwordOfDarkness","hexamod:PhantomFireball"],"picked":"hexamod:FlamesFromBeyond","floor":19},{"not_picked":["hexamod:GhostLash","hexamod:NightmareGuise"],"picked":"hexamod:GhostflameBarrier","floor":20},{"not_picked":["hexamod:Rewind","hexamod:NightmareStrike"],"picked":"hexamod:Hexaguard","floor":21},{"not_picked":["hexamod:SuperheatedStrike","hexamod:SpectralAdrenaline+1"],"picked":"hexamod:Hexaguard+1","floor":28},{"not_picked":["hexamod:GhostLash","hexamod:ExtraCrispy","hexamod:NightmareStrike"],"picked":"SKIP","floor":30},{"not_picked":["hexamod:RetreatToShadows","hexamod:ThermalTransfer"],"picked":"hexamod:PhantomCloak","floor":31},{"not_picked":["hexamod:RecurringNightmare","hexamod:Hexaguard"],"picked":"hexamod:TimeOfNeed","floor":32},{"not_picked":["hexamod:FifthSeal","hexamod:GhostOfSpirePresent"],"picked":"hexamod:FlameSwitch","floor":33},{"not_picked":["hexamod:EtherealExpedition","hexamod:GhostLash"],"picked":"hexamod:SpectersWail","floor":36},{"not_picked":["hexamod:FastForward","hexamod:AdvancingGuard"],"picked":"hexamod:NightmareGuise","floor":37},{"not_picked":["hexamod:HeatMetal","hexamod:ShieldOfDarkness+1"],"picked":"hexamod:PhantomFireball","floor":40},{"not_picked":["hexamod:Again","hexamod:GhostflameInferno"],"picked":"hexamod:Incineration+1","floor":42},{"not_picked":["hexamod:SwordOfDarkness","hexamod:SpectersWail","hexamod:RetreatToShadows"],"picked":"SKIP","floor":45},{"not_picked":["hexamod:BacktrackSmack","hexamod:FastForward","hexamod:SkipABeat+1"],"picked":"SKIP","floor":46},{"not_picked":["hexamod:GhostOfSpireFuture","hexamod:SuperheatedStrike","hexamod:BurningTouch"],"picked":"SKIP","floor":47},{"not_picked":["hexamod:Incineration+1","hexamod:ThermalTransfer"],"picked":"hexamod:RecurringNightmare","floor":48},{"not_picked":["hexamod:NecessarySacrifice","hexamod:Again"],"picked":"hexamod:PowerFromBeyond","floor":49},{"not_picked":["hexamod:SecondSeal","hexamod:InspiringFlames+1"],"picked":"hexamod:FlamesFromBeyond","floor":52}],"player_experience":1145551,"relics_obtained":[{"floor":7,"key":"hexamod:BolsterEngine"},{"floor":9,"key":"Strawberry"},{"floor":12,"key":"Anchor"},{"floor":13,"key":"InkBottle"},{"floor":24,"key":"Bottled Tornado"},{"floor":30,"key":"Vajra"},{"floor":38,"key":"Gambling Chip"},{"floor":39,"key":"Ginger"},{"floor":40,"key":"hexamod:SoulConsumer"},{"floor":45,"key":"Guardian:PocketSentry"},{"floor":48,"key":"StrikeDummy"},{"floor":52,"key":"Kunai"}],"event_choices":[{"damage_healed":0,"gold_gain":0,"player_choice":"Inject Mutagens","damage_taken":0,"relics_obtained":["MutagenicStrength"],"max_hp_gain":0,"max_hp_loss":0,"event_name":"Drug Dealer","floor":22,"gold_loss":0},{"damage_healed":0,"gold_gain":0,"player_choice":"Got Potions","damage_taken":0,"max_hp_gain":0,"max_hp_loss":0,"event_name":"Lab","floor":26,"gold_loss":0},{"damage_healed":0,"gold_gain":0,"player_choice":"Fight","damage_taken":0,"max_hp_gain":0,"max_hp_loss":0,"event_name":"Mysterious Sphere","floor":39,"gold_loss":0}],"is_beta":false,"boss_relics":[{"not_picked":["Pandora\u0027s Box","Empty Cage"],"picked":"Snecko Eye"},{"not_picked":["Runic Pyramid","SacredBark"],"picked":"Fusion Hammer"}],"items_purged_floors":[14,53],"is_endless":false,"potions_floor_spawned":[4,6,9,15,16,28,30,32,33,37,39,40,42,49],"ascension_level":12}}