{"host":"4lch21uqe3ag08cj","time":1613603454,"event":{"mods":["AchievementEnabler","BaseMod","Block Reminder","Colored Map","Colored Powertips","Minty Spire (QoL Compilation)","Permanent Neow","Relic Stats"],"gold_per_floor":[111,286,55,55,6,6,37,37,90,165,176,176,209,219,219,318,318,338,350,362,377,390,420,420,454,454,454,194,194,225,236,236,341,341,354,576,200,250,302,330,330,363,363,363,378,378,390,402,402,402,402,402,210,235,235],"floor_reached":56,"language":"ENG","playtime":2574,"items_purged":["Doubt","Decay"],"score":1533,"play_id":"ca03d4fe-d7d4-4695-91e5-761e498b0287","local_time":"20210217201054","is_ascension_mode":true,"campfire_choices":[{"data":"Flame Barrier","floor":6.0,"key":"SMITH"},{"data":"Bash","floor":8.0,"key":"SMITH"},{"data":"Uppercut","floor":12.0,"key":"SMITH"},{"data":"Whirlwind","floor":15.0,"key":"SMITH"},{"data":"Feed","floor":24.0,"key":"SMITH"},{"data":"Double Tap","floor":29.0,"key":"SMITH"},{"data":"1","floor":32.0,"key":"LIFT"},{"data":"Limit Break","floor":41,"key":"SMITH"},{"data":"2","floor":44,"key":"LIFT"},{"floor":46,"key":"RECALL"},{"data":"True Grit","floor":49,"key":"SMITH"},{"data":"Impervious","floor":52,"key":"SMITH"}],"circlet_count":0,"master_deck":["Bash+1","Perfected Strike","Flame Barrier+1","Hemokinesis","Uppercut+1","Whirlwind+1","Double Tap+1","Disarm","Shockwave","Thunderclap+1","Feed+1","Blood for Blood+1","Dropkick","Impervious+1","Dual Wield+1","Limit Break+1","Juggernaut","Dark Embrace","Combust","Wild Strike","Clothesline","Twin Strike","Double Tap","Intimidate","Reaper","Shrug It Off+1","Flame Barrier","Exhume","Burning Pact","True Grit+1","Dropkick","Limit Break+1","Corruption"],"relics":["Cursed Key","Paper Frog","Bag of Marbles","Philosopher\u0027s Stone","Orichalcum","Red Mask","Enchiridion","Girya","Pandora\u0027s Box","Lizard Tail","Shovel","TungstenRod","Pantograph","StrikeDummy","DollysMirror","Red Skull"],"acts_visited":["Exordium","TheCity","TheBeyond","TheEnding"],"potions_floor_usage":[42,54,55,55,55],"damage_taken":[{"damage":1.0,"enemies":"Cultist","floor":1.0,"turns":3.0},{"damage":18.0,"enemies":"Gremlin Nob","floor":7.0,"turns":3.0},{"damage":0.0,"enemies":"2 Louse","floor":11.0,"turns":2.0},{"damage":14.0,"enemies":"3 Sentries","floor":13.0,"turns":7.0},{"damage":0.0,"enemies":"Jaw Worm","floor":14.0,"turns":2.0},{"damage":9.0,"enemies":"Hexaghost","floor":16.0,"turns":6.0},{"damage":6.0,"enemies":"Chosen","floor":18.0,"turns":2.0},{"damage":0.0,"enemies":"2 Thieves","floor":19.0,"turns":1.0},{"damage":11.0,"enemies":"Centurion and Healer","floor":20.0,"turns":3.0},{"damage":0.0,"enemies":"3 Cultists","floor":21.0,"turns":2.0},{"damage":2.0,"enemies":"Snake Plant","floor":22.0,"turns":2.0},{"damage":2.0,"enemies":"Gremlin Leader","floor":23.0,"turns":8.0},{"damage":11.0,"enemies":"Masked Bandits","floor":25.0,"turns":4.0},{"damage":10.0,"enemies":"Slavers","floor":30.0,"turns":4.0},{"damage":0.0,"enemies":"Centurion and Healer","floor":31.0,"turns":7.0},{"damage":25.0,"enemies":"Champ","floor":33.0,"turns":10.0},{"damage":8,"enemies":"3 Shapes","floor":35,"turns":3},{"damage":7,"enemies":"Mind Bloom Boss Battle","floor":38,"turns":11},{"damage":17,"enemies":"2 Orb Walkers","floor":39,"turns":4},{"damage":19,"enemies":"Reptomancer","floor":40,"turns":6},{"damage":11,"enemies":"Nemesis","floor":42,"turns":7},{"damage":8,"enemies":"3 Darklings","floor":45,"turns":3},{"damage":4,"enemies":"4 Shapes","floor":47,"turns":2},{"damage":23,"enemies":"Sphere and 2 Shapes","floor":48,"turns":6},{"damage":51,"enemies":"Time Eater","floor":50,"turns":9},{"damage":33,"enemies":"Shield and Spear","floor":54,"turns":3},{"damage":141,"enemies":"The Heart","floor":55,"turns":8}],"seed_played":"-6072446482965912234","potions_obtained":[{"floor":7.0,"key":"LiquidMemories"},{"floor":13.0,"key":"FearPotion"},{"floor":16.0,"key":"HeartOfIron"},{"floor":18.0,"key":"EssenceOfSteel"},{"floor":22.0,"key":"EssenceOfSteel"},{"floor":33.0,"key":"EssenceOfSteel"},{"floor":42,"key":"Explosive Potion"},{"floor":45,"key":"Dexterity Potion"},{"floor":54,"key":"ColorlessPotion"}],"is_trial":false,"path_per_floor":["M","?","$","?","$","R","E","R","T","?","M","R","E","M","R","B",null,"M","M","M","M","M","E","R","?","T","?","$","R","E","M","R","B",null,"M","?","$","?","?","E","R","E","T","R","M","R","M","M","R","B",null,"R","$","E","B",null],"character_chosen":"IRONCLAD","items_purchased":["Flame Barrier","Hemokinesis","BloodPotion","Impervious","Flame Barrier","Lizard Tail","DollysMirror","BloodPotion"],"campfire_rested":0,"item_purchase_floors":[3,3,5,28,37,37,53,53],"current_hp_per_floor":[79,79,79,84,84,84,66,66,66,55,55,55,41,41,41,32,72,83,83,72,72,70,71,71,64,64,48,48,48,42,46,46,21,80,76,76,76,101,94,75,75,64,64,64,86,86,82,83,83,90,107,107,107,96,70],"gold":235,"neow_bonus":"BOSS_RELIC","is_daily":false,"chose_seed":false,"campfire_upgraded":9,"win_rate":0.0,"timestamp":1613603454,"path_taken":["M","?","$","?","?","R","E","R","T","?","M","R","E","M","R","BOSS","M","M","M","M","M","E","R","?","T","?","$","R","E","M","R","BOSS","M","?","$","?","?","E","R","E","T","R","M","R","M","M","R","BOSS","R","$","E","BOSS"],"items_purchased_type":["Card","Card","Potion","Card","Card","Relic","Relic","Potion"],"build_version":"2020-12-22","purchased_purges":2,"victory":true,"max_hp_per_floor":[80,80,80,85,85,85,85,85,85,85,85,85,85,85,85,85,85,85,85,85,85,85,88,88,92,92,92,92,92,96,100,100,100,100,104,104,104,108,108,108,108,108,108,108,108,108,108,112,112,112,112,112,112,112,112],"relic_stats":{"Lizard Tail":56,"Shovel":0,"counters":[27,128],"Pantograph":41,"Pandora\u0027s Box":["Juggernaut","Dark Embrace","Combust","Wild Strike","Clothesline","Twin Strike","Double Tap","Intimidate","Reaper"],"Orichalcum":[210],"Cursed Key":1,"obtain_stats":[{"Girya":30,"Enchiridion":27,"Orichalcum":23,"Cursed Key":0,"Burning Blood":0,"Lizard Tail":37,"Shovel":38,"DollysMirror":53,"Pantograph":40,"Philosopher\u0027s Stone":17,"Pandora\u0027s Box":34,"Bag of Marbles":13,"Red Mask":25,"StrikeDummy":42,"TungstenRod":39,"Red Skull":54,"Paper Frog":7},{"Girya":14,"Enchiridion":13,"Orichalcum":12,"Cursed Key":0,"Burning Blood":0,"Lizard Tail":17,"Shovel":18,"DollysMirror":25,"Pantograph":20,"Philosopher\u0027s Stone":6,"Pandora\u0027s Box":16,"Bag of Marbles":4,"Red Mask":13,"StrikeDummy":21,"TungstenRod":19,"Red Skull":26,"Paper Frog":2},{"Girya":49,"Enchiridion":45,"Orichalcum":41,"Cursed Key":0,"Burning Blood":0,"Lizard Tail":69,"Shovel":80,"DollysMirror":117,"Pantograph":90,"Philosopher\u0027s Stone":23,"Pandora\u0027s Box":66,"Bag of Marbles":15,"Red Mask":45,"StrikeDummy":97,"TungstenRod":84,"Red Skull":120,"Paper Frog":6}],"TungstenRod":112},"card_choices":[{"not_picked":["Armaments","Clash"],"picked":"Perfected Strike","floor":1.0},{"not_picked":["Evolve","Body Slam","Reckless Charge"],"picked":"SKIP","floor":7.0},{"not_picked":["Dual Wield","Clothesline"],"picked":"Uppercut","floor":11.0},{"not_picked":["Searing Blow","Havoc"],"picked":"Whirlwind","floor":13.0},{"not_picked":["Havoc","Clothesline","Armaments"],"picked":"SKIP","floor":14.0},{"not_picked":["Exhume","Bludgeon"],"picked":"Double Tap","floor":16.0},{"not_picked":["Rampage","Intimidate+1"],"picked":"Disarm","floor":18.0},{"not_picked":["Battle Trance+1","Headbutt"],"picked":"Shockwave","floor":19.0},{"not_picked":["Armaments","Perfected Strike"],"picked":"Thunderclap+1","floor":20.0},{"not_picked":["Perfected Strike","Twin Strike"],"picked":"Feed","floor":21.0},{"not_picked":["Burning Pact","Body Slam"],"picked":"Blood for Blood+1","floor":22.0},{"not_picked":["Carnage","Flex"],"picked":"Dropkick","floor":23.0},{"not_picked":["Exhume","Sword Boomerang+1"],"picked":"Dual Wield+1","floor":30.0},{"not_picked":["Wild Strike","Headbutt","Uppercut"],"picked":"SKIP","floor":31.0},{"not_picked":["Double Tap","Bludgeon"],"picked":"Limit Break","floor":33.0},{"not_picked":["Sword Boomerang","Cleave+1"],"picked":"Shrug It Off+1","floor":35},{"not_picked":["Havoc","Cleave"],"picked":"Exhume","floor":38},{"not_picked":["Blood for Blood","Twin Strike"],"picked":"Burning Pact","floor":40},{"not_picked":["Havoc","Pommel Strike","Immolate"],"picked":"SKIP","floor":42},{"not_picked":["Warcry+1","Headbutt"],"picked":"True Grit","floor":45},{"not_picked":["Cleave+1","Body Slam+1"],"picked":"Dropkick","floor":47},{"not_picked":["Body Slam","Cleave+1","Wild Strike+1"],"picked":"SKIP","floor":48},{"not_picked":["Infernal Blade","Bloodletting+1"],"picked":"Corruption","floor":54}],"player_experience":90308,"relics_obtained":[{"floor":7.0,"key":"Paper Frog"},{"floor":13.0,"key":"Bag of Marbles"},{"floor":23.0,"key":"Orichalcum"},{"floor":25.0,"key":"Red Mask"},{"floor":27.0,"key":"Enchiridion"},{"floor":30.0,"key":"Girya"},{"floor":38,"key":"Shovel"},{"floor":39,"key":"TungstenRod"},{"floor":40,"key":"Pantograph"},{"floor":42,"key":"StrikeDummy"},{"floor":54,"key":"Red Skull"}],"event_choices":[{"damage_healed":0.0,"max_hp_gain":0.0,"max_hp_loss":0.0,"gold_gain":175.0,"event_name":"Liars Game","player_choice":"AGREE","floor":2.0,"gold_loss":0.0,"damage_taken":0.0,"cards_obtained":["Doubt"]},{"damage_healed":0.0,"max_hp_gain":5.0,"max_hp_loss":0.0,"gold_gain":0.0,"event_name":"Big Fish","player_choice":"Donut","floor":4.0,"gold_loss":0.0,"damage_taken":0.0},{"damage_healed":0.0,"max_hp_gain":0.0,"max_hp_loss":0.0,"gold_gain":75.0,"event_name":"World of Goop","player_choice":"Gather Gold","floor":10.0,"gold_loss":0.0,"damage_taken":11.0},{"damage_healed":0.0,"max_hp_gain":0.0,"max_hp_loss":0.0,"gold_gain":0.0,"event_name":"Masked Bandits","player_choice":"Fought Bandits","floor":25.0,"gold_loss":0.0,"damage_taken":0.0},{"damage_healed":0.0,"max_hp_gain":0.0,"max_hp_loss":0.0,"gold_gain":0.0,"event_name":"Cursed Tome","player_choice":"Obtained Book","floor":27.0,"gold_loss":0.0,"damage_taken":16.0},{"damage_healed":0,"gold_gain":222,"player_choice":"Wore Mask","damage_taken":0,"max_hp_gain":0,"max_hp_loss":0,"event_name":"Tomb of Lord Red Mask","floor":36,"gold_loss":0},{"damage_healed":0,"gold_gain":0,"player_choice":"Fight","damage_taken":0,"max_hp_gain":0,"max_hp_loss":0,"event_name":"MindBloom","floor":38,"gold_loss":0},{"damage_healed":0,"gold_gain":0,"player_choice":"Fight","damage_taken":0,"max_hp_gain":0,"max_hp_loss":0,"event_name":"Mysterious Sphere","floor":39,"gold_loss":0}],"is_beta":false,"boss_relics":[{"not_picked":["Sozu","Fusion Hammer"],"picked":"Philosopher\u0027s Stone"},{"not_picked":["Runic Cube","Empty Cage"],"picked":"Pandora\u0027s Box"}],"items_purged_floors":[3,28],"is_endless":false,"potions_floor_spawned":[7,13,16,18,22,30,33,42,45,47,54],"ascension_level":5}}