{"host":"k0cm6nn9mnmji9h1","time":1613564527,"event":{"mods":["2.2 Compatiblity","AchievementEnabler","BaseMod","Colored Map","DeckTracker","Gremlin Skip","Highlight Path","Minty Spire (QoL Compilation)","Permanent Neow","StSLib","The Marked","Waifu the Spire"],"gold_per_floor":[109,129,146,165,6,6,6,38,38,38,58,72,72,87,87,190,240,257,257,157,167,182,182,182],"floor_reached":23,"language":"KOR","playtime":1213,"items_purged":["theMarked:Strike","Pain"],"score":195,"play_id":"9a759fd0-14ad-464e-809d-1a6f0a40efc1","local_time":"20210217212207","is_ascension_mode":false,"campfire_choices":[{"data":"theMarked:EmpowerWeapon","floor":6,"key":"SMITH"},{"floor":13,"key":"REST"},{"data":"theMarked:BindingBlade","floor":15,"key":"SMITH"}],"circlet_count":0,"master_deck":["theMarked:Strike","theMarked:Strike","theMarked:Strike","theMarked:Strike","theMarked:Defend","theMarked:Defend","theMarked:Defend","theMarked:Defend","theMarked:SoldierOfQuellstein+1","theMarked:WastefulAttack","theMarked:EmpowerWeapon+1","theMarked:BanishingStrike","theMarked:Frustration","Flash of Steel","theMarked:ChannelForce","theMarked:HeightenedSenses","theMarked:HeightenedSenses","theMarked:BindingBlade+1","theMarked:BiggerThanFate","theMarked:Indomitable"],"relics":["theMarked:ArtifactOfAir","Orichalcum","WarpedTongs","Strawberry","Pen Nib","Tiny House","MutagenicStrength"],"acts_visited":["Exordium","TheCity"],"potions_floor_usage":[16,18,23],"damage_taken":[{"damage":0,"enemies":"Small Slimes","floor":1,"turns":4},{"damage":0,"enemies":"Cultist","floor":2,"turns":4},{"damage":6,"enemies":"Jaw Worm","floor":3,"turns":2},{"damage":0,"enemies":"Exordium Wildlife","floor":4,"turns":2},{"damage":23,"enemies":"Lagavulin","floor":8,"turns":7},{"damage":9,"enemies":"Red Slaver","floor":11,"turns":4},{"damage":5,"enemies":"Looter","floor":12,"turns":3},{"damage":5,"enemies":"3 Louse","floor":14,"turns":2},{"damage":15,"enemies":"Slime Boss","floor":16,"turns":7},{"damage":11,"enemies":"2 Thieves","floor":18,"turns":4},{"damage":5,"enemies":"Spheric Guardian","floor":21,"turns":3},{"damage":43,"enemies":"Chosen and Byrds","floor":22,"turns":7},{"damage":15,"enemies":"Book of Stabbing","floor":23,"turns":3}],"seed_played":"-5013882444137558641","potions_obtained":[{"floor":2,"key":"AttackPotion"},{"floor":4,"key":"Ancient Potion"},{"floor":11,"key":"PowerPotion"},{"floor":16,"key":"AttackPotion"},{"floor":22,"key":"theMarked:ChargePotion"}],"is_trial":false,"path_per_floor":["M","M","M","M","$","R","?","E","T","$","M","M","R","M","R","B",null,"M","?","$","M","M","E"],"character_chosen":"THE_DEFAULT","items_purchased":["Flash of Steel"],"campfire_rested":1,"item_purchase_floors":[5],"current_hp_per_floor":[72,72,66,66,66,66,66,50,50,50,41,36,59,54,54,39,84,73,73,73,68,25,10,10],"gold":182,"neow_bonus":"RANDOM_COMMON_RELIC","is_daily":false,"chose_seed":false,"campfire_upgraded":2,"win_rate":0.0,"timestamp":1613564527,"path_taken":["M","M","M","M","$","R","?","E","T","$","?","M","R","M","R","BOSS","M","?","?","M","M","E"],"items_purchased_type":["Card"],"build_version":"2020-12-22","purchased_purges":2,"victory":false,"max_hp_per_floor":[72,72,72,72,72,72,72,79,79,79,79,79,79,79,79,79,84,84,84,84,84,84,84,84],"card_choices":[{"not_picked":["theMarked:Improvise","theMarked:ShockingTouch"],"picked":"theMarked:WastefulAttack","floor":1},{"not_picked":["theMarked:Parkour","theMarked:TakeCover"],"picked":"theMarked:EmpowerWeapon","floor":2},{"not_picked":["theMarked:Panic","theMarked:Maelstrom"],"picked":"theMarked:BanishingStrike","floor":3},{"not_picked":["theMarked:Overcharge","theMarked:Generate"],"picked":"theMarked:Frustration","floor":4},{"not_picked":["theMarked:KeepCalmAndFight","theMarked:Parkour"],"picked":"theMarked:ChannelForce","floor":8},{"not_picked":["theMarked:ContemptForTheProud","theMarked:WastefulAttack"],"picked":"theMarked:HeightenedSenses","floor":11},{"not_picked":["theMarked:RepellingDischarge","theMarked:Static"],"picked":"theMarked:HeightenedSenses","floor":12},{"not_picked":["theMarked:RepellingDischarge","theMarked:Indomitable"],"picked":"theMarked:BindingBlade","floor":14},{"not_picked":["theMarked:BindingBlade","theMarked:MagusForm"],"picked":"theMarked:BiggerThanFate","floor":16},{"not_picked":["theMarked:EmpowerWeapon","theMarked:TunnelVision","theMarked:TakeCover"],"picked":"SKIP","floor":18},{"not_picked":["theMarked:Electrify+1","theMarked:TakeCover+1","theMarked:Aftermath"],"picked":"SKIP","floor":21},{"not_picked":["theMarked:Electrify+1","theMarked:TakeCover+1","theMarked:Aftermath"],"picked":"SKIP","floor":21},{"not_picked":["theMarked:ShockingTouch","theMarked:TwofoldDefense"],"picked":"theMarked:Indomitable","floor":22}],"player_experience":516571,"relics_obtained":[{"floor":8,"key":"Strawberry"},{"floor":9,"key":"Pen Nib"}],"event_choices":[{"damage_healed":0,"gold_gain":0,"player_choice":"Rummage","damage_taken":0,"relics_obtained":["WarpedTongs"],"max_hp_gain":0,"max_hp_loss":0,"event_name":"Accursed Blacksmith","floor":7,"gold_loss":0,"cards_obtained":["Pain"]},{"damage_healed":0,"gold_gain":0,"player_choice":"Inject Mutagens","damage_taken":0,"relics_obtained":["MutagenicStrength"],"max_hp_gain":0,"max_hp_loss":0,"event_name":"Drug Dealer","floor":19,"gold_loss":0}],"is_beta":false,"boss_relics":[{"not_picked":["Busted Crown","Fusion Hammer"],"picked":"Tiny House"}],"items_purged_floors":[5,20],"is_endless":false,"potions_floor_spawned":[2,4,11,16,22],"killed_by":"Book of Stabbing","ascension_level":0}}