{"host":"3e3mwsgb9gfqiuxm","time":1613544688,"event":{"mods":["Act Like it!","BaseMod","Colored Map","Colored Powertips","Downfall","Gensokyo","Googly Eyes","Hermit","Hubris","Infinite Spire","Jorbs\u0027s Wanderer Trilogy","Koishi","Marisa????????","Minty Spire (QoL Compilation)","Quick Restart","Rare Cards Sparkle","Reimu??????","Remilia??????","Replay The Spire","Shop Mod","StSLib","SuperFastMode","Td1madao Mod","The Animator","The Bug Knight","The Cursed","The Hierophant","The Servant 0.9.4","everything is the same but u backflip on backflip","slay the spire mod where everything is the same but ironclad has a cowboy hat"],"gold_per_floor":[109,109,124,56,56,88,116,128,191,203,26,38,50,62,74,199,211,250,142,404,416,448,900,912,955,994,1080,1092,1118,657,669,681,793,805,830,842,854,776,665,998,998,1077,1077,1077,1077,1089,1119,1132,1144,1164,1164,1164,1164,1164,661,693,693],"floor_reached":58,"language":"ENG","playtime":1699,"items_purged":["Strike_R"],"score":1596,"play_id":"f67ed343-f15a-4174-8d73-910b0e494c4b","local_time":"20210217015128","is_ascension_mode":true,"campfire_choices":[{"data":"Bash","floor":8.0,"key":"SMITH"},{"data":"Fiend Fire","floor":10.0,"key":"SMITH"},{"data":"Combust","floor":13.0,"key":"SMITH"},{"data":"Shrug It Off","floor":15.0,"key":"SMITH"},{"data":"Feed","floor":24.0,"key":"SMITH"},{"data":"Uppercut","floor":28.0,"key":"SMITH"},{"data":"Sword Boomerang","floor":32.0,"key":"SMITH"},{"data":"Berserk","floor":41.0,"key":"SMITH"},{"floor":51.0,"key":"RECALL"},{"data":"Replay:Many Hands","floor":54.0,"key":"SMITH"}],"circlet_count":0,"master_deck":["Strike_R","Strike_R","Strike_R","Defend_R","Defend_R","Defend_R","Defend_R","Bash+1","Wild Strike+1","Combust+1","Fiend Fire+1","Shrug It Off+1","Feed+1","Uppercut+1","Bloodletting+1","Sword Boomerang+1","Power Through+1","Gensokyo:FourOfAKind","Gensokyo:FourOfAKind","Gensokyo:FourOfAKind","Gensokyo:FourOfAKind","Replay:Many Hands+1","Berserk+1","Gensokyo:CustomPotion","Sword Boomerang","Combust+1","Shrug It Off+1","Spot Weakness+1","Impervious","Crow Ritual","Finesse"],"relics":["Burning Blood","NeowsBlessing","hubris:Towel","Gensokyo:OccultBall","MawBank","Brimstone","Gensokyo:CelestialsFlawlessClothing","Philosopher\u0027s Stone","Gensokyo:MaskOfHope","Ancient Tea Set","infinitespire:Lucky Rock","Nunchaku","Tiny Chest","hubris:IronBody","Guide Book","Medical Kit","infinitespire:Cupcake","Gremlin Food","Bag of Preparation","hubris:CrystalStatue","Replay:Baseball","Blood Vial","Calipers","Iron Hammer","infinitespire:Satchel","Sundial"],"acts_visited":["Gensokyo:Gensokyo","Gensokyo:Gensokyoer","Gensokyo:Gensokyoest","TheEnding"],"potions_floor_usage":[57,57,57],"damage_taken":[{"damage":0.0,"enemies":"Gensokyo:3_Fairies","floor":1.0,"turns":2.0},{"damage":0.0,"enemies":"Gensokyo:2_Kodama","floor":3.0,"turns":2.0},{"damage":0.0,"enemies":"Gensokyo:Mamizou","floor":6.0,"turns":2.0},{"damage":2.0,"enemies":"Gensokyo:Gryphon","floor":7.0,"turns":2.0},{"damage":65.0,"enemies":"Gensokyo:Yukari","floor":16.0,"turns":7.0},{"damage":12.0,"enemies":"Gensokyo:CosmicMonolith","floor":18.0,"turns":2.0},{"damage":0.0,"enemies":"Gensokyo:Chomper","floor":22.0,"turns":3.0},{"damage":46.0,"enemies":"Gensokyo:Reisen","floor":23.0,"turns":4.0},{"damage":1.0,"enemies":"Gensokyo:Tenshi","floor":25.0,"turns":3.0},{"damage":0.0,"enemies":"Gensokyo:Slime_Group","floor":29.0,"turns":2.0},{"damage":20.0,"enemies":"Gensokyo:Eiki","floor":33.0,"turns":6.0},{"damage":1.0,"enemies":"Gensokyo:3_Boulders","floor":35.0,"turns":2.0},{"damage":30.0,"enemies":"Gensokyo:Doremy","floor":40.0,"turns":4.0},{"damage":3.0,"enemies":"Gensokyo:AncientGuardian","floor":46.0,"turns":3.0},{"damage":47.0,"enemies":"Gensokyo:Marisa","floor":47.0,"turns":5.0},{"damage":1.0,"enemies":"Gensokyo:4_Bats","floor":48.0,"turns":3.0},{"damage":0.0,"enemies":"Gensokyo:AtlasGolem","floor":49.0,"turns":2.0},{"damage":1.0,"enemies":"Gensokyo:Sharpion","floor":50.0,"turns":2.0},{"damage":3.0,"enemies":"Gensokyo:Scarlet_Devils","floor":52.0,"turns":7.0},{"damage":0.0,"enemies":"Shield and Spear","floor":56.0,"turns":2.0},{"damage":26,"enemies":"The Heart","floor":57,"turns":6}],"seed_played":"-3903559400064137141","potions_obtained":[{"floor":3.0,"key":"Explosive Potion"},{"floor":6.0,"key":"Explosive Potion"},{"floor":7.0,"key":"Energy Potion"},{"floor":23.0,"key":"Energy Potion"},{"floor":47.0,"key":"PowerPotion"},{"floor":48.0,"key":"Elixir"},{"floor":49.0,"key":"SkillPotion"}],"is_trial":false,"path_per_floor":["M","?","M","$","?","E","M","R","T","R","COS","?","R","$","R","B",null,"M","?","?","?","M","E","R","E","T","T","R","M","COS","?","R","B",null,"M","T","?","?","$","E","R","T","T","PTL","PTL","M","E","M","M","M","R","B",null,"R","$","E","B",null],"character_chosen":"IRONCLAD","items_purchased":["Combust","Sword Boomerang","infinitespire:Satchel","DuplicationPotion","Crow Ritual","Finesse"],"campfire_rested":0,"item_purchase_floors":[4,39,55,55,55,55],"current_hp_per_floor":[80,80,80,80,80,80,80,80,80,80,80,60,60,60,60,8,80,77,77,77,77,83,43,43,48,48,48,48,58,58,58,58,44,61,61,61,61,61,61,41,41,41,41,41,41,44,69,69,69,69,69,69,69,69,69,73,53],"gold":693,"neow_bonus":"THREE_ENEMY_KILL","is_daily":false,"chose_seed":false,"campfire_upgraded":9,"win_rate":0.0,"timestamp":1613544688,"path_taken":["M","?","?","$","?","E","M","R","T","R","COS","?","R","?","R","BOSS","M","?","?","?","M","E","R","E","T","?","R","?","COS","?","R","BOSS","M","?","?","?","?","E","R","?","T","PTL","PTL","M","E","M","M","M","R","BOSS","R","$","E","BOSS"],"items_purchased_type":["Card","Card","Relic","Potion","Card","Card"],"build_version":"2020-12-22","purchased_purges":1,"victory":true,"max_hp_per_floor":[80,80,80,80,80,80,80,80,80,80,80,80,80,80,80,80,80,83,83,83,83,83,83,83,83,83,83,83,87,87,61,61,61,61,61,61,61,61,61,65,65,65,65,65,65,65,69,69,69,69,69,69,69,69,69,73,73],"card_choices":[{"not_picked":["True Grit","Pommel Strike"],"picked":"ReplayTheSpireMod:Limb From Limb","floor":1.0},{"not_picked":["Shockwave","Heavy Blade"],"picked":"Wild Strike","floor":3.0},{"not_picked":["Havoc","Brutality"],"picked":"Fiend Fire","floor":6.0},{"not_picked":["Cleave","Pommel Strike"],"picked":"Shrug It Off","floor":7.0},{"not_picked":["Exhume","Demonic Infusion"],"picked":"Feed","floor":16.0},{"not_picked":["Perfected Strike","Havoc"],"picked":"Uppercut","floor":18.0},{"not_picked":["Pommel Strike","Infernal Blade"],"picked":"Sword Boomerang","floor":22.0},{"not_picked":["Shrug It Off","Seeing Red"],"picked":"Power Through+1","floor":23.0},{"not_picked":["ReplayTheSpireMod:Strike From Hell","Body Slam","Blood for Blood"],"picked":"SKIP","floor":25.0},{"not_picked":["Cleave","ReplayTheSpireMod:Strike From Hell","Carnage+1"],"picked":"SKIP","floor":29.0},{"not_picked":["Exhume","Corruption"],"picked":"Replay:Many Hands","floor":33.0},{"not_picked":["ReplayTheSpireMod:Strike From Hell","Clash+1","Sever Soul+1"],"picked":"SKIP","floor":35.0},{"not_picked":["Headbutt","Cleave"],"picked":"Combust+1","floor":40.0},{"not_picked":["Hemokinesis","Seeing Red+1"],"picked":"Shrug It Off+1","floor":46.0},{"not_picked":["Anger","Blood for Blood","Havoc+1"],"picked":"SKIP","floor":47.0},{"not_picked":["Reckless Charge","Sword Boomerang+1","infinitespire:OneForAll+1"],"picked":"SKIP","floor":48.0},{"not_picked":["Flame Barrier","Flex+1"],"picked":"Spot Weakness+1","floor":49.0},{"not_picked":["Armaments+1","Clash+1"],"picked":"Impervious","floor":50.0},{"not_picked":["Hemogenesis","Clothesline+1","Cleave"],"picked":"SKIP","floor":56.0}],"player_experience":1410984,"relics_obtained":[{"floor":6.0,"key":"MawBank"},{"floor":9.0,"key":"CeramicFish"},{"floor":16.0,"key":"Gensokyo:OccultBall"},{"floor":22.0,"key":"Gensokyo:OccultBall"},{"floor":23.0,"key":"infinitespire:Lucky Rock"},{"floor":25.0,"key":"Nunchaku"},{"floor":26.0,"key":"Tiny Chest"},{"floor":27.0,"key":"hubris:IronBody"},{"floor":33.0,"key":"Gensokyo:OccultBall"},{"floor":36.0,"key":"Bag of Preparation"},{"floor":40.0,"key":"hubris:CrystalStatue"},{"floor":43.0,"key":"Replay:Baseball"},{"floor":46.0,"key":"Gensokyo:OccultBall"},{"floor":47.0,"key":"Iron Hammer"},{"floor":49.0,"key":"Gensokyo:OccultBall"},{"floor":56.0,"key":"Sundial"}],"event_choices":[],"is_beta":false,"boss_relics":[{"not_picked":["Sozu","SlaversCollar"],"picked":"Philosopher\u0027s Stone"},{"not_picked":["hubris:VirtuousBlindfold","Pandora\u0027s Box"],"picked":"infinitespire:Cupcake"}],"items_purged_floors":[39],"is_endless":false,"potions_floor_spawned":[3,6,7,23,47,48,49,50],"ascension_level":1}}