{"host":"qc1sjgtdjonvdsd8","time":1613594737,"event":{"mods":["BaseMod","Colored Map","Colored Powertips","Curses Come First","Minty Spire (QoL Compilation)","StSLib"],"gold_per_floor":[119,119,135,151,7,33,45,45,45],"floor_reached":8,"language":"ENG","playtime":499,"items_purged":[],"score":67,"play_id":"6d5b5fc3-1a99-44c5-a188-2cdd5488c644","local_time":"20210217124537","is_ascension_mode":true,"campfire_choices":[],"circlet_count":0,"master_deck":["Strike_B","Strike_B","Strike_B","Strike_B","Defend_B","Defend_B","Defend_B","Defend_B","Zap","Dualcast","Barrage+1","Conserve Battery","Recycle","Electrodynamics","Ball Lightning"],"relics":["Inserter","OrangePellets","Tiny Chest"],"acts_visited":["Exordium"],"potions_floor_usage":[6,8],"damage_taken":[{"damage":0,"enemies":"Small Slimes","floor":1,"turns":3},{"damage":1,"enemies":"Cultist","floor":3,"turns":3},{"damage":9,"enemies":"2 Louse","floor":4,"turns":2},{"damage":39,"enemies":"Lagavulin","floor":6,"turns":9},{"damage":19,"enemies":"Exordium Thugs","floor":7,"turns":5},{"damage":10,"enemies":"3 Sentries","floor":8,"turns":2}],"seed_played":"7895438811922753390","potions_obtained":[{"floor":3,"key":"AttackPotion"},{"floor":7,"key":"LiquidMemories"}],"is_trial":false,"path_per_floor":["M","?","M","M","$","E","M","E"],"character_chosen":"DEFECT","items_purchased":["OrangePellets"],"campfire_rested":0,"item_purchase_floors":[5],"current_hp_per_floor":[75,75,74,65,65,26,7,0,0],"gold":45,"neow_bonus":"BOSS_RELIC","is_daily":false,"chose_seed":false,"campfire_upgraded":0,"win_rate":0.0,"timestamp":1613594737,"path_taken":["M","?","M","M","$","E","?","E"],"items_purchased_type":["Relic"],"build_version":"2020-12-22","purchased_purges":0,"victory":false,"max_hp_per_floor":[75,75,75,75,75,75,75,75,75],"card_choices":[{"not_picked":["Leap","Beam Cell"],"picked":"Barrage","floor":1},{"not_picked":["Sweeping Beam","Steam"],"picked":"Conserve Battery","floor":3},{"not_picked":["Rip and Tear","Steam"],"picked":"Recycle","floor":4},{"not_picked":["Conserve Battery","Barrage"],"picked":"Electrodynamics","floor":6},{"not_picked":["Steam","Go for the Eyes"],"picked":"Ball Lightning","floor":7}],"player_experience":278764,"relics_obtained":[{"floor":6,"key":"Tiny Chest"}],"event_choices":[{"damage_healed":0,"gold_gain":0,"player_choice":"Upgraded","damage_taken":0,"max_hp_gain":0,"max_hp_loss":0,"event_name":"Upgrade Shrine","floor":2,"gold_loss":0,"cards_upgraded":["Barrage"]}],"is_beta":false,"boss_relics":[],"items_purged_floors":[],"is_endless":false,"potions_floor_spawned":[3,7],"killed_by":"3 Sentries","ascension_level":3}}