{"host":"85rg8sallz0lemh6","time":1613596880,"event":{"mods":["BaseMod","Bestiary","Colored Powertips","Highlight Path","Minty Spire (QoL Compilation)","Quick Restart"],"gold_per_floor":[366,376,114,130,130,130,160,179,179,211,222,241,241,270,270,368,368,385,402,402,415,275,275,275,302,302,302,302,302,334,345,345,445,445,464,481,92,109,120,150,160,189,213,233,52,52,64,89,89,89,89,89,9,35,35],"floor_reached":56,"language":"ENG","playtime":2002,"items_purged":["Strike_B","Strike_B"],"score":1528,"play_id":"bbdb3bdd-5526-4e34-91bb-85c88aacb8c7","local_time":"20210217152119","is_ascension_mode":true,"campfire_choices":[{"data":"Dualcast","floor":6.0,"key":"SMITH"},{"data":"Zap","floor":13.0,"key":"SMITH"},{"data":"Defragment","floor":15.0,"key":"SMITH"},{"data":"Defragment","floor":24.0,"key":"SMITH"},{"data":"Defragment","floor":27.0,"key":"SMITH"},{"data":"Buffer","floor":29.0,"key":"SMITH"},{"data":"Capacitor","floor":32.0,"key":"SMITH"},{"floor":46,"key":"RECALL"},{"data":"Amplify","floor":49,"key":"SMITH"},{"data":"Darkness","floor":52,"key":"SMITH"}],"circlet_count":0,"master_deck":["Strike_B","Strike_B","Defend_B","Defend_B","Defend_B","Defend_B","Zap+1","Dualcast+1","Self Repair","Ball Lightning","Darkness+1","Defragment+1","Defragment+1","Leap","Electrodynamics","Glacier","Conserve Battery+1","Defragment+1","Buffer+1","Doom and Gloom","Defragment+1","Capacitor+1","Amplify+1","Coolheaded+1","Double Energy+1","Consume+1","Defragment","Static Discharge+1"],"relics":["Cracked Core","Meat on the Bone","CaptainsWheel","InkBottle","Matryoshka","Potion Belt","Nuclear Battery","PreservedInsect","Question Card","Darkstone Periapt","Thread and Needle","Mercury Hourglass","Busted Crown","Toxic Egg 2","Centennial Puzzle","Juzu Bracelet","MealTicket","Molten Egg 2","Unceasing Top"],"acts_visited":["Exordium","TheCity","TheBeyond","TheEnding"],"potions_floor_usage":[55,55,55,55,55],"damage_taken":[{"damage":1.0,"enemies":"Cultist","floor":1.0,"turns":3.0},{"damage":0.0,"enemies":"Small Slimes","floor":2.0,"turns":3.0},{"damage":1.0,"enemies":"2 Louse","floor":4.0,"turns":2.0},{"damage":15.0,"enemies":"Lagavulin","floor":7.0,"turns":5.0},{"damage":8.0,"enemies":"Large Slime","floor":8.0,"turns":5.0},{"damage":16.0,"enemies":"Gremlin Nob","floor":10.0,"turns":3.0},{"damage":22.0,"enemies":"Lots of Slimes","floor":11.0,"turns":4.0},{"damage":9.0,"enemies":"Exordium Thugs","floor":12.0,"turns":4.0},{"damage":40.0,"enemies":"3 Sentries","floor":14.0,"turns":7.0},{"damage":16.0,"enemies":"Hexaghost","floor":16.0,"turns":9.0},{"damage":17.0,"enemies":"2 Thieves","floor":18.0,"turns":3.0},{"damage":9.0,"enemies":"Shell Parasite","floor":19.0,"turns":5.0},{"damage":15.0,"enemies":"Snecko","floor":21.0,"turns":5.0},{"damage":25.0,"enemies":"Gremlin Leader","floor":25.0,"turns":4.0},{"damage":30.0,"enemies":"Slavers","floor":30.0,"turns":4.0},{"damage":3.0,"enemies":"Cultist and Chosen","floor":31.0,"turns":4.0},{"damage":2.0,"enemies":"Champ","floor":33.0,"turns":10.0},{"damage":35,"enemies":"3 Darklings","floor":35,"turns":7},{"damage":0,"enemies":"3 Shapes","floor":36,"turns":2},{"damage":22,"enemies":"Jaw Worm Horde","floor":38,"turns":4},{"damage":14,"enemies":"3 Darklings","floor":39,"turns":3},{"damage":0,"enemies":"Nemesis","floor":40,"turns":9},{"damage":11,"enemies":"Sphere and 2 Shapes","floor":41,"turns":3},{"damage":0,"enemies":"Giant Head","floor":42,"turns":7},{"damage":8,"enemies":"4 Shapes","floor":44,"turns":2},{"damage":1,"enemies":"Transient","floor":47,"turns":5},{"damage":7,"enemies":"Nemesis","floor":48,"turns":5},{"damage":29,"enemies":"Awakened One","floor":50,"turns":11},{"damage":4,"enemies":"Shield and Spear","floor":54,"turns":5},{"damage":64,"enemies":"The Heart","floor":55,"turns":9}],"seed_played":"3412455626852749805","potions_obtained":[{"floor":2.0,"key":"SteroidPotion"},{"floor":8.0,"key":"AttackPotion"},{"floor":12.0,"key":"PotionOfCapacity"},{"floor":14.0,"key":"Strength Potion"},{"floor":21.0,"key":"SmokeBomb"},{"floor":30.0,"key":"DistilledChaos"},{"floor":33.0,"key":"AttackPotion"},{"floor":35,"key":"Fire Potion"}],"is_trial":false,"path_per_floor":["M","M","$","M","$","R","E","M","T","E","M","M","R","E","R","B",null,"M","M","?","M","$","?","R","E","T","R","?","R","E","M","R","B",null,"M","M","$","M","M","E","M","E","T","M","$","R","M","E","R","B",null,"R","$","E","B",null],"character_chosen":"DEFECT","items_purchased":["Meat on the Bone","Buffer","Weak Potion","Toxic Egg 2","Double Energy+1","Defragment"],"campfire_rested":0,"item_purchase_floors":[3,22,37,37,45,53],"current_hp_per_floor":[53,60,60,66,66,66,58,57,57,48,45,55,55,34,34,37,75,65,63,63,48,48,48,48,42,42,42,42,42,24,40,40,38,75,47,47,47,44,42,49,38,52,52,44,59,59,65,65,65,55,75,75,75,71,26],"gold":35,"neow_bonus":"TWO_FIFTY_GOLD","is_daily":false,"chose_seed":false,"campfire_upgraded":9,"win_rate":0.0,"timestamp":1613596879,"path_taken":["M","M","$","M","$","R","E","M","T","E","?","M","R","E","R","BOSS","M","M","?","M","$","?","R","E","T","R","?","R","E","M","R","BOSS","M","M","$","M","M","E","M","E","T","M","?","R","M","E","R","BOSS","R","$","E","BOSS"],"items_purchased_type":["Relic","Card","Potion","Relic","Card","Card"],"build_version":"2020-12-22","purchased_purges":2,"victory":true,"max_hp_per_floor":[75,75,75,75,75,75,75,75,75,75,75,75,75,75,75,75,75,75,75,75,75,75,75,75,75,75,75,75,75,75,75,75,75,75,75,75,75,75,75,75,75,75,75,75,75,75,75,75,75,75,75,75,75,75,75],"card_choices":[{"not_picked":["Redo","Turbo"],"picked":"Self Repair","floor":1.0},{"not_picked":["Sweeping Beam","Double Energy"],"picked":"Ball Lightning","floor":2.0},{"not_picked":["Reprogram","Steam"],"picked":"Darkness","floor":4.0},{"not_picked":["Tempest","Gash","Reprogram"],"picked":"SKIP","floor":7.0},{"not_picked":["Hologram","Fission","Steam"],"picked":"SKIP","floor":8.0},{"not_picked":["Cold Snap","Barrage"],"picked":"Defragment","floor":10.0},{"not_picked":["Turbo","Rebound"],"picked":"Defragment","floor":11.0},{"not_picked":["Gash","Storm"],"picked":"Leap","floor":12.0},{"not_picked":["Redo","Lockon","Rebound"],"picked":"SKIP","floor":14.0},{"not_picked":["Reboot","Biased Cognition"],"picked":"Electrodynamics","floor":16.0},{"not_picked":["Darkness","Turbo"],"picked":"Glacier","floor":18.0},{"not_picked":["Gash","Ball Lightning"],"picked":"Conserve Battery+1","floor":19.0},{"not_picked":["Cold Snap","Gash+1"],"picked":"Defragment","floor":21.0},{"not_picked":["Beam Cell","Gash","Steam"],"picked":"SKIP","floor":25.0},{"not_picked":["Streamline","Conserve Battery","Coolheaded"],"picked":"Capacitor","floor":30.0},{"not_picked":["Core Surge","Ball Lightning+1","Streamline","Hello World"],"picked":"SKIP","floor":31.0},{"not_picked":["Core Surge","All For One","Biased Cognition"],"picked":"Amplify","floor":33.0},{"not_picked":["Rip and Tear","FTL"],"picked":"SKIP","floor":35},{"not_picked":["Beam Cell+1","Turbo+1"],"picked":"SKIP","floor":36},{"not_picked":["Gash"],"picked":"Coolheaded+1","floor":38},{"not_picked":["Multi-Cast+1","Redo+1"],"picked":"SKIP","floor":39},{"not_picked":["Chill+1","Ball Lightning"],"picked":"SKIP","floor":40},{"not_picked":["Conserve Battery+1","Auto Shields+1"],"picked":"SKIP","floor":41},{"not_picked":["Sweeping Beam+1","Scrape"],"picked":"SKIP","floor":42},{"not_picked":["Compile Driver","Self Repair"],"picked":"SKIP","floor":44},{"not_picked":["Fusion+1","Hologram+1"],"picked":"SKIP","floor":47},{"not_picked":["Recycle+1"],"picked":"Consume+1","floor":48},{"not_picked":["Machine Learning"],"picked":"Static Discharge+1","floor":54}],"player_experience":99996,"relics_obtained":[{"floor":7.0,"key":"CaptainsWheel"},{"floor":9.0,"key":"InkBottle"},{"floor":10.0,"key":"Matryoshka"},{"floor":14.0,"key":"Potion Belt"},{"floor":25.0,"key":"Question Card"},{"floor":26.0,"key":"Darkstone Periapt"},{"floor":26.0,"key":"Thread and Needle"},{"floor":30.0,"key":"Mercury Hourglass"},{"floor":40,"key":"Centennial Puzzle"},{"floor":42,"key":"Juzu Bracelet"},{"floor":43,"key":"MealTicket"},{"floor":48,"key":"Molten Egg 2"},{"floor":54,"key":"Unceasing Top"}],"event_choices":[{"damage_healed":0.0,"max_hp_gain":0.0,"max_hp_loss":0.0,"gold_gain":0.0,"event_name":"The Mausoleum","player_choice":"Opened","floor":20.0,"gold_loss":0.0,"damage_taken":0.0,"relics_obtained":["PreservedInsect"]},{"damage_healed":0.0,"max_hp_gain":0.0,"max_hp_loss":0.0,"gold_gain":0.0,"event_name":"The Library","player_choice":"Read","floor":23.0,"gold_loss":0.0,"damage_taken":0.0,"cards_obtained":["Doom and Gloom"]},{"damage_healed":0.0,"max_hp_gain":0.0,"max_hp_loss":0.0,"gold_gain":0.0,"event_name":"Duplicator","player_choice":"Copied","floor":28.0,"gold_loss":0.0,"damage_taken":0.0,"cards_obtained":["Defragment"]}],"is_beta":false,"boss_relics":[{"not_picked":["Snecko Eye","Cursed Key"],"picked":"Nuclear Battery"},{"not_picked":["SacredBark","Calling Bell"],"picked":"Busted Crown"}],"items_purged_floors":[37,45],"is_endless":false,"potions_floor_spawned":[2,8,12,14,21,30,33,35,41,42,48,54],"ascension_level":3}}