{"host":"pqs17sqrgflf4eqa","time":1613597842,"event":{"mods":["AchievementEnabler","BaseMod","Bestiary","Better Altar","Better Match","Better Skull","Block Reminder","Bossed Relics","Colored Map","Colored Powertips","Curses Come First","Dark Map","DeckTracker","Defective Defect","Displayed Cursed Tome","Emptier Cage","Googly Eyes","Highlight Path","Minty Spire (QoL Compilation)","Quick Restart","Slay-I","StSLib","SuperFastMode","Synergy Search","Thieving Mod","Transform Curses","everything is the same but u backflip on backflip","slay the spire mod where everything is the same but ironclad has a cowboy hat"],"gold_per_floor":[18,18,35,35,47,103,115,127,139,166,199,211,223,35,35,156,156,170,194,194,194,210,245,170,170,170,170,170],"floor_reached":27,"language":"ENG","playtime":475,"items_purged":[],"score":298,"play_id":"3bef7601-9b48-4d9c-90da-5b165d590e66","local_time":"20210217163722","is_ascension_mode":true,"campfire_choices":[{"data":"Vigilance","floor":7,"key":"SMITH"},{"data":"FlyingSleeves","floor":12,"key":"SMITH"},{"data":"WindmillStrike","floor":15,"key":"SMITH"},{"floor":25,"key":"REST"}],"circlet_count":0,"master_deck":["Strike_P","Strike_P","Strike_P","Strike_P","Defend_P","Defend_P","Defend_P","Defend_P","Eruption+1","Vigilance+1","Consecrate","FlyingSleeves+1","CarveReality","Prostrate+1","WindmillStrike+1","Vault+1","Judgement+1","Crescendo+1","Tantrum","Necronomicurse","EmptyBody+1","FlurryOfBlows+1","Wireheading+1","Vengeance+1"],"relics":["PureWater","Ginger","MawBank","Golden Idol","Torii","Toxic Egg 2","Dream Catcher","Philosopher\u0027s Stone","Necronomicon","Lantern","TeardropLocket"],"acts_visited":["Exordium","TheCity"],"potions_floor_usage":[6,23,27,27],"damage_taken":[{"damage":2,"enemies":"2 Louse","floor":1,"turns":3},{"damage":0,"enemies":"Small Slimes","floor":3,"turns":3},{"damage":14,"enemies":"Lagavulin","floor":6,"turns":5},{"damage":0,"enemies":"Cultist","floor":10,"turns":1},{"damage":1,"enemies":"Large Slime","floor":11,"turns":4},{"damage":14,"enemies":"Hexaghost","floor":16,"turns":8},{"damage":0,"enemies":"Spheric Guardian","floor":18,"turns":2},{"damage":0,"enemies":"Chosen","floor":19,"turns":4},{"damage":16,"enemies":"Centurion and Healer","floor":22,"turns":4},{"damage":23,"enemies":"Book of Stabbing","floor":23,"turns":5},{"damage":27,"enemies":"Snake Plant","floor":27,"turns":2}],"seed_played":"2814387964032631207","potions_obtained":[{"floor":1,"key":"ColorlessPotion"},{"floor":11,"key":"EssenceOfSteel"},{"floor":23,"key":"Weak Potion"}],"is_trial":false,"path_per_floor":["M","?","M","?","?","E","R","$","T","M","M","R","T","$","R","B",null,"M","M","?","?","M","E","?","R","T","M"],"character_chosen":"WATCHER","items_purchased":["Vault+1","BottledMiracle"],"campfire_rested":1,"item_purchase_floors":[14,14],"current_hp_per_floor":[63,63,63,60,60,46,46,46,46,46,45,45,45,45,45,31,58,58,58,58,42,26,3,3,23,23,0,0],"gold":170,"neow_bonus":"ONE_RARE_RELIC","is_daily":false,"chose_seed":false,"campfire_upgraded":3,"win_rate":0.0,"timestamp":1613597842,"path_taken":["M","?","M","?","?","E","R","$","T","M","M","R","?","$","R","BOSS","M","M","?","?","M","E","?","R","T","?"],"items_purchased_type":["Card","Potion"],"build_version":"2020-12-22","purchased_purges":0,"victory":false,"max_hp_per_floor":[72,72,72,72,67,67,67,67,67,67,67,67,67,67,67,67,67,67,67,67,67,67,67,67,67,67,67,67],"card_choices":[{"not_picked":["LikeWater","MentalFortress"],"picked":"Consecrate","floor":1},{"not_picked":["Weave","JustLucky"],"picked":"FlyingSleeves","floor":3},{"not_picked":["ClearTheMind","WreathOfFlame"],"picked":"CarveReality","floor":6},{"not_picked":["BowlingBash","ThirdEye+1"],"picked":"Prostrate+1","floor":10},{"not_picked":["JustLucky","WreathOfFlame+1"],"picked":"WindmillStrike","floor":11},{"not_picked":["ConjureBlade+1","Scrawl+1"],"picked":"Judgement+1","floor":16},{"not_picked":["Conclude","Worship+1"],"picked":"Crescendo+1","floor":18},{"not_picked":["Evaluate+1","Sanctity+1"],"picked":"Tantrum","floor":19},{"not_picked":["EmptyFist+1","CrushJoints+1"],"picked":"EmptyBody+1","floor":22},{"not_picked":["CrushJoints+1","Evaluate+1"],"picked":"FlurryOfBlows+1","floor":23},{"not_picked":["LikeWater+1","FearNoEvil+1"],"picked":"Wireheading+1","floor":24},{"not_picked":["JustLucky","EmptyBody+1"],"picked":"Vengeance+1","floor":25}],"player_experience":225926,"relics_obtained":[{"floor":6,"key":"Torii"},{"floor":9,"key":"Toxic Egg 2"},{"floor":13,"key":"Dream Catcher"},{"floor":23,"key":"Lantern"},{"floor":26,"key":"TeardropLocket"}],"event_choices":[{"damage_healed":0,"gold_gain":0,"player_choice":"Grow","damage_taken":0,"max_hp_gain":0,"max_hp_loss":0,"event_name":"Living Wall","floor":2,"gold_loss":0,"cards_upgraded":["Eruption"]},{"damage_healed":0,"gold_gain":0,"player_choice":"Success","damage_taken":3,"relics_obtained":["MawBank"],"max_hp_gain":0,"max_hp_loss":0,"event_name":"Scrap Ooze","floor":4,"gold_loss":0},{"damage_healed":0,"gold_gain":0,"player_choice":"Lose Max HP","damage_taken":0,"relics_obtained":["Golden Idol"],"max_hp_gain":0,"max_hp_loss":5,"event_name":"Golden Idol","floor":5,"gold_loss":0},{"damage_healed":0,"gold_gain":0,"player_choice":"Ignored","damage_taken":0,"max_hp_gain":0,"max_hp_loss":0,"event_name":"Ghosts","floor":20,"gold_loss":0},{"damage_healed":0,"gold_gain":0,"player_choice":"Obtained Book","damage_taken":16,"max_hp_gain":0,"max_hp_loss":0,"event_name":"Cursed Tome","floor":21,"gold_loss":0},{"damage_healed":0,"gold_gain":0,"player_choice":"2","damage_taken":0,"max_hp_gain":0,"max_hp_loss":0,"event_name":"betterMatch:BetterMatch","floor":24,"gold_loss":0,"cards_obtained":["betterMatch:UncommonCard"]}],"is_beta":false,"boss_relics":[{"not_picked":["Cursed Key","Tiny House"],"picked":"Philosopher\u0027s Stone"}],"items_purged_floors":[],"is_endless":false,"potions_floor_spawned":[1,11,23],"killed_by":"Snake Plant","ascension_level":6}}