{"host":"hyfpy4s3im8mj1lj","time":1613586089,"event":{"mods":["AchievementEnabler","Act Like it!","BaseMod","Downfall","Googly Eyes","Hallownest","Hermit","Hubris","Infinite Spire","Minty Spire (QoL Compilation)","Replay The Spire","StSLib","SuperFastMode","The Bug Knight","The IronCluck","The Necromancer","The Valiant","The Wild Card"],"gold_per_floor":[99,117,129,129,129,162,162,197,216,216,51,51,0,33,52,147,147,47,67,83,83,120,120,120,65,65,77,89,89,105,118,135,238,238,238,257,267,267,25,35,61,61,76,76,89,89,89,116,132,132],"floor_reached":51,"language":"ENG","playtime":3590,"items_purged":["champ:Defend+1"],"score":569,"play_id":"09485b2a-bab2-4529-aa5a-4c8d54014701","local_time":"20210217182129","is_ascension_mode":false,"campfire_choices":[{"data":"champ:Execute","floor":1.0,"key":"SMITH"},{"floor":10.0,"key":"REST"},{"data":"champ:CrownThrow","floor":18.0,"key":"SMITH"},{"floor":23.0,"key":"REST"},{"data":"champ:FaceSlap","floor":26.0,"key":"SMITH"},{"data":"champ:MurderStrike","floor":35,"key":"SMITH"},{"data":"champ:SwordThrow","floor":42,"key":"SMITH"},{"data":"champ:Circumvent","floor":44,"key":"SMITH"},{"data":"champ:UltimateStance","floor":47,"key":"SMITH"}],"circlet_count":0,"master_deck":["champ:Strike+1","champ:Strike+1","champ:Defend","champ:Defend+1","champ:Execute+1","champ:Taunt","champ:CrownThrow+1","champ:PreciseThrust","champ:ArenaPreparation+1","champ:UltimateStance+1","champ:SetATrap","champ:AdrenalArmor","champ:VampiricStrike","champ:Duel","champ:ShieldWall","champ:Backstep","champ:CrownThrow+1","champ:Circumvent+1","champ:VampiricStrike","champ:EnGarde","champ:CrookedStrike","champ:PreciseThrust+1","champ:HeavySlash","champ:FaceSlap+1","Writhe","champ:TripleStrike","champ:TripleStrike","champ:StanceDance","champ:DeathBlow","champ:RisingSlash","Writhe","champ:AdrenalArmor","champ:Shatter","champ:FlashCut+1","champ:MurderStrike+1","champ:StanceDance","champ:ShieldWall","champ:SwordThrow+1","champ:BringItOn+1","champ:Circumvent+1","champ:RecklessLeap+1","champ:StanceDance","champ:RapidStrikes","champ:Shatter+1"],"relics":["champ:ChampionCrown","Eternal Feather","Prayer Wheel","ReplayTheSpireMod:Shallot","hubris:EmptyBottle","hubris:Icosahedron","infinitespire:Satchel","Replay:Drink Me","downfall:HeartBlessingGreen","champ:DefensiveTrainingManual","Bird Faced Urn","hubris:Zylophone","ReplayTheSpireMod:CursedCoin","infinitespire:CursedDice","hubris:HollowSoul","Bronze Scales","MealTicket","Simple Rune"],"acts_visited":["Exordium","TheCity","TheBeyond"],"potions_floor_usage":[31,33,33,33,50,50,50,50],"damage_taken":[{"damage":10.0,"enemies":"2 Louse","floor":2.0,"turns":2.0},{"damage":15.0,"enemies":"Small Slimes","floor":3.0,"turns":3.0},{"damage":52.0,"enemies":"3 Sentries","floor":6.0,"turns":8.0},{"damage":21.0,"enemies":"Gremlin Nob","floor":8.0,"turns":4.0},{"damage":5.0,"enemies":"Jaw Worm","floor":9.0,"turns":2.0},{"damage":38.0,"enemies":"downfall:FleeingMerchant","floor":11.0,"turns":4.0},{"damage":26.0,"enemies":"downfall:FleeingMerchant","floor":13.0,"turns":4.0},{"damage":55.0,"enemies":"3 Sentries","floor":14.0,"turns":4.0},{"damage":13.0,"enemies":"Blue Slaver","floor":15.0,"turns":3.0},{"damage":35.0,"enemies":"SI_SHIV_ARCHETYPE","floor":16.0,"turns":4.0},{"damage":10.0,"enemies":"Chosen","floor":19.0,"turns":4.0},{"damage":17.0,"enemies":"3 Byrds","floor":20.0,"turns":6.0},{"damage":2.0,"enemies":"downfall:FleeingMerchant","floor":25.0,"turns":4.0},{"damage":27.0,"enemies":"Snake Plant","floor":27.0,"turns":5.0},{"damage":20.0,"enemies":"Cultist and Chosen","floor":28.0,"turns":5.0},{"damage":35.0,"enemies":"Centurion and Healer","floor":30.0,"turns":6.0},{"damage":34,"enemies":"Snecko","floor":31,"turns":3},{"damage":25,"enemies":"3 Cultists","floor":32,"turns":4},{"damage":99,"enemies":"WA_ARCHETYPE_CALM","floor":33,"turns":14},{"damage":26,"enemies":"3 Darklings","floor":36,"turns":5},{"damage":59,"enemies":"3 Shapes","floor":37,"turns":4},{"damage":49,"enemies":"downfall:FleeingMerchant","floor":39,"turns":4},{"damage":36,"enemies":"Jaw Worm Horde","floor":40,"turns":5},{"damage":0,"enemies":"Sphere and 2 Shapes","floor":43,"turns":5},{"damage":41,"enemies":"Spire Growth","floor":45,"turns":5},{"damage":45,"enemies":"Maw","floor":49,"turns":7},{"damage":0,"enemies":"DF_ARCHETYPE_ORBS","floor":50,"turns":1}],"seed_played":"-5169926988845568533","potions_obtained":[{"floor":2.0,"key":"Cursed Concoction"},{"floor":8.0,"key":"Doom Potion"},{"floor":9.0,"key":"champ:UltimateStancePotion"},{"floor":14.0,"key":"LiquidBronze"},{"floor":19.0,"key":"BlessingOfTheForge"},{"floor":27.0,"key":"AttackPotion"},{"floor":31,"key":"Weak Potion"},{"floor":32,"key":"EssenceOfSteel"},{"floor":36,"key":"FearPotion"},{"floor":45,"key":"Strength Potion"},{"floor":49,"key":"FairyPotion"}],"is_trial":false,"path_per_floor":["R","M","M","?","?","E","T","E","M","R","$","?","$","E","M","B",null,"R","M","M","?","?","R","T","$","R","M","M","?","M","M","M","B",null,"R","M","M","?","$","M","T","R","M","R","M","?","R","?","M","B",null],"character_chosen":"THE_CHAMP","items_purchased":["hubris:EmptyBottle","ReplayTheSpireMod:CursedCoin","champ:TripleStrike","Replay:SS_hec_1","Bronze Scales"],"campfire_rested":2,"item_purchase_floors":[11,25,25,25,39],"current_hp_per_floor":[99,99,94,94,94,62,62,51,46,84,76,76,75,55,52,52,75,75,75,68,68,38,72,72,72,75,58,58,58,58,54,46,75,75,75,69,50,50,50,39,39,63,65,75,49,52,76,76,76,39],"gold":132,"neow_bonus":"TEN_PERCENT_HP_BONUS","is_daily":false,"chose_seed":false,"campfire_upgraded":7,"win_rate":0.0,"timestamp":1613586089,"path_taken":["R","M","M","?","?","E","T","E","M","R","$","?","$","E","M","BOSS","R","M","M","?","?","R","T","$","R","M","M","?","M","M","M","BOSS","R","M","M","?","$","M","T","R","M","R","M","?","R","?","M","BOSS"],"items_purchased_type":["Relic","Relic","Card","Card","Relic"],"build_version":"2020-12-22","purchased_purges":1,"victory":true,"max_hp_per_floor":[99,99,99,99,99,99,99,99,99,99,99,99,99,99,99,99,75,75,75,75,75,75,75,75,75,75,75,75,75,75,75,75,75,75,75,75,75,75,75,75,75,75,75,75,75,78,78,78,78,78],"card_choices":[{"not_picked":["champ:Backstep","champ:DefensiveShout"],"picked":"champ:CrownThrow","floor":2.0},{"not_picked":["champ:FanOfKnives","champ:ShieldSlam"],"picked":"champ:PreciseThrust","floor":3.0},{"not_picked":["champ:Parry","champ:BladeFlurry"],"picked":"champ:UltimateStance","floor":6.0},{"not_picked":["champ:PreemptiveStrike","champ:Parry"],"picked":"champ:SetATrap","floor":8.0},{"not_picked":["champ:GutPunch","champ:CalledShot"],"picked":"champ:AdrenalArmor","floor":9.0},{"not_picked":["champ:EnGarde","champ:IronFortress","champ:VampiricStrike"],"picked":"SKIP","floor":9.0},{"not_picked":["champ:EnGarde","champ:IronFortress"],"picked":"champ:VampiricStrike","floor":9.0},{"not_picked":["champ:StanceDance","champ:FlashCut"],"picked":"champ:Duel","floor":11.0},{"not_picked":["champ:EnragedBash","champ:AdrenalArmor"],"picked":"champ:ShieldWall","floor":13.0},{"not_picked":["champ:FocusedBerserking","champ:StanceDance"],"picked":"champ:Backstep","floor":14.0},{"not_picked":["champ:FlashCut","champ:GutPunch"],"picked":"champ:CrownThrow","floor":15.0},{"not_picked":["champ:IronFortress","champ:RapidStrikes"],"picked":"champ:Circumvent","floor":15.0},{"not_picked":["champ:HeavySlash","champ:LastStand"],"picked":"champ:VampiricStrike","floor":16.0},{"not_picked":["champ:GutPunch","champ:FlashCut"],"picked":"champ:EnGarde","floor":19.0},{"not_picked":["champ:CrownThrow","champ:PerfectedStrike+1"],"picked":"champ:CrookedStrike","floor":19.0},{"not_picked":["champ:BringItOn+1","champ:GutPunch"],"picked":"champ:PreciseThrust+1","floor":20.0},{"not_picked":["champ:Encircle","champ:FocusedBerserking","champ:PerfectedStrike+1"],"picked":"SKIP","floor":20.0},{"not_picked":["champ:CrownThrow","champ:EnragedBash"],"picked":"champ:HeavySlash","floor":22.0},{"not_picked":["champ:FancyFootwork","champ:Backstep"],"picked":"champ:FaceSlap","floor":25.0},{"not_picked":["champ:PreemptiveStrike+1","champ:Haymaker"],"picked":"champ:StanceDance","floor":27.0},{"not_picked":["champ:FaceSlap","champ:FalseCounter+1"],"picked":"champ:DeathBlow","floor":27.0},{"not_picked":["champ:SetATrap+1","champ:Backstep"],"picked":"champ:RisingSlash","floor":28.0},{"not_picked":["champ:RecklessLeap+1","champ:PreemptiveStrike+1","champ:SetATrap"],"picked":"SKIP","floor":28.0},{"not_picked":["champ:PreciseThrust+1","champ:HeartStrike"],"picked":"champ:AdrenalArmor","floor":30.0},{"not_picked":["champ:SkillfulDodge","champ:Backstep"],"picked":"champ:Shatter","floor":30.0},{"not_picked":["champ:Backstep","champ:ArenaPreparation+1"],"picked":"champ:FlashCut+1","floor":31},{"not_picked":["champ:BerserkersShout","champ:SetATrap+1"],"picked":"champ:MurderStrike","floor":31},{"not_picked":["champ:TornadoPunch","champ:PreciseThrust"],"picked":"champ:StanceDance","floor":32},{"not_picked":["champ:Haymaker+1","champ:TornadoPunch"],"picked":"champ:ShieldWall","floor":32},{"not_picked":["champ:Improvising","champ:HoldFirm"],"picked":"champ:SwordThrow","floor":33},{"not_picked":["champ:GladiatorStyle","champ:CrownThrow"],"picked":"champ:BringItOn+1","floor":36},{"not_picked":["champ:AdrenalArmor+1","champ:FancyFootwork+1"],"picked":"champ:Circumvent+1","floor":36},{"not_picked":["champ:GladiatorStyle","champ:Duel+1"],"picked":"champ:RecklessLeap+1","floor":37},{"not_picked":["champ:EnGarde","champ:FlashCut"],"picked":"champ:StanceDance","floor":37},{"not_picked":["champ:BerserkersShout","champ:StanceDance","champ:AdrenalArmor"],"picked":"SKIP","floor":39},{"not_picked":["champ:EnGarde","champ:BerserkersShout"],"picked":"champ:RapidStrikes","floor":40},{"not_picked":["champ:BerserkersShout+1","champ:DancingMaster","champ:CalledShot"],"picked":"SKIP","floor":40},{"not_picked":["champ:Backstep","champ:PreciseThrust"],"picked":"champ:Shatter+1","floor":43},{"not_picked":["champ:CrownThrow","champ:FocusedDefense","champ:Circumvent+1"],"picked":"SKIP","floor":43},{"not_picked":["champ:CrookedStrike+1","champ:GladiatorStyle","champ:Endure"],"picked":"SKIP","floor":45},{"not_picked":["champ:GutPunch","champ:EnGarde","champ:PerfectedStrike+1"],"picked":"SKIP","floor":45},{"not_picked":["champ:RecklessLeap+1","champ:SetATrap","champ:Duel+1"],"picked":"SKIP","floor":49},{"not_picked":["champ:FlashCut+1","champ:EnGarde+1","champ:DefensiveShout"],"picked":"SKIP","floor":49}],"player_experience":340618,"relics_obtained":[{"floor":6.0,"key":"Eternal Feather"},{"floor":7.0,"key":"Prayer Wheel"},{"floor":8.0,"key":"ReplayTheSpireMod:Shallot"},{"floor":14.0,"key":"infinitespire:Satchel"},{"floor":22.0,"key":"Bird Faced Urn"},{"floor":24.0,"key":"hubris:Zylophone"},{"floor":41,"key":"MealTicket"},{"floor":48,"key":"Simple Rune"}],"event_choices":[{"cards_removed":["Replay:SS_hec_1"],"damage_healed":0,"gold_gain":0,"player_choice":"Removed Power","damage_taken":0,"max_hp_gain":0,"max_hp_loss":0,"event_name":"Falling","floor":38,"gold_loss":0}],"is_beta":false,"boss_relics":[{"not_picked":["ReplayTheSpireMod:DimensionalGlitch","Honey Jar"],"picked":"Replay:Drink Me"},{"not_picked":["SlaversCollar","hubris:Stopwatch"],"picked":"hubris:HollowSoul"}],"items_purged_floors":[39],"is_endless":false,"potions_floor_spawned":[2,8,9,14,19,27,30,31,32,36,43,45,49],"ascension_level":0}}