{"host":"yo9wwslrag05lh37","time":1613599329,"event":{"mods":["AchievementEnabler","BaseMod","Block Reminder","Colored Map","Colored Powertips","GifTheSpireLib","HexUI Lib","Highlight Path","Minty Spire (QoL Compilation)","Rare Cards Sparkle","Relic Stats","StSLib","everything is the same but u backflip on backflip"],"gold_per_floor":[116,135,149,149,149,176,176,186,186,186,196,196,209,238,238,335,335,351,371,371,59,5,40,40,74,74,99,99,17,17,56,56,168,168,189,214,237,1254,1272,1272,1301,1301,1301,1336,1336,1352,1352,809,809,809,809,809,436,471,471],"floor_reached":56,"language":"ENG","playtime":2535,"items_purged":["Strike_P","Strike_P","Normality","Normality"],"score":1789,"play_id":"65717379-2313-4731-bba7-b06c99b5a823","local_time":"20210217230209","is_ascension_mode":true,"campfire_choices":[{"data":"CrushJoints","floor":7.0,"key":"SMITH"},{"data":"WheelKick","floor":10.0,"key":"SMITH"},{"data":"MentalFortress","floor":12.0,"key":"SMITH"},{"data":"Vigilance","floor":15.0,"key":"SMITH"},{"data":"Blasphemy","floor":24.0,"key":"SMITH"},{"data":"MentalFortress","floor":28.0,"key":"SMITH"},{"data":"SashWhip","floor":30.0,"key":"SMITH"},{"data":"Sanctity","floor":32.0,"key":"SMITH"},{"data":"Scrawl","floor":40.0,"key":"SMITH"},{"floor":42.0,"key":"RECALL"},{"data":"InnerPeace","floor":45.0,"key":"SMITH"},{"data":"Master of Strategy","floor":47.0,"key":"SMITH"},{"data":"Violence","floor":49.0,"key":"SMITH"},{"data":"MentalFortress","floor":52.0,"key":"SMITH"}],"circlet_count":0,"master_deck":["Strike_P+1","Strike_P","Defend_P","Defend_P","Defend_P","Eruption+1","Vigilance+1","CrushJoints+1","FlurryOfBlows","WheelKick+1","SashWhip+1","MentalFortress+1","MentalFortress+1","Blasphemy+1","Crescendo+1","Tantrum+1","InnerPeace+1","DeceiveReality","Sanctity+1","Consecrate+1","Scrawl+1","Adaptation+1","FlurryOfBlows+1","FearNoEvil","Flash of Steel","Master of Strategy+1","TalkToTheHand+1","Violence+1","MentalFortress+1","Dark Shackles","Wallop+1","FearNoEvil+1","Violence","Adaptation"],"relics":["PureWater","Ornamental Fan","Shuriken","Yang","VioletLotus","Membership Card","Meat on the Bone","CeramicFish","Eternal Feather","Blue Candle","Question Card","Gremlin Horn","SlaversCollar","Ancient Tea Set","Potion Belt","Bag of Preparation","ClockworkSouvenir","Orichalcum","Whetstone","Pen Nib","Orrery","Dead Branch"],"acts_visited":["Exordium","TheCity","TheBeyond","TheEnding"],"potions_floor_usage":[55],"damage_taken":[{"damage":0.0,"enemies":"Cultist","floor":1.0,"turns":3.0},{"damage":1.0,"enemies":"2 Louse","floor":2.0,"turns":2.0},{"damage":8.0,"enemies":"Small Slimes","floor":3.0,"turns":3.0},{"damage":0.0,"enemies":"Gremlin Nob","floor":6.0,"turns":2.0},{"damage":4.0,"enemies":"3 Louse","floor":8.0,"turns":2.0},{"damage":0.0,"enemies":"Large Slime","floor":11.0,"turns":2.0},{"damage":6.0,"enemies":"Red Slaver","floor":13.0,"turns":2.0},{"damage":0.0,"enemies":"Lagavulin","floor":14.0,"turns":4.0},{"damage":23.0,"enemies":"The Guardian","floor":16.0,"turns":8.0},{"damage":2.0,"enemies":"Shell Parasite","floor":18.0,"turns":3.0},{"damage":4.0,"enemies":"Chosen","floor":19.0,"turns":2.0},{"damage":35.0,"enemies":"Book of Stabbing","floor":23.0,"turns":4.0},{"damage":26.0,"enemies":"Slavers","floor":25.0,"turns":3.0},{"damage":0.0,"enemies":"Snecko","floor":27.0,"turns":2.0},{"damage":19.0,"enemies":"Gremlin Leader","floor":31.0,"turns":4.0},{"damage":32.0,"enemies":"Automaton","floor":33.0,"turns":6.0},{"damage":0.0,"enemies":"3 Shapes","floor":35.0,"turns":2.0},{"damage":14.0,"enemies":"3 Darklings","floor":36.0,"turns":3.0},{"damage":9.0,"enemies":"Jaw Worm Horde","floor":37.0,"turns":2.0},{"damage":43.0,"enemies":"Nemesis","floor":41.0,"turns":3.0},{"damage":1.0,"enemies":"Giant Head","floor":44.0,"turns":3.0},{"damage":2.0,"enemies":"Transient","floor":46.0,"turns":5.0},{"damage":12.0,"enemies":"Donu and Deca","floor":50.0,"turns":7.0},{"damage":8.0,"enemies":"Shield and Spear","floor":54.0,"turns":3.0},{"damage":96,"enemies":"The Heart","floor":55,"turns":8}],"seed_played":"-6641361183301744777","potions_obtained":[{"floor":2.0,"key":"DuplicationPotion"},{"floor":11.0,"key":"LiquidBronze"},{"floor":13.0,"key":"DuplicationPotion"},{"floor":14.0,"key":"SpeedPotion"},{"floor":23.0,"key":"DistilledChaos"},{"floor":27.0,"key":"Swift Potion"},{"floor":31.0,"key":"LiquidMemories"},{"floor":37.0,"key":"SteroidPotion"},{"floor":46.0,"key":"BlessingOfTheForge"},{"floor":54.0,"key":"EssenceOfSteel"}],"is_trial":false,"path_per_floor":["M","M","M","?","?","E","R","M","T","R","M","R","M","E","R","B",null,"M","M","?","$","?","E","R","E","T","M","R","$","R","E","R","B",null,"M","M","M","?","?","R","E","R","T","E","R","M","R","$","R","B",null,"R","$","E","B",null],"character_chosen":"WATCHER","items_purchased":["Membership Card","Meat on the Bone","Sanctity","Violence","Bag of Preparation","ClockworkSouvenir","MentalFortress","Orichalcum","FairyPotion","SpeedPotion","SkillPotion","Dark Shackles","Whetstone","Pen Nib","Orrery","Violence"],"campfire_rested":0,"item_purchase_floors":[21,21,29,48,48,48,48,48,48,48,48,48,53,53,53,53],"current_hp_per_floor":[65,64,56,61,61,61,61,57,57,57,57,57,51,51,51,28,65,63,59,45,45,45,22,31,17,17,29,38,38,47,40,52,32,70,70,56,47,47,37,52,21,36,36,47,62,60,75,75,82,70,79,82,82,74,16],"gold":471,"neow_bonus":"UPGRADE_CARD","is_daily":false,"chose_seed":false,"campfire_upgraded":13,"win_rate":0.0,"timestamp":1613599329,"path_taken":["M","?","M","?","?","E","R","M","T","R","M","R","M","E","R","BOSS","M","M","?","$","?","E","R","E","T","M","R","$","R","E","R","BOSS","M","M","?","?","?","R","E","R","T","E","R","M","R","$","R","BOSS","R","$","E","BOSS"],"items_purchased_type":["Relic","Relic","Card","Card","Relic","Relic","Card","Relic","Potion","Potion","Potion","Card","Relic","Relic","Relic","Card"],"build_version":"2020-12-22","purchased_purges":4,"victory":true,"max_hp_per_floor":[72,72,72,77,77,77,77,77,77,77,77,77,77,77,77,77,77,77,77,82,82,82,82,82,82,82,82,82,82,82,82,82,82,82,82,82,82,82,82,82,82,82,82,82,82,82,82,82,82,82,82,82,82,82,82],"relic_stats":{"Gremlin Horn":[10,11],"counters":[25,88],"CeramicFish":189,"Blue Candle":[5],"Dead Branch":[12],"Yang":[251],"Eternal Feather":109,"Pen Nib":[5],"Bag of Preparation":[6],"Whetstone":["FlurryOfBlows","Strike_P"],"Orichalcum":[6],"Question Card":18,"Ornamental Fan":[280],"Shuriken":[69],"VioletLotus":[23],"obtain_stats":[{"Potion Belt":44,"Gremlin Horn":31,"CeramicFish":22,"Blue Candle":25,"Dead Branch":54,"Yang":14,"Eternal Feather":23,"Pen Nib":53,"Bag of Preparation":48,"Whetstone":53,"Orichalcum":48,"Question Card":26,"Ancient Tea Set":41,"ClockworkSouvenir":48,"SlaversCollar":34,"Ornamental Fan":6,"Shuriken":9,"Orrery":53,"VioletLotus":17,"Membership Card":21,"PureWater":0,"Meat on the Bone":21},{"Potion Belt":21,"Gremlin Horn":15,"CeramicFish":11,"Blue Candle":13,"Dead Branch":24,"Yang":8,"Eternal Feather":12,"Pen Nib":23,"Bag of Preparation":22,"Whetstone":23,"Orichalcum":22,"Question Card":13,"Ancient Tea Set":20,"ClockworkSouvenir":22,"SlaversCollar":16,"Ornamental Fan":4,"Shuriken":5,"Orrery":23,"VioletLotus":9,"Membership Card":11,"PureWater":0,"Meat on the Bone":11},{"Potion Belt":65,"Gremlin Horn":46,"CeramicFish":33,"Blue Candle":40,"Dead Branch":80,"Yang":20,"Eternal Feather":37,"Pen Nib":77,"Bag of Preparation":70,"Whetstone":77,"Orichalcum":70,"Question Card":40,"Ancient Tea Set":62,"ClockworkSouvenir":70,"SlaversCollar":52,"Ornamental Fan":10,"Shuriken":12,"Orrery":77,"VioletLotus":28,"Membership Card":33,"PureWater":0,"Meat on the Bone":33}],"Meat on the Bone":96},"card_choices":[{"not_picked":["Evaluate","EmptyFist"],"picked":"CrushJoints","floor":1.0},{"not_picked":["SignatureMove","Evaluate"],"picked":"FlurryOfBlows","floor":2.0},{"not_picked":["Prostrate","Consecrate"],"picked":"WheelKick","floor":3.0},{"not_picked":["ThirdEye","PathToVictory"],"picked":"SashWhip","floor":6.0},{"not_picked":["SashWhip","Nirvana","Indignation"],"picked":"SKIP","floor":8.0},{"not_picked":["ReachHeaven","Evaluate"],"picked":"MentalFortress","floor":11.0},{"not_picked":["Meditate","Alpha"],"picked":"MentalFortress","floor":13.0},{"not_picked":["JustLucky","Evaluate","ThirdEye"],"picked":"SKIP","floor":14.0},{"not_picked":["Vault","Alpha"],"picked":"Blasphemy","floor":16.0},{"not_picked":["Conclude+1","JustLucky"],"picked":"Crescendo+1","floor":18.0},{"not_picked":["Crescendo","Conclude+1","FollowUp"],"picked":"SKIP","floor":19.0},{"not_picked":["EmptyBody+1","Crescendo+1"],"picked":"Tantrum+1","floor":23.0},{"not_picked":["Brilliance","ThirdEye"],"picked":"InnerPeace","floor":25.0},{"not_picked":["SandsOfTime","FollowUp","ThirdEye"],"picked":"DeceiveReality","floor":27.0},{"not_picked":["Prostrate","SpiritShield","Weave"],"picked":"Consecrate+1","floor":31.0},{"not_picked":["Ragnarok","Alpha","Judgement"],"picked":"Scrawl","floor":33.0},{"not_picked":["PathToVictory","FollowUp","EmptyBody+1"],"picked":"Adaptation+1","floor":35.0},{"not_picked":["InnerPeace","ClearTheMind","ThirdEye+1"],"picked":"FlurryOfBlows","floor":36.0},{"not_picked":["Collect+1","Sanctity","Crescendo+1"],"picked":"FearNoEvil","floor":37.0},{"not_picked":["Apotheosis","Secret Weapon","Mayhem"],"picked":"Flash of Steel","floor":39.0},{"not_picked":["Finesse","Deep Breath","PanicButton"],"picked":"Master of Strategy","floor":39.0},{"not_picked":["Prostrate","Study+1","JustLucky+1","SignatureMove+1"],"picked":"SKIP","floor":41.0},{"not_picked":["FlurryOfBlows","MasterReality","Consecrate+1"],"picked":"TalkToTheHand+1","floor":44.0},{"not_picked":["Prostrate+1","SandsOfTime","Consecrate+1","Protect"],"picked":"SKIP","floor":46.0},{"not_picked":["EmptyFist","Perseverance","ReachHeaven+1"],"picked":"Wallop+1","floor":53.0},{"not_picked":["Protect+1","BowlingBash+1","FlyingSleeves+1"],"picked":"FearNoEvil+1","floor":53.0},{"not_picked":["ForeignInfluence+1","Wireheading+1","Halt"],"picked":"Adaptation","floor":54.0}],"player_experience":1540790,"relics_obtained":[{"floor":6.0,"key":"Ornamental Fan"},{"floor":9.0,"key":"Shuriken"},{"floor":14.0,"key":"Yang"},{"floor":23.0,"key":"Eternal Feather"},{"floor":25.0,"key":"Blue Candle"},{"floor":26.0,"key":"Question Card"},{"floor":31.0,"key":"Gremlin Horn"},{"floor":41.0,"key":"Ancient Tea Set"},{"floor":44.0,"key":"Potion Belt"},{"floor":54.0,"key":"Dead Branch"}],"event_choices":[{"damage_healed":0.0,"max_hp_gain":5.0,"max_hp_loss":0.0,"gold_gain":0.0,"event_name":"Big Fish","player_choice":"Donut","floor":4.0,"gold_loss":0.0,"damage_taken":0.0},{"cards_removed":["Defend_P"],"damage_healed":0.0,"max_hp_gain":0.0,"max_hp_loss":0.0,"gold_gain":0.0,"event_name":"Bonfire Elementals","player_choice":"Offered Basic","floor":5.0,"gold_loss":0.0,"damage_taken":0.0},{"damage_healed":0.0,"max_hp_gain":5.0,"max_hp_loss":0.0,"gold_gain":0.0,"event_name":"Forgotten Altar","player_choice":"Shed Blood","floor":20.0,"gold_loss":0.0,"damage_taken":19.0},{"damage_healed":0.0,"max_hp_gain":0.0,"max_hp_loss":0.0,"gold_gain":0.0,"event_name":"WeMeetAgain","player_choice":"Paid Gold","floor":22.0,"gold_loss":54.0,"damage_taken":0.0,"relics_obtained":["CeramicFish"]},{"damage_healed":0.0,"max_hp_gain":0.0,"max_hp_loss":0.0,"gold_gain":999.0,"event_name":"MindBloom","player_choice":"Gold","floor":38.0,"gold_loss":0.0,"damage_taken":0.0,"cards_obtained":["Normality","Normality"]},{"damage_healed":0.0,"max_hp_gain":0.0,"max_hp_loss":0.0,"gold_gain":0.0,"event_name":"SensoryStone","player_choice":"Memory 3","floor":39.0,"gold_loss":0.0,"damage_taken":10.0}],"is_beta":false,"boss_relics":[{"not_picked":["Fusion Hammer","Philosopher\u0027s Stone"],"picked":"VioletLotus"},{"not_picked":["Busted Crown","Tiny House"],"picked":"SlaversCollar"}],"items_purged_floors":[21,29,48,53],"is_endless":false,"potions_floor_spawned":[2,11,13,14,23,27,31,37,46,54],"ascension_level":8}}