{"host":"soyfmymeou4emntr","time":1613577327,"event":{"mods":["BaseMod","Minty Spire (QoL Compilation)","Permanent Neow","Relic Sorter","Relic Stats","StSLib"],"gold_per_floor":[116,41,52,52,71,71,96,96,96,115,131,131,149,183,183,183,183],"floor_reached":16,"language":"ENG","playtime":893,"items_purged":["Regret"],"score":224,"play_id":"44513976-41e3-4398-a6f6-4c8c71d71c70","local_time":"20210217085527","is_ascension_mode":true,"campfire_choices":[{"data":"Fiend Fire","floor":6,"key":"SMITH"},{"data":"Searing Blow","floor":8,"key":"SMITH"},{"floor":12,"key":"REST"},{"data":"Armaments","floor":15,"key":"SMITH"}],"circlet_count":0,"master_deck":["AscendersBane","Strike_R","Strike_R","Strike_R","Strike_R","Defend_R","Defend_R","Defend_R","Defend_R","Bash","Fiend Fire+1","Searing Blow+1","Hemokinesis","Fire Breathing","Anger","Shrug It Off","Armaments+1"],"relics":["Burning Blood","InkBottle","Sundial","Prayer Wheel"],"acts_visited":["Exordium"],"potions_floor_usage":[7,14,16],"damage_taken":[{"damage":9,"enemies":"Jaw Worm","floor":1,"turns":3},{"damage":0,"enemies":"2 Louse","floor":3,"turns":2},{"damage":2,"enemies":"Cultist","floor":5,"turns":2},{"damage":55,"enemies":"3 Sentries","floor":7,"turns":12},{"damage":13,"enemies":"Exordium Thugs","floor":10,"turns":4},{"damage":0,"enemies":"2 Fungi Beasts","floor":11,"turns":2},{"damage":6,"enemies":"Red Slaver","floor":13,"turns":2},{"damage":10,"enemies":"Gremlin Nob","floor":14,"turns":3},{"damage":53,"enemies":"Hexaghost","floor":16,"turns":9}],"seed_played":"-2983124549069531785","potions_obtained":[{"floor":1,"key":"Swift Potion"},{"floor":11,"key":"BlessingOfTheForge"},{"floor":14,"key":"BloodPotion"}],"is_trial":false,"path_per_floor":["M","$","M","?","M","R","E","R","T","M","M","R","M","E","R","B"],"character_chosen":"IRONCLAD","items_purchased":[],"campfire_rested":1,"item_purchase_floors":[],"current_hp_per_floor":[65,65,71,64,68,68,19,19,19,12,18,40,40,36,36,0,0],"gold":183,"neow_bonus":"THREE_RARE_CARDS","is_daily":false,"chose_seed":false,"campfire_upgraded":3,"win_rate":0.0,"timestamp":1613577327,"path_taken":["M","$","M","?","M","R","E","R","T","M","M","R","M","E","R","BOSS"],"items_purchased_type":[],"build_version":"2020-12-22","purchased_purges":1,"victory":false,"max_hp_per_floor":[75,75,75,75,75,75,75,75,75,75,75,75,75,75,75,75,75],"relic_stats":{"counters":[9,39],"Sundial":[2],"Prayer Wheel":0,"obtain_stats":[{"Sundial":9,"Prayer Wheel":14,"Burning Blood":0,"InkBottle":7},{"Sundial":4,"Prayer Wheel":8,"Burning Blood":0,"InkBottle":4},{"Sundial":19,"Prayer Wheel":30,"Burning Blood":0,"InkBottle":19}],"Burning Blood":48,"InkBottle":[4]},"card_choices":[{"not_picked":["Exhume","Demon Form"],"picked":"Fiend Fire","floor":0},{"not_picked":["Perfected Strike","Havoc"],"picked":"Searing Blow","floor":1},{"not_picked":["Clothesline","Blood for Blood"],"picked":"Hemokinesis","floor":3},{"not_picked":["Clothesline","Perfected Strike","Blood for Blood"],"picked":"SKIP","floor":5},{"not_picked":["Uppercut","Perfected Strike"],"picked":"Fire Breathing","floor":7},{"not_picked":["Flex","Carnage"],"picked":"Anger","floor":10},{"not_picked":["Twin Strike","Searing Blow","Perfected Strike"],"picked":"SKIP","floor":11},{"not_picked":["Clash","Carnage"],"picked":"Shrug It Off","floor":13},{"not_picked":["Carnage","Hemokinesis"],"picked":"Armaments","floor":14}],"player_experience":3366610,"relics_obtained":[{"floor":7,"key":"InkBottle"},{"floor":9,"key":"Sundial"},{"floor":14,"key":"Prayer Wheel"}],"event_choices":[{"cards_removed":["Strike_R"],"damage_healed":0,"gold_gain":0,"player_choice":"Card Removal","damage_taken":7,"max_hp_gain":0,"max_hp_loss":0,"event_name":"Golden Wing","floor":4,"gold_loss":0}],"is_beta":false,"boss_relics":[],"items_purged_floors":[2],"is_endless":false,"potions_floor_spawned":[1,11,14],"killed_by":"Hexaghost","ascension_level":20}}