{"host":"mgjbkrm6zb65cm01","time":1613574977,"event":{"mods":["ATMod(°¢èªMod)","BaseMod","Conspire","Good Game Mod","Minty Spire (QoL Compilation)","Quick Restart","Relic Stats","Spicy Shops","StSLib","UnlockEverythingMod","noobMod"],"gold_per_floor":[117,129,129,146,165,165,176,194,240,274,274,274,294,320,320,420,420,432,432,447,0,11,11,27,126,126,126,158,168,42,76,76,181,181,194,205,15,34,48,48,74,93,93,93,123,143,157,168,168,168,168,168,2,35,35],"floor_reached":56,"language":"ZHS","playtime":2713,"items_purged":["Regret"],"score":1390,"play_id":"267f971b-7efd-4499-a701-25ed76838b39","local_time":"20210217231617","is_ascension_mode":false,"campfire_choices":[{"data":"AT_Dispersion","floor":6.0,"key":"SMITH"},{"data":"Juggernaut","floor":12.0,"key":"SMITH"},{"data":"Bloodletting","floor":15.0,"key":"SMITH"},{"data":"Barricade","floor":23.0,"key":"SMITH"},{"floor":32.0,"key":"RECALL"},{"data":"AT_BodySlamDance","floor":40.0,"key":"SMITH"},{"data":"Seeing Red","floor":44.0,"key":"SMITH"},{"floor":49.0,"key":"REST"},{"data":"conspire:Charge","floor":52.0,"key":"SMITH"}],"circlet_count":0,"master_deck":["Strike_R","Defend_R","Defend_R","Defend_R+1","Defend_R","AT_ShrugMaster+1","AT_Dispersion+1","AT_BodySlamDance+1","conspire:ExplosiveBarrier","Juggernaut+1","AT_BodySlamDance","Metallicize+1","Cleave","Bloodletting+1","Rage","Immolate","Barricade+1","Thunderclap","Seeing Red+1","AT_BodySlamDance+1","Thunderclap+1","Rampage","Cleave+1","Uppercut+1","Rage","Sentinel","AT_ShrugMaster+1","Berserk","AT_CaressingTears","Sentinel+1","Armaments+1","Pain","Combust","conspire:Charge+1","AT_BodySlamDance","AT_IchimonjiDouble+1"],"relics":["Burning Blood","REME:ComplimentaryCards","ice","AT_ATBox","Lantern","conspire:Flyswatter","Empty Cage","Bottled Tornado","Orrery","The Courier","Bronze Scales","ClockworkSouvenir","Letter Opener","Cursed Key","Kunai","Bottled Lightning","Toy Ornithopter","conspire:TopHat","HandDrill","Pear"],"acts_visited":["Exordium","TheCity","TheBeyond","TheEnding"],"potions_floor_usage":[55,55,55],"damage_taken":[{"damage":8.0,"enemies":"Jaw Worm","floor":1.0,"turns":4.0},{"damage":1.0,"enemies":"Cultist","floor":2.0,"turns":3.0},{"damage":7.0,"enemies":"2 Louse","floor":4.0,"turns":2.0},{"damage":0.0,"enemies":"Large Slime","floor":5.0,"turns":4.0},{"damage":1.0,"enemies":"conspire:2 RoseBushes","floor":7.0,"turns":4.0},{"damage":2.0,"enemies":"Exordium Thugs","floor":8.0,"turns":5.0},{"damage":0.0,"enemies":"Gremlin Nob","floor":10.0,"turns":4.0},{"damage":6.0,"enemies":"Lots of Slimes","floor":13.0,"turns":3.0},{"damage":3.0,"enemies":"3 Sentries","floor":14.0,"turns":4.0},{"damage":7.0,"enemies":"The Guardian","floor":16.0,"turns":8.0},{"damage":7.0,"enemies":"conspire:FuzzyDice","floor":18.0,"turns":3.0},{"damage":14.0,"enemies":"2 Thieves","floor":20.0,"turns":3.0},{"damage":9.0,"enemies":"Centurion and Healer","floor":22.0,"turns":4.0},{"damage":0.0,"enemies":"Snecko","floor":24.0,"turns":4.0},{"damage":36.0,"enemies":"Slavers","floor":28.0,"turns":3.0},{"damage":3.0,"enemies":"Sentry and Sphere","floor":29.0,"turns":3.0},{"damage":8.0,"enemies":"Gremlin Leader","floor":31.0,"turns":4.0},{"damage":3.0,"enemies":"Automaton","floor":33.0,"turns":5.0},{"damage":9.0,"enemies":"3 Darklings","floor":35.0,"turns":3.0},{"damage":24.0,"enemies":"3 Shapes","floor":36.0,"turns":2.0},{"damage":0.0,"enemies":"Spire Growth","floor":38.0,"turns":3.0},{"damage":3.0,"enemies":"Transient","floor":39.0,"turns":5.0},{"damage":18.0,"enemies":"Reptomancer","floor":41.0,"turns":2.0},{"damage":23.0,"enemies":"Jaw Worm Horde","floor":42.0,"turns":3.0},{"damage":12.0,"enemies":"Giant Head","floor":45.0,"turns":3.0},{"damage":6.0,"enemies":"3 Darklings","floor":46.0,"turns":3.0},{"damage":20.0,"enemies":"4 Shapes","floor":47.0,"turns":3.0},{"damage":18.0,"enemies":"Jaw Worm Horde","floor":48.0,"turns":4.0},{"damage":40.0,"enemies":"Donu and Deca","floor":50.0,"turns":4.0},{"damage":30.0,"enemies":"Shield and Spear","floor":54.0,"turns":3.0},{"damage":88,"enemies":"The Heart","floor":55,"turns":6}],"seed_played":"4754415163653643906","potions_obtained":[{"floor":4.0,"key":"SkillPotion"},{"floor":7.0,"key":"SpeedPotion"},{"floor":8.0,"key":"EssenceOfSteel"},{"floor":13.0,"key":"Weak Potion"},{"floor":20.0,"key":"LiquidMemories"},{"floor":22.0,"key":"DistilledChaos"},{"floor":29.0,"key":"EssenceOfSteel"},{"floor":38.0,"key":"EntropicBrew"},{"floor":42.0,"key":"Swift Potion"},{"floor":46.0,"key":"CultistPotion"},{"floor":54.0,"key":"Ancient Potion"}],"is_trial":false,"path_per_floor":["M","M","?","M","M","R","M","M","T","E","?","R","M","E","R","B",null,"M","?","M","$","M","R","M","?","T","?","E","M","$","E","R","B",null,"M","M","$","M","M","R","E","M","T","R","E","M","M","M","R","B",null,"R","$","E","B",null],"character_chosen":"IRONCLAD","items_purchased":["Bottled Tornado","Orrery","Rampage","ClockworkSouvenir","Kunai","HandDrill","ColorlessPotion"],"campfire_rested":1,"item_purchase_floors":[21,21,21,30,37,53,53],"current_hp_per_floor":[78,80,80,79,80,80,80,80,80,80,64,64,64,67,67,66,80,79,79,71,71,68,68,74,74,74,74,44,47,47,45,45,48,80,77,59,59,65,68,68,56,39,39,39,38,38,24,12,36,37,80,80,80,66,9],"gold":35,"neow_bonus":"REMOVE_CARD","is_daily":false,"chose_seed":false,"campfire_upgraded":7,"win_rate":0.0,"timestamp":1613574977,"path_taken":["M","M","?","M","M","R","M","M","T","E","?","R","M","E","R","BOSS","M","?","?","$","M","R","M","?","T","?","E","?","?","E","R","BOSS","M","M","?","?","M","R","E","M","T","R","E","M","M","M","R","BOSS","R","$","E","BOSS"],"items_purchased_type":["Relic","Relic","Card","Relic","Relic","Relic","Potion"],"build_version":"2020-12-22","purchased_purges":1,"victory":true,"max_hp_per_floor":[80,80,80,80,80,80,80,80,80,80,80,80,80,80,80,80,80,80,80,80,80,80,80,80,80,80,80,80,80,80,80,80,80,80,80,80,80,80,80,80,80,80,80,80,80,80,80,80,80,80,80,80,80,90,90],"relic_stats":{"counters":[31,114],"Bronze Scales":[222],"HandDrill":[0],"Letter Opener":[312],"Kunai":[15],"Cursed Key":1,"obtain_stats":[{"Lantern":10,"AT_ATBox":0,"Pear":54,"The Courier":26,"ice":0,"Letter Opener":31,"Bottled Tornado":21,"Empty Cage":17,"Cursed Key":34,"Burning Blood":0,"conspire:TopHat":45,"ClockworkSouvenir":30,"REME:ComplimentaryCards":0,"Bronze Scales":28,"Orrery":21,"HandDrill":53,"Kunai":37,"Bottled Lightning":41,"Toy Ornithopter":43,"conspire:Flyswatter":14},{"Lantern":7,"AT_ATBox":0,"Pear":30,"The Courier":14,"ice":0,"Letter Opener":17,"Bottled Tornado":12,"Empty Cage":10,"Cursed Key":18,"Burning Blood":0,"conspire:TopHat":25,"ClockworkSouvenir":16,"REME:ComplimentaryCards":0,"Bronze Scales":15,"Orrery":12,"HandDrill":29,"Kunai":20,"Bottled Lightning":23,"Toy Ornithopter":24,"conspire:Flyswatter":9},{"Lantern":26,"AT_ATBox":0,"Pear":108,"The Courier":55,"ice":0,"Letter Opener":65,"Bottled Tornado":47,"Empty Cage":41,"Cursed Key":70,"Burning Blood":0,"conspire:TopHat":91,"ClockworkSouvenir":61,"REME:ComplimentaryCards":0,"Bronze Scales":58,"Orrery":47,"HandDrill":105,"Kunai":75,"Bottled Lightning":85,"Toy Ornithopter":88,"conspire:Flyswatter":33}],"Burning Blood":163,"Toy Ornithopter":55},"card_choices":[{"not_picked":["Shrug It Off","Armaments"],"picked":"AT_BodySlamDance","floor":1.0},{"not_picked":["Wild Strike","Pummel"],"picked":"conspire:ExplosiveBarrier","floor":2.0},{"not_picked":["Shrug It Off","Clothesline"],"picked":"Juggernaut","floor":4.0},{"not_picked":["Iron Wave","Rage"],"picked":"AT_BodySlamDance","floor":5.0},{"not_picked":["Shockwave","Sever Soul"],"picked":"Metallicize","floor":7.0},{"not_picked":["AT_GerminateFire","Juggernaut"],"picked":"Cleave","floor":8.0},{"not_picked":["Wild Strike","Shrug It Off"],"picked":"Bloodletting","floor":10.0},{"not_picked":["Cleave","Pommel Strike"],"picked":"Rage","floor":13.0},{"not_picked":["Body Slam","Pommel Strike"],"picked":"Immolate","floor":14.0},{"not_picked":["Feed","Berserk"],"picked":"Barricade","floor":16.0},{"not_picked":["Clash","Hemokinesis"],"picked":"Thunderclap","floor":18.0},{"not_picked":["Reckless Charge","Clash+1","Flex"],"picked":"SKIP","floor":20.0},{"not_picked":["Shrug It Off","Clothesline+1"],"picked":"Seeing Red","floor":21.0},{"not_picked":["Fire Breathing","Havoc"],"picked":"AT_BodySlamDance+1","floor":21.0},{"not_picked":["Blood for Blood","Iron Wave"],"picked":"Thunderclap+1","floor":21.0},{"not_picked":["Wild Strike+1","Rupture"],"picked":"Cleave+1","floor":22.0},{"not_picked":["Dark Embrace","Thunderclap"],"picked":"Uppercut+1","floor":24.0},{"not_picked":["Body Slam","True Grit"],"picked":"Sentinel","floor":28.0},{"not_picked":["Spot Weakness","Cleave","Juggernaut"],"picked":"SKIP","floor":29.0},{"not_picked":["Sentinel","Sever Soul"],"picked":"AT_ShrugMaster+1","floor":31.0},{"not_picked":["Limit Break","Fiend Fire"],"picked":"Berserk","floor":33.0},{"not_picked":["Flex","Clash+1"],"picked":"AT_CaressingTears","floor":35.0},{"not_picked":["Havoc","True Grit"],"picked":"Sentinel+1","floor":36.0},{"not_picked":["Bloodletting+1","AT_DiedThrough+1","Cleave"],"picked":"SKIP","floor":38.0},{"not_picked":["Carnage","Iron Wave","True Grit"],"picked":"SKIP","floor":39.0},{"not_picked":["Dual Wield+1","Immolate"],"picked":"Armaments+1","floor":41.0},{"not_picked":["Anger+1","Armaments","Havoc"],"picked":"SKIP","floor":42.0},{"not_picked":["True Grit","Power Through","Wild Strike+1"],"picked":"SKIP","floor":45.0},{"not_picked":["Sword Boomerang+1","Carnage+1"],"picked":"Combust","floor":46.0},{"not_picked":["Whirlwind+1","conspire:ExplosiveBarrier+1"],"picked":"conspire:Charge","floor":47.0},{"not_picked":["Heavy Blade+1","AT_Dispersion"],"picked":"AT_BodySlamDance","floor":48.0},{"not_picked":["Pummel+1","Sentinel"],"picked":"AT_IchimonjiDouble+1","floor":54.0}],"player_experience":170133,"relics_obtained":[{"floor":10.0,"key":"Lantern"},{"floor":14.0,"key":"conspire:Flyswatter"},{"floor":26.0,"key":"The Courier"},{"floor":28.0,"key":"Bronze Scales"},{"floor":31.0,"key":"Letter Opener"},{"floor":41.0,"key":"Bottled Lightning"},{"floor":43.0,"key":"Toy Ornithopter"},{"floor":45.0,"key":"conspire:TopHat"},{"floor":54.0,"key":"Pear"}],"event_choices":[{"damage_healed":0.0,"max_hp_gain":0.0,"max_hp_loss":0.0,"gold_gain":0.0,"event_name":"Living Wall","player_choice":"Grow","floor":3.0,"gold_loss":0.0,"damage_taken":0.0,"cards_upgraded":["AT_ShrugMaster"]},{"damage_healed":0.0,"max_hp_gain":0.0,"max_hp_loss":0.0,"gold_gain":0.0,"event_name":"Shining Light","player_choice":"Entered Light","floor":11.0,"gold_loss":0.0,"damage_taken":16.0,"cards_upgraded":["Metallicize","Defend_R"]},{"cards_removed":["Strike_R"],"damage_healed":0.0,"max_hp_gain":0.0,"max_hp_loss":0.0,"gold_gain":0.0,"event_name":"Purifier","player_choice":"Purged","floor":19.0,"gold_loss":0.0,"damage_taken":0.0},{"damage_healed":0.0,"max_hp_gain":0.0,"max_hp_loss":0.0,"gold_gain":99.0,"event_name":"Nest","player_choice":"Stole From Cult","floor":25.0,"gold_loss":0.0,"damage_taken":0.0},{"damage_healed":0.0,"max_hp_gain":0.0,"max_hp_loss":0.0,"gold_gain":0.0,"cards_transformed":["Bash"],"event_name":"Transmorgrifier","player_choice":"Transformed","floor":27.0,"gold_loss":0.0,"damage_taken":0.0,"cards_obtained":["Rage"]}],"is_beta":false,"boss_relics":[{"not_picked":["Black Star","Philosopher\u0027s Stone"],"picked":"Empty Cage"},{"not_picked":["Tiny House","Astrolabe"],"picked":"Cursed Key"}],"items_purged_floors":[21],"is_endless":false,"potions_floor_spawned":[4,7,8,13,20,22,29,31,38,42,46,48,54],"ascension_level":0}}