{"host":"2ty4h143nj8vwezc","time":1613535585,"event":{"mods":["BaseMod","Colored Map","Googly Eyes","Highlight Path","Minty Spire (QoL Compilation)","Quick Restart","StSLib"],"gold_per_floor":[113,131,143,143,68,68,32,32,32,50,69,89,102,124,124,226,226,151,161,61,61,78,78,78,78,78],"floor_reached":25,"language":"ENG","playtime":1205,"items_purged":["Defend_B","Strike_B"],"score":309,"play_id":"ff4e62ac-2a66-4d7d-9e43-879cefa97cba","local_time":"20210216231945","is_ascension_mode":true,"campfire_choices":[{"data":"Self Repair","floor":6,"key":"SMITH"},{"data":"Self Repair","floor":8,"key":"SMITH"},{"data":"Zap","floor":15,"key":"SMITH"},{"data":"Creative AI","floor":23,"key":"SMITH"}],"circlet_count":0,"master_deck":["AscendersBane","Strike_B","Strike_B","Defend_B","Defend_B","Defend_B","Zap+1","Dualcast","Self Repair+1","Self Repair+1","Hologram","Redo","Double Energy","Leap","Steam","Melter","Chill","Creative AI+1","Hologram","Defragment+1","Hologram"],"relics":["FrozenCore","Bottled Lightning","Odd Mushroom","Bronze Scales"],"acts_visited":["Exordium","TheCity"],"potions_floor_usage":[16,19],"damage_taken":[{"damage":1,"enemies":"Cultist","floor":1,"turns":3},{"damage":5,"enemies":"2 Louse","floor":2,"turns":2},{"damage":10,"enemies":"Small Slimes","floor":3,"turns":4},{"damage":13,"enemies":"3 Louse","floor":10,"turns":5},{"damage":18,"enemies":"Blue Slaver","floor":11,"turns":4},{"damage":31,"enemies":"Exordium Wildlife","floor":12,"turns":5},{"damage":7,"enemies":"2 Fungi Beasts","floor":13,"turns":4},{"damage":11,"enemies":"The Mushroom Lair","floor":14,"turns":4},{"damage":15,"enemies":"Slime Boss","floor":16,"turns":9},{"damage":31,"enemies":"2 Thieves","floor":18,"turns":5},{"damage":43,"enemies":"Chosen","floor":19,"turns":7},{"damage":30,"enemies":"Centurion and Healer","floor":22,"turns":13},{"damage":30,"enemies":"Book of Stabbing","floor":25,"turns":6}],"seed_played":"5476340649514061787","potions_obtained":[{"floor":0,"key":"LiquidMemories"},{"floor":0,"key":"EssenceOfDarkness"}],"is_trial":false,"path_per_floor":["M","M","M","?","$","R","$","R","T","M","M","M","M","?","R","B",null,"M","M","$","?","M","R","?","E"],"character_chosen":"DEFECT","items_purchased":["Double Energy"],"campfire_rested":0,"item_purchase_floors":[7],"current_hp_per_floor":[67,62,66,66,66,66,66,66,66,73,65,54,57,56,56,61,72,61,38,38,38,28,28,28,0,0],"gold":78,"neow_bonus":"THREE_SMALL_POTIONS","is_daily":false,"chose_seed":false,"campfire_upgraded":4,"win_rate":0.0,"timestamp":1613535585,"path_taken":["M","M","?","?","?","R","$","R","T","M","M","M","M","?","R","BOSS","M","M","$","?","M","R","?","E"],"items_purchased_type":["Card"],"build_version":"2020-12-22","purchased_purges":2,"victory":false,"max_hp_per_floor":[75,75,75,75,75,75,75,75,75,75,75,75,75,75,75,75,75,75,75,75,75,75,75,75,75,75],"card_choices":[{"not_picked":["Steam","Leap"],"picked":"Self Repair","floor":1},{"not_picked":["Barrage","FTL"],"picked":"Self Repair","floor":2},{"not_picked":["Ball Lightning","Reprogram"],"picked":"Hologram","floor":3},{"not_picked":["Coolheaded","Blizzard"],"picked":"Leap","floor":10},{"not_picked":["Gash","Static Discharge"],"picked":"Steam","floor":11},{"not_picked":["Barrage","Skim"],"picked":"Melter","floor":12},{"not_picked":["Hologram","Conserve Battery","Multi-Cast"],"picked":"SKIP","floor":13},{"not_picked":["Steam Power","Compile Driver"],"picked":"Chill","floor":14},{"not_picked":["Buffer","Biased Cognition"],"picked":"Creative AI","floor":16},{"not_picked":["Heatsinks","Tempest"],"picked":"Hologram","floor":18},{"not_picked":["Conserve Battery","Ball Lightning"],"picked":"Defragment+1","floor":19},{"not_picked":["Undo","Lockon"],"picked":"Hologram","floor":22}],"player_experience":435052,"relics_obtained":[{"floor":9,"key":"Bottled Lightning"},{"floor":14,"key":"Odd Mushroom"}],"event_choices":[{"damage_healed":0,"gold_gain":0,"cards_transformed":["Strike_B"],"player_choice":"Transformed","damage_taken":0,"max_hp_gain":0,"max_hp_loss":0,"event_name":"Transmorgrifier","floor":4,"gold_loss":0,"cards_obtained":["Redo"]},{"damage_healed":0,"gold_gain":0,"player_choice":"Fought Mushrooms","damage_taken":0,"max_hp_gain":0,"max_hp_loss":0,"event_name":"Mushrooms","floor":14,"gold_loss":0},{"damage_healed":0,"gold_gain":0,"player_choice":"Opened","damage_taken":0,"relics_obtained":["Bronze Scales"],"max_hp_gain":0,"max_hp_loss":0,"event_name":"The Mausoleum","floor":21,"gold_loss":0},{"damage_healed":0,"gold_gain":0,"player_choice":"Ignored","damage_taken":0,"max_hp_gain":0,"max_hp_loss":0,"event_name":"Vampires","floor":24,"gold_loss":0}],"is_beta":false,"boss_relics":[{"not_picked":["Tiny House","Empty Cage"],"picked":"FrozenCore"}],"items_purged_floors":[5,20],"is_endless":false,"potions_floor_spawned":[3,12,13,14],"killed_by":"Book of Stabbing","ascension_level":12}}