{"host":"i0avyit1s6jb1siw","time":1613569371,"event":{"mods":["BaseMod","DeckTracker","Dota2Spire","Highlight Path","Minty Spire (QoL Compilation)","Quick Restart","StSLib","SuperFastMode"],"gold_per_floor":[117,137,151,26,41,68,82,82,107,131,146,156,172,172,188,188,264,264,277,287,21,21,21,47,47,57,80,26,45,45,45,70,103,103,103,176,176,189,189,199,74,127,127,127,127],"floor_reached":44,"language":"ENG","playtime":1101,"items_purged":["Strike_R","Strike_R","Decay"],"score":925,"play_id":"f310e225-ad32-418e-a56f-29b5bba5d9b5","local_time":"20210217144251","is_ascension_mode":true,"campfire_choices":[{"data":"Combust","floor":8,"key":"SMITH"},{"data":"Armaments","floor":16,"key":"SMITH"},{"data":"Uppercut","floor":25,"key":"SMITH"},{"floor":30,"key":"REST"},{"floor":34,"key":"REST"},{"data":"Battle Trance","floor":35,"key":"SMITH"},{"floor":43,"key":"RECALL"}],"circlet_count":0,"master_deck":["AscendersBane","Strike_R","Strike_R","Defend_R","Defend_R","Defend_R","Bash","Power Through","Clothesline","Combust+1","Bloodletting","Wild Strike","Shrug It Off","Hemokinesis","Shrug It Off","Battle Trance+1","Disarm","Pommel Strike","Flame Barrier","Armaments+1","Reaper","Uppercut+1","Disarm+1","Rupture+1","Shrug It Off","Entrench+1","Rupture+1","Sword Boomerang+1","Offering","Fire Breathing+1","Madness","Madness","Intimidate+1"],"relics":["Burning Blood","Meat on the Bone","Red Skull","Dota2Spire:EchoSabre","Philosopher\u0027s Stone","Lee\u0027s Waffle","Pear","Omamori","Dota2Spire:BladeMail","Strawberry","Dream Catcher","Coffee Dripper","Dota2Spire:ShivaGuard"],"acts_visited":["Exordium","TheCity","TheBeyond"],"potions_floor_usage":[15,17,17,40,42,44],"damage_taken":[{"damage":6,"enemies":"Cultist","floor":1,"turns":4},{"damage":5,"enemies":"Small Slimes","floor":2,"turns":3},{"damage":10,"enemies":"2 Louse","floor":3,"turns":3},{"damage":23,"enemies":"Exordium Wildlife","floor":5,"turns":6},{"damage":28,"enemies":"Lagavulin","floor":6,"turns":5},{"damage":5,"enemies":"Blue Slaver","floor":7,"turns":5},{"damage":3,"enemies":"Looter","floor":11,"turns":3},{"damage":5,"enemies":"3 Louse","floor":12,"turns":2},{"damage":0,"enemies":"Exordium Wildlife","floor":13,"turns":2},{"damage":8,"enemies":"Gremlin Gang","floor":15,"turns":3},{"damage":20,"enemies":"The Guardian","floor":17,"turns":14},{"damage":15,"enemies":"2 Thieves","floor":19,"turns":4},{"damage":7,"enemies":"Spheric Guardian","floor":20,"turns":4},{"damage":65,"enemies":"Gremlin Leader","floor":24,"turns":9},{"damage":29,"enemies":"Snake Plant","floor":26,"turns":5},{"damage":43,"enemies":"Chosen and Byrds","floor":29,"turns":6},{"damage":11,"enemies":"Book of Stabbing","floor":33,"turns":5},{"damage":34,"enemies":"Champ","floor":36,"turns":8},{"damage":17,"enemies":"3 Shapes","floor":38,"turns":5},{"damage":12,"enemies":"Orb Walker","floor":40,"turns":3},{"damage":62,"enemies":"2 Orb Walkers","floor":42,"turns":5},{"damage":21,"enemies":"Reptomancer","floor":44,"turns":3}],"seed_played":"8352971421998761914","potions_obtained":[{"floor":3,"key":"ElixirPotion"},{"floor":5,"key":"Energy Potion"},{"floor":11,"key":"AttackPotion"},{"floor":15,"key":"Regen Potion"},{"floor":17,"key":"Explosive Potion"},{"floor":33,"key":"Fire Potion"},{"floor":36,"key":"PowerPotion"},{"floor":40,"key":"EssenceOfSteel"}],"is_trial":false,"path_per_floor":["M","M","M","$","M","E","M","R","T","T","M","M","M","?","M","R","B",null,"M","M","$","T","?","E","R","M","T","$","M","R","$","T","E","R","R","B",null,"M","?","M","$","?","R","E"],"character_chosen":"IRONCLAD","items_purchased":["Shrug It Off","Lee\u0027s Waffle","Shrug It Off"],"campfire_rested":2,"item_purchase_floors":[4,21,28],"current_hp_per_floor":[50,51,47,47,30,8,21,21,21,21,36,49,55,55,53,53,54,70,61,60,82,92,92,48,48,44,44,44,32,59,59,66,61,90,90,70,92,81,63,57,57,21,21,0,0],"gold":127,"neow_bonus":"TRANSFORM_TWO_CARDS","is_daily":false,"chose_seed":false,"campfire_upgraded":4,"win_rate":0.0,"timestamp":1613569371,"path_taken":["M","M","M","?","?","E","M","R","T","T","?","M","M","?","?","R","BOSS","M","M","$","?","?","E","R","M","T","?","M","R","$","?","E","R","R","BOSS","M","?","M","$","?","R","E"],"items_purchased_type":["Card","Relic","Card"],"build_version":"2020-12-22","purchased_purges":3,"victory":false,"max_hp_per_floor":[75,75,75,75,75,75,75,75,75,75,75,75,75,75,75,75,75,75,75,75,82,92,92,92,92,92,92,92,92,92,92,99,99,99,99,99,99,99,99,99,99,99,99,99,99],"card_choices":[{"not_picked":["Heavy Blade","Infernal Blade"],"picked":"Combust","floor":1},{"not_picked":["Heavy Blade","Sword Boomerang"],"picked":"Bloodletting","floor":2},{"not_picked":["Searing Blow","Reckless Charge"],"picked":"Wild Strike","floor":3},{"not_picked":["Barricade","Shockwave"],"picked":"Hemokinesis","floor":5},{"not_picked":["Havoc","Clothesline"],"picked":"Shrug It Off","floor":6},{"not_picked":["Body Slam","Cleave"],"picked":"Battle Trance","floor":7},{"not_picked":["Thunderclap","Shrug It Off"],"picked":"Disarm","floor":11},{"not_picked":["Warcry","Clash"],"picked":"Pommel Strike","floor":12},{"not_picked":["Havoc","Sword Boomerang"],"picked":"Flame Barrier","floor":13},{"not_picked":["Brutality","Cleave"],"picked":"Armaments","floor":15},{"not_picked":["Offering","Demon Form"],"picked":"Reaper","floor":17},{"not_picked":["Clash","Feel No Pain"],"picked":"Uppercut","floor":19},{"not_picked":["Twin Strike","Shrug It Off"],"picked":"Disarm+1","floor":20},{"not_picked":["Limit Break","Iron Wave","Shrug It Off"],"picked":"SKIP","floor":24},{"not_picked":["Ghostly Armor","Perfected Strike"],"picked":"Rupture+1","floor":26},{"not_picked":["Heavy Blade","Intimidate"],"picked":"Entrench+1","floor":29},{"not_picked":["Feel No Pain","Body Slam"],"picked":"Rupture+1","floor":33},{"not_picked":["Iron Wave","Twin Strike"],"picked":"Sword Boomerang+1","floor":34},{"not_picked":["Double Tap","Demon Form"],"picked":"Offering","floor":36},{"not_picked":["Thunderclap+1","Headbutt+1"],"picked":"Fire Breathing+1","floor":38},{"not_picked":["Metallicize","Havoc","Sever Soul"],"picked":"SKIP","floor":40},{"not_picked":["Havoc","Anger+1"],"picked":"Intimidate+1","floor":42}],"player_experience":2448216,"relics_obtained":[{"floor":6,"key":"Meat on the Bone"},{"floor":9,"key":"Red Skull"},{"floor":10,"key":"Dota2Spire:EchoSabre"},{"floor":22,"key":"Pear"},{"floor":24,"key":"Omamori"},{"floor":27,"key":"Dota2Spire:BladeMail"},{"floor":32,"key":"Strawberry"},{"floor":33,"key":"Dream Catcher"},{"floor":42,"key":"Dota2Spire:ShivaGuard"}],"event_choices":[{"damage_healed":0,"gold_gain":0,"player_choice":"Cursed","damage_taken":0,"max_hp_gain":0,"max_hp_loss":0,"event_name":"Wheel of Change","floor":14,"gold_loss":0,"cards_obtained":["Decay"]},{"damage_healed":0,"gold_gain":0,"player_choice":"Ignored","damage_taken":0,"max_hp_gain":0,"max_hp_loss":0,"event_name":"Ghosts","floor":23,"gold_loss":0},{"damage_healed":0,"gold_gain":0,"player_choice":"Embrace Madness","damage_taken":18,"max_hp_gain":0,"max_hp_loss":0,"event_name":"Winding Halls","floor":39,"gold_loss":0,"cards_obtained":["Madness","Madness"]},{"damage_healed":0,"gold_gain":0,"player_choice":"Fight","damage_taken":0,"max_hp_gain":0,"max_hp_loss":0,"event_name":"Mysterious Sphere","floor":42,"gold_loss":0}],"is_beta":false,"boss_relics":[{"not_picked":["Runic Dome","Fusion Hammer"],"picked":"Philosopher\u0027s Stone"},{"not_picked":["Busted Crown","SacredBark"],"picked":"Coffee Dripper"}],"items_purged_floors":[4,21,41],"is_endless":false,"potions_floor_spawned":[3,5,11,13,15,17,29,33,36,40],"killed_by":"Reptomancer","ascension_level":20}}