{"host":"pdq28s6637cpsst2","time":1613524071,"event":{"mods":["BaseMod","Colored Map","Colored Powertips","Highlight Path","Minty Spire (QoL Compilation)","Permanent Neow","Quick Restart","StSLib"],"gold_per_floor":[117,130,140,156,156,183,183,212,212,231,243,259,272,307,307,402,402,417,435,450,296,310,342,49,78,78,3,19,19,46,0,0,100,100,119,29,54,72,72,72,102,152,152,152,164,164,194,213,213,213],"floor_reached":51,"language":"ENG","playtime":4701,"items_purged":["Strike_R"],"score":917,"play_id":"a9bfa194-4fa0-4f19-adfb-5e5fc42b2db4","local_time":"20210216200751","is_ascension_mode":true,"campfire_choices":[{"data":"Flame Barrier","floor":7.0,"key":"SMITH"},{"data":"Inflame","floor":15.0,"key":"SMITH"},{"data":"Limit Break","floor":29.0,"key":"SMITH"},{"floor":32.0,"key":"REST"},{"data":"Pommel Strike","floor":40.0,"key":"SMITH"},{"data":"Berserk","floor":44,"key":"SMITH"},{"data":"Pommel Strike","floor":46,"key":"SMITH"},{"data":"Flame Barrier","floor":49,"key":"SMITH"}],"circlet_count":0,"master_deck":["Strike_R","Strike_R","Defend_R","Defend_R","Defend_R","Defend_R","Bash+1","Immolate","Shrug It Off","Iron Wave","Iron Wave+1","Flame Barrier+1","Inflame+1","Shrug It Off","Shockwave","Reaper","Pummel","Flame Barrier+1","Demon Form","Pommel Strike+1","Pommel Strike+1","Limit Break+1","Exhume","Berserk+1","Heavy Blade+1"],"relics":["Burning Blood","Bag of Preparation","Blood Vial","Oddly Smooth Stone","Mercury Hourglass","Mark of Pain","Tiny Chest","Ginger","Eternal Feather","Matryoshka","Toy Ornithopter","Busted Crown","Red Skull","Ice Cream","TungstenRod","Blue Candle","Bird Faced Urn","Ancient Tea Set"],"acts_visited":["Exordium","TheCity","TheBeyond"],"potions_floor_usage":[50,50],"damage_taken":[{"damage":2.0,"enemies":"Jaw Worm","floor":1.0,"turns":3.0},{"damage":0.0,"enemies":"Cultist","floor":2.0,"turns":3.0},{"damage":3.0,"enemies":"Small Slimes","floor":3.0,"turns":2.0},{"damage":3.0,"enemies":"Looter","floor":4.0,"turns":2.0},{"damage":25.0,"enemies":"Gremlin Nob","floor":6.0,"turns":4.0},{"damage":16.0,"enemies":"Lagavulin","floor":8.0,"turns":6.0},{"damage":0.0,"enemies":"Lots of Slimes","floor":10.0,"turns":1.0},{"damage":6.0,"enemies":"Large Slime","floor":11.0,"turns":6.0},{"damage":0.0,"enemies":"Looter","floor":12.0,"turns":4.0},{"damage":0.0,"enemies":"2 Fungi Beasts","floor":13.0,"turns":2.0},{"damage":11.0,"enemies":"3 Sentries","floor":14.0,"turns":8.0},{"damage":33.0,"enemies":"Hexaghost","floor":16.0,"turns":12.0},{"damage":25.0,"enemies":"2 Thieves","floor":18.0,"turns":3.0},{"damage":9.0,"enemies":"Shell Parasite","floor":19.0,"turns":5.0},{"damage":18.0,"enemies":"Snake Plant","floor":20.0,"turns":4.0},{"damage":13.0,"enemies":"Cultist and Chosen","floor":22.0,"turns":5.0},{"damage":26.0,"enemies":"Slavers","floor":23.0,"turns":4.0},{"damage":41.0,"enemies":"Book of Stabbing","floor":25.0,"turns":6.0},{"damage":14.0,"enemies":"Shelled Parasite and Fungi","floor":28.0,"turns":6.0},{"damage":45.0,"enemies":"Gremlin Leader","floor":30.0,"turns":10.0},{"damage":34.0,"enemies":"Champ","floor":33.0,"turns":8.0},{"damage":14.0,"enemies":"3 Darklings","floor":35.0,"turns":5.0},{"damage":9.0,"enemies":"3 Shapes","floor":38.0,"turns":2.0},{"damage":51,"enemies":"Nemesis","floor":41,"turns":7},{"damage":14,"enemies":"Mind Bloom Boss Battle","floor":42,"turns":6},{"damage":31,"enemies":"3 Darklings","floor":45,"turns":5},{"damage":22,"enemies":"Giant Head","floor":47,"turns":6},{"damage":27,"enemies":"Transient","floor":48,"turns":5},{"damage":52,"enemies":"Time Eater","floor":50,"turns":6}],"seed_played":"-5186842613854115974","potions_obtained":[{"floor":2.0,"key":"Explosive Potion"},{"floor":3.0,"key":"ColorlessPotion"},{"floor":6.0,"key":"Explosive Potion"},{"floor":8.0,"key":"ElixirPotion"},{"floor":11.0,"key":"DuplicationPotion"},{"floor":22.0,"key":"Swift Potion"},{"floor":23.0,"key":"AttackPotion"},{"floor":25.0,"key":"Regen Potion"},{"floor":28.0,"key":"BloodPotion"},{"floor":38.0,"key":"Ancient Potion"},{"floor":41,"key":"SpeedPotion"},{"floor":47,"key":"BlessingOfTheForge"}],"is_trial":false,"path_per_floor":["M","M","M","M","?","E","R","E","T","M","M","M","M","E","R","B",null,"M","M","M","$","M","E","$","E","T","?","M","R","E","?","R","B",null,"M","?","T","M","$","R","E","?","T","R","M","R","E","M","R","B",null],"character_chosen":"IRONCLAD","items_purchased":["Limit Break","Ginger"],"campfire_rested":1,"item_purchase_floors":[21,24],"current_hp_per_floor":[72,72,72,72,72,53,53,43,43,51,53,61,69,72,72,45,72,67,66,56,56,72,59,59,33,33,33,27,53,43,43,72,69,72,72,72,72,69,69,72,42,36,36,48,64,72,56,49,64,33],"gold":213,"neow_bonus":"THREE_RARE_CARDS","is_daily":false,"chose_seed":false,"campfire_upgraded":7,"win_rate":0.0,"timestamp":1613524071,"path_taken":["M","M","M","M","?","E","R","E","T","M","?","M","M","E","R","BOSS","M","M","M","$","M","E","$","E","T","?","M","R","E","?","R","BOSS","M","?","?","M","$","R","E","?","T","R","M","R","E","M","R","BOSS"],"items_purchased_type":["Card","Relic"],"build_version":"2020-12-22","purchased_purges":1,"victory":true,"max_hp_per_floor":[72,72,72,72,72,72,72,72,72,72,72,72,72,72,72,72,72,72,72,72,72,72,72,72,72,72,72,72,72,72,72,72,72,72,72,72,72,72,72,72,72,72,72,72,72,72,72,72,72,72],"card_choices":[{"not_picked":["Juggernaut","Double Tap"],"picked":"Immolate","floor":0.0},{"not_picked":["Armaments","Seeing Red"],"picked":"Shrug It Off","floor":1.0},{"not_picked":["Flex","Blood for Blood","Feel No Pain"],"picked":"SKIP","floor":2.0},{"not_picked":["Twin Strike","Wild Strike"],"picked":"Iron Wave","floor":3.0},{"not_picked":["Sword Boomerang","Anger"],"picked":"Iron Wave","floor":4.0},{"not_picked":["Perfected Strike","Clothesline"],"picked":"Flame Barrier","floor":6.0},{"not_picked":["Cleave","Thunderclap"],"picked":"Inflame","floor":8.0},{"not_picked":["Body Slam","Dual Wield"],"picked":"Shrug It Off","floor":10.0},{"not_picked":["Thunderclap","Rupture"],"picked":"Shockwave","floor":11.0},{"not_picked":["Bloodletting","Wild Strike"],"picked":"Reaper","floor":12.0},{"not_picked":["Armaments","Whirlwind"],"picked":"Pummel","floor":13.0},{"not_picked":["Thunderclap","Seeing Red"],"picked":"Flame Barrier","floor":14.0},{"not_picked":["Barricade","Corruption"],"picked":"Demon Form","floor":16.0},{"not_picked":["Rampage+1","Combust"],"picked":"Pommel Strike","floor":18.0},{"not_picked":["Sword Boomerang","Sever Soul","Clash"],"picked":"SKIP","floor":19.0},{"not_picked":["Anger","Twin Strike"],"picked":"Pommel Strike","floor":20.0},{"not_picked":["Sever Soul","Cleave+1","Clash"],"picked":"SKIP","floor":22.0},{"not_picked":["Armaments","True Grit+1","Second Wind+1"],"picked":"SKIP","floor":23.0},{"not_picked":["Dark Embrace","Anger","Thunderclap"],"picked":"SKIP","floor":25.0},{"not_picked":["True Grit","Fire Breathing","Perfected Strike+1"],"picked":"SKIP","floor":28.0},{"not_picked":["Brutality","Pommel Strike"],"picked":"Exhume","floor":30.0},{"not_picked":["Reaper","Demon Form"],"picked":"Berserk","floor":33.0},{"not_picked":["True Grit+1"],"picked":"SKIP","floor":35.0},{"not_picked":["Cleave+1"],"picked":"SKIP","floor":38.0},{"not_picked":["Armaments"],"picked":"SKIP","floor":41},{"not_picked":["Thunderclap+1"],"picked":"SKIP","floor":45},{"not_picked":[],"picked":"Heavy Blade+1","floor":47},{"not_picked":["Twin Strike+1"],"picked":"SKIP","floor":48}],"player_experience":228507,"relics_obtained":[{"floor":6.0,"key":"Bag of Preparation"},{"floor":8.0,"key":"Blood Vial"},{"floor":9.0,"key":"Oddly Smooth Stone"},{"floor":14.0,"key":"Mercury Hourglass"},{"floor":23.0,"key":"Tiny Chest"},{"floor":25.0,"key":"Eternal Feather"},{"floor":26.0,"key":"Matryoshka"},{"floor":30.0,"key":"Toy Ornithopter"},{"floor":37.0,"key":"Red Skull"},{"floor":41,"key":"Ice Cream"},{"floor":42,"key":"TungstenRod"},{"floor":43,"key":"Blue Candle"},{"floor":43,"key":"Bird Faced Urn"},{"floor":47,"key":"Ancient Tea Set"}],"event_choices":[{"damage_healed":0.0,"max_hp_gain":0.0,"max_hp_loss":0.0,"gold_gain":0.0,"event_name":"Upgrade Shrine","player_choice":"Upgraded","floor":5.0,"gold_loss":0.0,"damage_taken":0.0,"cards_upgraded":["Bash"]},{"cards_removed":["Strike_R"],"damage_healed":0.0,"max_hp_gain":0.0,"max_hp_loss":0.0,"gold_gain":0.0,"event_name":"Beggar","player_choice":"Gave Gold","floor":27.0,"gold_loss":75.0,"damage_taken":0.0},{"damage_healed":0.0,"max_hp_gain":0.0,"max_hp_loss":0.0,"gold_gain":0.0,"event_name":"Masked Bandits","player_choice":"Paid Fearfully","floor":31.0,"gold_loss":46.0,"damage_taken":0.0},{"cards_removed":["Strike_R"],"damage_healed":0.0,"max_hp_gain":0.0,"max_hp_loss":0.0,"gold_gain":0.0,"event_name":"Designer","player_choice":"Upgrade and Remove","floor":36.0,"gold_loss":90.0,"damage_taken":0.0,"cards_upgraded":["Iron Wave"]},{"damage_healed":0,"gold_gain":0,"player_choice":"Fight","damage_taken":0,"max_hp_gain":0,"max_hp_loss":0,"event_name":"MindBloom","floor":42,"gold_loss":0}],"is_beta":false,"boss_relics":[{"not_picked":["Runic Cube","Pandora\u0027s Box"],"picked":"Mark of Pain"},{"not_picked":["Cursed Key","Coffee Dripper"],"picked":"Busted Crown"}],"items_purged_floors":[21],"is_endless":false,"potions_floor_spawned":[2,3,6,8,11,22,23,25,28,38,41,47],"ascension_level":4}}