{"host":"wshey5htrz8rni6u","time":1613566974,"event":{"mods":["2.2 Compatiblity","BaseMod","Block Reminder","Colored Map","Colored Powertips","Current Relic Mod","Curses Come First","Dark Map","Key Reminder","Keyboard Shortcuts","Minty Spire (QoL Compilation)","Potion Indicator Mod","Quick Restart","Random Character Button","Relic Sorter","Relic Stats","StSLib","SuperFastMode","Unceasing Turn Reminder","UnlockEverythingMod","Weighted Paths"],"gold_per_floor":[112,126,126,76,1,1,14,34,81,112,127,127,160,3,3,129,129,129,129,39,39,39,39,39,39,39,39,39,39],"floor_reached":28,"language":"ENG","playtime":1277,"items_purged":["Strike_G"],"score":335,"play_id":"ca61cec0-03d2-4edd-8807-0d5ab012635c","local_time":"20210217050254","is_ascension_mode":true,"campfire_choices":[{"data":"Neutralize","floor":6,"key":"SMITH"},{"data":"Burst","floor":15,"key":"SMITH"},{"data":"Catalyst","floor":23,"key":"SMITH"}],"circlet_count":0,"master_deck":["Defend_G","Defend_G","Defend_G","Defend_G","Survivor","Neutralize+1","Slice","Infinite Blades","Dagger Spray","Poisoned Stab","Leg Sweep","All Out Attack","Burst+1","Footwork","Quick Slash","Bouncing Flask","Malaise","Dagger Spray+1","All Out Attack","Decay","Catalyst+1","Cloak And Dagger+1","Dash"],"relics":["Ring of the Snake","keyreminder:keyreminder","Juzu Bracelet","Golden Idol","Vajra","Ectoplasm","Bag of Marbles","PreservedInsect","Blood Vial"],"acts_visited":["Exordium","TheCity"],"potions_floor_usage":[10,16,25,25],"damage_taken":[{"damage":0,"enemies":"2 Louse","floor":1,"turns":3},{"damage":1,"enemies":"Jaw Worm","floor":2,"turns":5},{"damage":0,"enemies":"Small Slimes","floor":7,"turns":7},{"damage":0,"enemies":"Blue Slaver","floor":8,"turns":5},{"damage":5,"enemies":"3 Sentries","floor":10,"turns":7},{"damage":8,"enemies":"Large Slime","floor":11,"turns":7},{"damage":12,"enemies":"Lagavulin","floor":13,"turns":9},{"damage":20,"enemies":"Slime Boss","floor":16,"turns":11},{"damage":2,"enemies":"Chosen","floor":18,"turns":4},{"damage":6,"enemies":"2 Thieves","floor":20,"turns":5},{"damage":7,"enemies":"Snecko","floor":22,"turns":4},{"damage":17,"enemies":"Centurion and Healer","floor":24,"turns":8},{"damage":7,"enemies":"Gremlin Leader","floor":25,"turns":6},{"damage":10,"enemies":"Shelled Parasite and Fungi","floor":28,"turns":1}],"seed_played":"2168386438452287835","potions_obtained":[{"floor":2,"key":"GhostInAJar"},{"floor":8,"key":"Block Potion"},{"floor":11,"key":"CultistPotion"},{"floor":16,"key":"BlessingOfTheForge"},{"floor":25,"key":"Ancient Potion"}],"is_trial":false,"path_per_floor":["M","M","?","?","$","R","M","M","T","E","M","?","E","$","R","B",null,"M","?","M","?","M","R","M","E","T","T","M"],"character_chosen":"THE_SILENT","items_purchased":["Footwork","Quick Slash","Bouncing Flask"],"campfire_rested":0,"item_purchase_floors":[14,14,14],"current_hp_per_floor":[63,62,55,55,55,55,55,55,55,50,42,42,30,30,30,10,46,44,44,38,38,31,31,14,7,7,7,0,0],"gold":39,"neow_bonus":"REMOVE_TWO","is_daily":false,"chose_seed":false,"campfire_upgraded":3,"win_rate":0.0,"timestamp":1613566974,"path_taken":["M","M","?","?","$","R","M","M","T","E","M","?","E","?","R","BOSS","M","?","M","?","M","R","M","E","T","?","M"],"items_purchased_type":["Card","Card","Card"],"build_version":"2020-12-13","purchased_purges":1,"victory":false,"max_hp_per_floor":[63,63,63,63,63,63,63,63,63,63,63,58,58,58,58,58,58,58,58,58,58,58,58,58,58,58,58,58,58],"relic_stats":{"Blood Vial":2,"counters":[14,82],"Golden Idol":54,"Ectoplasm":219,"PreservedInsect":0,"Juzu Bracelet":1,"obtain_stats":[{"keyreminder:keyreminder":9,"Blood Vial":27,"Golden Idol":12,"Vajra":13,"Ectoplasm":17,"PreservedInsect":26,"Juzu Bracelet":10,"Bag of Marbles":25,"Ring of the Snake":0},{"keyreminder:keyreminder":4,"Blood Vial":13,"Golden Idol":6,"Vajra":7,"Ectoplasm":8,"PreservedInsect":13,"Juzu Bracelet":5,"Bag of Marbles":13,"Ring of the Snake":0},{"keyreminder:keyreminder":20,"Blood Vial":81,"Golden Idol":34,"Vajra":43,"Ectoplasm":54,"PreservedInsect":81,"Juzu Bracelet":27,"Bag of Marbles":81,"Ring of the Snake":0}],"Ring of the Snake":[28]},"card_choices":[{"not_picked":["Sucker Punch","Prepared"],"picked":"Slice","floor":1},{"not_picked":["Masterful Stab","Calculated Gamble"],"picked":"Infinite Blades","floor":2},{"not_picked":["Calculated Gamble","Bouncing Flask"],"picked":"Dagger Spray","floor":7},{"not_picked":["Backflip","Setup"],"picked":"Poisoned Stab","floor":8},{"not_picked":["Cloak And Dagger","Dodge and Roll"],"picked":"Leg Sweep","floor":10},{"not_picked":["Blade Dance","Dodge and Roll"],"picked":"All Out Attack","floor":11},{"not_picked":["Predator","Deadly Poison"],"picked":"Burst","floor":13},{"not_picked":["Tools of the Trade","Storm of Steel"],"picked":"Malaise","floor":16},{"not_picked":["Tactician+1","Quick Slash+1"],"picked":"Dagger Spray+1","floor":18},{"not_picked":["Bouncing Flask","Outmaneuver"],"picked":"All Out Attack","floor":20},{"not_picked":["Masterful Stab","Flechettes"],"picked":"Catalyst","floor":22},{"not_picked":["Accuracy+1","Prepared"],"picked":"Cloak And Dagger+1","floor":24},{"not_picked":["Slice","All Out Attack"],"picked":"Dash","floor":25}],"player_experience":95621,"relics_obtained":[{"floor":10,"key":"Juzu Bracelet"},{"floor":13,"key":"Vajra"},{"floor":25,"key":"Bag of Marbles"},{"floor":26,"key":"PreservedInsect"},{"floor":27,"key":"Blood Vial"}],"event_choices":[{"cards_removed":["Strike_G"],"damage_healed":0,"gold_gain":0,"player_choice":"Card Removal","damage_taken":7,"max_hp_gain":0,"max_hp_loss":0,"event_name":"Golden Wing","floor":3,"gold_loss":0},{"cards_removed":["Strike_G"],"damage_healed":0,"gold_gain":0,"player_choice":"Card Removal","damage_taken":0,"max_hp_gain":0,"max_hp_loss":0,"event_name":"The Cleric","floor":4,"gold_loss":50},{"damage_healed":0,"gold_gain":0,"player_choice":"Lose Max HP","damage_taken":0,"relics_obtained":["Golden Idol"],"max_hp_gain":0,"max_hp_loss":5,"event_name":"Golden Idol","floor":12,"gold_loss":0},{"cards_removed":["Defend_G"],"damage_healed":0,"gold_gain":0,"player_choice":"Purged","damage_taken":0,"max_hp_gain":0,"max_hp_loss":0,"event_name":"Purifier","floor":19,"gold_loss":0},{"damage_healed":0,"gold_gain":0,"player_choice":"Cursed","damage_taken":0,"max_hp_gain":0,"max_hp_loss":0,"event_name":"Wheel of Change","floor":21,"gold_loss":0,"cards_obtained":["Decay"]}],"is_beta":false,"boss_relics":[{"not_picked":["Pandora\u0027s Box","Cursed Key"],"picked":"Ectoplasm"}],"items_purged_floors":[5],"is_endless":false,"potions_floor_spawned":[2,8,11,16,25],"killed_by":"Shelled Parasite and Fungi","ascension_level":7}}