{"host":"xb2tau8pgi8aflss","time":1613567376,"event":{"mods":["AchievementEnabler","BaseMod","Hermit","Minty Spire (QoL Compilation)","StSLib","SuperFastMode"],"gold_per_floor":[369,388,1,20,20,49,62,89,89,141,141,141,171,183,183,281,281,298,315,1,19,19,45,59,85,110,110,122,122,122,47,47,151,151,168,14,24,44,60,91,120,132,144,66,78,109,121,153,165,177],"floor_reached":51,"language":"KOR","playtime":2105,"items_purged":["Writhe","Writhe"],"score":1111,"play_id":"3f91353b-34f8-4bc3-8fda-2bbb721e02cb","local_time":"20210217220936","is_ascension_mode":true,"campfire_choices":[{"floor":12,"key":"REST"},{"data":"Eviscerate","floor":15,"key":"SMITH"},{"data":"Flechettes","floor":29,"key":"SMITH"},{"floor":32,"key":"REST"},{"data":"Neutralize","floor":42,"key":"SMITH"},{"data":"Caltrops","floor":45,"key":"SMITH"},{"data":"A Thousand Cuts","floor":47,"key":"SMITH"},{"floor":49,"key":"REST"}],"circlet_count":0,"master_deck":["Strike_G","Strike_G","Defend_G","Survivor","Neutralize+1","Backflip","Cloak And Dagger","Tactician+1","Reflex+1","Backflip+1","Dash","Die Die Die","Eviscerate+1","Prepared+1","Blade Dance+1","Acrobatics+1","Dodge and Roll+1","Burst+1","Dodge and Roll+1","PiercingWail+1","Calculated Gamble+1","Underhanded Strike","Flechettes+1","Backstab","Predator+1","Leg Sweep+1","Blade Dance+1","Acrobatics+1","A Thousand Cuts+1","Footwork+1","Bullet Time+1","Bullet Time+1","Concentrate+1","Blade Dance+1","Blade Dance+1","Caltrops+1"],"relics":["Ring of the Snake","Toxic Egg 2","Orrery","Bronze Scales","StrikeDummy","Mercury Hourglass","Cursed Key","Shuriken","Bottled Lightning","Letter Opener","Ancient Tea Set","Sundial","Astrolabe","MawBank"],"acts_visited":["Exordium","TheCity","TheBeyond"],"potions_floor_usage":[6,8,19,23,25,33,46,50,50],"damage_taken":[{"damage":1,"enemies":"Cultist","floor":1,"turns":5},{"damage":0,"enemies":"Small Slimes","floor":2,"turns":5},{"damage":0,"enemies":"2 Louse","floor":4,"turns":1},{"damage":41,"enemies":"Lagavulin","floor":6,"turns":14},{"damage":2,"enemies":"Exordium Thugs","floor":7,"turns":4},{"damage":16,"enemies":"Gremlin Nob","floor":8,"turns":4},{"damage":0,"enemies":"Exordium Wildlife","floor":14,"turns":2},{"damage":13,"enemies":"Slime Boss","floor":16,"turns":9},{"damage":0,"enemies":"3 Byrds","floor":18,"turns":2},{"damage":3,"enemies":"2 Thieves","floor":19,"turns":2},{"damage":4,"enemies":"Snake Plant","floor":21,"turns":4},{"damage":3,"enemies":"Slavers","floor":23,"turns":4},{"damage":0,"enemies":"Centurion and Healer","floor":24,"turns":2},{"damage":8,"enemies":"Book of Stabbing","floor":25,"turns":4},{"damage":3,"enemies":"Cultist and Chosen","floor":28,"turns":4},{"damage":5,"enemies":"Champ","floor":33,"turns":6},{"damage":5,"enemies":"3 Shapes","floor":35,"turns":4},{"damage":0,"enemies":"3 Darklings","floor":37,"turns":2},{"damage":18,"enemies":"4 Shapes","floor":38,"turns":3},{"damage":4,"enemies":"Maw","floor":39,"turns":5},{"damage":0,"enemies":"Nemesis","floor":40,"turns":5},{"damage":0,"enemies":"Spire Growth","floor":41,"turns":4},{"damage":0,"enemies":"Transient","floor":46,"turns":5},{"damage":0,"enemies":"4 Shapes","floor":48,"turns":2},{"damage":21,"enemies":"Donu and Deca","floor":50,"turns":4}],"seed_played":"-2597668619494781514","potions_obtained":[{"floor":2,"key":"DistilledChaos"},{"floor":6,"key":"BlessingOfTheForge"},{"floor":14,"key":"BlessingOfTheForge"},{"floor":16,"key":"Weak Potion"},{"floor":18,"key":"Poison Potion"},{"floor":21,"key":"ColorlessPotion"},{"floor":24,"key":"Fire Potion"},{"floor":33,"key":"SpeedPotion"},{"floor":35,"key":"Energy Potion"},{"floor":48,"key":"Ancient Potion"}],"is_trial":false,"path_per_floor":["M","M","$","M","?","E","M","E","T","?","?","R","?","M","R","B",null,"M","M","$","M","?","E","M","E","T","?","M","R","?","$","R","B",null,"M","$","M","M","M","E","M","R","T","?","R","M","R","M","R","B",null],"character_chosen":"THE_SILENT","items_purchased":["Toxic Egg 2","Orrery","Shuriken","Calculated Gamble+1","Blade Dance+1"],"campfire_rested":3,"item_purchase_floors":[3,3,20,20,36],"current_hp_per_floor":[62,62,62,62,62,21,19,3,3,3,8,28,28,28,28,15,55,55,52,52,48,48,45,45,37,37,37,34,34,34,34,54,49,63,58,58,58,40,36,36,36,36,36,36,36,36,36,36,56,35],"gold":189,"neow_bonus":"TWO_FIFTY_GOLD","is_daily":false,"chose_seed":false,"campfire_upgraded":5,"win_rate":0.0,"timestamp":1613567376,"path_taken":["M","M","$","M","?","E","M","E","T","?","?","R","?","M","R","BOSS","M","M","$","M","?","E","M","E","T","?","M","R","?","$","R","BOSS","M","$","M","M","?","E","M","R","T","?","R","?","R","M","R","BOSS"],"items_purchased_type":["Relic","Relic","Relic","Card","Card"],"build_version":"2020-12-22","purchased_purges":2,"victory":true,"max_hp_per_floor":[63,63,63,63,63,63,63,63,63,63,68,68,68,68,68,68,68,68,68,68,68,68,68,68,68,68,68,68,68,68,68,68,68,68,68,68,68,68,68,68,68,68,68,68,68,68,68,68,68,68],"card_choices":[{"not_picked":["Slice","Quick Slash"],"picked":"Backflip","floor":1},{"not_picked":["Deadly Poison","Prepared"],"picked":"Cloak And Dagger","floor":2},{"not_picked":["Flying Knee","Prepared+1"],"picked":"Tactician+1","floor":3},{"not_picked":["Prepared+1","Terror+1"],"picked":"Reflex+1","floor":3},{"not_picked":["Quick Slash","Poisoned Stab"],"picked":"Backflip+1","floor":3},{"not_picked":["Leg Sweep+1","Bane"],"picked":"Dash","floor":3},{"not_picked":["PiercingWail+1","Deflect+1"],"picked":"Die Die Die","floor":3},{"not_picked":["Cloak And Dagger+1","Distraction+1"],"picked":"Eviscerate","floor":4},{"not_picked":["Poisoned Stab","Dash"],"picked":"Prepared+1","floor":6},{"not_picked":["PiercingWail+1","Storm of Steel+1"],"picked":"Blade Dance+1","floor":7},{"not_picked":["Cloak And Dagger+1","Distraction+1"],"picked":"Acrobatics+1","floor":8},{"not_picked":["Catalyst+1","Backflip+1"],"picked":"Dodge and Roll+1","floor":14},{"not_picked":["Doppelganger+1","Adrenaline+1"],"picked":"Burst+1","floor":16},{"not_picked":["Bane","All Out Attack"],"picked":"Dodge and Roll+1","floor":18},{"not_picked":["Predator","Sucker Punch"],"picked":"PiercingWail+1","floor":19},{"not_picked":["Deadly Poison+1","Finisher"],"picked":"Underhanded Strike","floor":21},{"not_picked":["Deflect+1","Sucker Punch"],"picked":"Predator","floor":23},{"not_picked":["Bane","Dodge and Roll+1"],"picked":"Leg Sweep+1","floor":24},{"not_picked":["Flying Knee","Dodge and Roll+1"],"picked":"Blade Dance+1","floor":25},{"not_picked":["Expertise+1","Poisoned Stab"],"picked":"Acrobatics+1","floor":28},{"not_picked":["Doppelganger+1","Tools of the Trade"],"picked":"A Thousand Cuts","floor":33},{"not_picked":["Quick Slash","Deflect+1"],"picked":"Concentrate+1","floor":35},{"not_picked":["Deflect+1","Flying Knee","Dodge and Roll+1"],"picked":"SKIP","floor":37},{"not_picked":["Bane+1","Underhanded Strike+1","Dodge and Roll+1"],"picked":"SKIP","floor":38},{"not_picked":["Outmaneuver+1","Bane"],"picked":"Blade Dance+1","floor":39},{"not_picked":["Well Laid Plans","Deflect+1"],"picked":"Caltrops","floor":40},{"not_picked":["Expertise+1","Outmaneuver+1","Poisoned Stab"],"picked":"SKIP","floor":41},{"not_picked":["Deflect+1","Heel Hook","A Thousand Cuts"],"picked":"SKIP","floor":46},{"not_picked":["Sucker Punch","Deadly Poison+1","Endless Agony"],"picked":"SKIP","floor":48}],"player_experience":843845,"relics_obtained":[{"floor":6,"key":"Bronze Scales"},{"floor":8,"key":"StrikeDummy"},{"floor":9,"key":"Mercury Hourglass"},{"floor":23,"key":"Bottled Lightning"},{"floor":25,"key":"Letter Opener"},{"floor":26,"key":"Ancient Tea Set"},{"floor":40,"key":"MawBank"}],"event_choices":[{"damage_healed":0,"gold_gain":0,"player_choice":"Ignored","damage_taken":0,"max_hp_gain":0,"max_hp_loss":0,"event_name":"Liars Game","floor":5,"gold_loss":0},{"damage_healed":0,"gold_gain":52,"player_choice":"Gained Gold","damage_taken":0,"max_hp_gain":0,"max_hp_loss":0,"event_name":"Golden Wing","floor":10,"gold_loss":0},{"damage_healed":0,"gold_gain":0,"player_choice":"Donut","damage_taken":0,"max_hp_gain":5,"max_hp_loss":0,"event_name":"Big Fish","floor":11,"gold_loss":0},{"damage_healed":0,"gold_gain":30,"player_choice":"Searched \u00271\u0027 times","damage_taken":0,"max_hp_gain":0,"max_hp_loss":0,"event_name":"Dead Adventurer","floor":13,"gold_loss":0},{"damage_healed":0,"gold_gain":0,"cards_transformed":["Defend_G","Strike_G"],"player_choice":"Became Test Subject","damage_taken":0,"max_hp_gain":0,"max_hp_loss":0,"event_name":"Drug Dealer","floor":22,"gold_loss":0,"cards_obtained":["Flechettes","Backstab"]},{"damage_healed":0,"gold_gain":0,"player_choice":"Opened","damage_taken":0,"relics_obtained":["Sundial"],"max_hp_gain":0,"max_hp_loss":0,"event_name":"The Mausoleum","floor":27,"gold_loss":0,"cards_obtained":["Writhe"]},{"cards_removed":["Defend_G"],"damage_healed":0,"gold_gain":0,"player_choice":"Purged","damage_taken":0,"max_hp_gain":0,"max_hp_loss":0,"event_name":"Purifier","floor":30,"gold_loss":0},{"cards_removed":["Strike_G"],"damage_healed":0,"gold_gain":0,"player_choice":"Upgrade and Remove","damage_taken":0,"max_hp_gain":0,"max_hp_loss":0,"event_name":"Designer","floor":44,"gold_loss":90,"cards_upgraded":["Predator"]}],"is_beta":false,"boss_relics":[{"not_picked":["SlaversCollar","Ectoplasm"],"picked":"Cursed Key"},{"not_picked":["Snecko Eye","Coffee Dripper"],"picked":"Astrolabe"}],"items_purged_floors":[31,36],"is_endless":false,"potions_floor_spawned":[2,6,14,16,18,21,24,33,35,37,39,41,48],"ascension_level":8}}