{"host":"188x3om7sf6mgxv1","time":1613540195,"event":{"mods":["BaseMod","Block Reminder","Jorbs\u0027s Wanderer Trilogy","Minty Spire (QoL Compilation)","Relic Stats","StSLib"],"gold_per_floor":[112,187,31,31,46,76,93,93,119,139,157,191,203,248,260,369,381,410,422,434,545,571,610,622,669,705,733,756,801,813,687,699,809,821,851,146,46,46,46,46,73,73,73,84,0,0,30,50,50,50,50,50,0,28,28,28],"floor_reached":55,"language":"ENG","playtime":1662,"items_purged":["Strike_R+1"],"score":1024,"play_id":"91a18c5e-96b4-439f-b04d-777bbdff5da6","local_time":"20210217003635","is_ascension_mode":true,"campfire_choices":[{"data":"Bash","floor":8,"key":"SMITH"},{"floor":15,"key":"REST"},{"data":"Limit Break","floor":30,"key":"SMITH"},{"floor":32,"key":"REST"},{"floor":40,"key":"RECALL"},{"floor":42,"key":"REST"},{"data":"Demon Form","floor":46,"key":"SMITH"},{"data":"Bludgeon","floor":49,"key":"SMITH"},{"floor":52,"key":"REST"}],"circlet_count":0,"master_deck":["Strike_R+1","Strike_R+1","Strike_R+1","Defend_R+1","Defend_R+1","Defend_R+1","Defend_R+1","Bash+1","Cleave","Thunderclap","Combust","Dropkick","Dropkick","Bludgeon+1","Blood for Blood","Feel No Pain","Limit Break+1","Shrug It Off","Metallicize+1","Heavy Blade+1","Dark Embrace+1","Bludgeon+1","Shrug It Off+1","Flex","Whirlwind","Feel No Pain","Shrug It Off","Entrench","stsjorbsmod:Withering","Demon Form+1","Burning Pact","Heavy Blade","Heavy Blade"],"relics":["Burning Blood","NeowsBlessing","Red Skull","Lantern","Dream Catcher","MawBank","Vajra","Snecko Eye","Du-Vu Doll","Potion Belt","Toy Ornithopter","Regal Pillow","Gambling Chip","Cursed Key","OrangePellets","Orichalcum","Pear","Gremlin Horn","Red Mask","Pocketwatch","Oddly Smooth Stone"],"acts_visited":["Exordium","TheCity","TheBeyond","TheEnding"],"potions_floor_usage":[12,14,23,25,27,29,29,41,50,54,55,55],"damage_taken":[{"damage":0,"enemies":"Small Slimes","floor":1,"turns":1},{"damage":0,"enemies":"2 Louse","floor":5,"turns":1},{"damage":0,"enemies":"Gremlin Nob","floor":6,"turns":1},{"damage":3,"enemies":"Cultist","floor":7,"turns":3},{"damage":16,"enemies":"Large Slime","floor":10,"turns":5},{"damage":10,"enemies":"3 Louse","floor":11,"turns":2},{"damage":29,"enemies":"Lagavulin","floor":12,"turns":4},{"damage":23,"enemies":"3 Sentries","floor":14,"turns":5},{"damage":42,"enemies":"The Guardian","floor":16,"turns":8},{"damage":17,"enemies":"2 Thieves","floor":18,"turns":2},{"damage":0,"enemies":"Shell Parasite","floor":22,"turns":2},{"damage":24,"enemies":"Book of Stabbing","floor":23,"turns":4},{"damage":10,"enemies":"Gremlin Leader","floor":25,"turns":2},{"damage":9,"enemies":"Centurion and Healer","floor":27,"turns":3},{"damage":4,"enemies":"Snecko","floor":28,"turns":4},{"damage":6,"enemies":"Book of Stabbing","floor":29,"turns":2},{"damage":70,"enemies":"Automaton","floor":33,"turns":9},{"damage":0,"enemies":"3 Darklings","floor":35,"turns":2},{"damage":54,"enemies":"Giant Head","floor":41,"turns":7},{"damage":0,"enemies":"Orb Walker","floor":44,"turns":2},{"damage":2,"enemies":"Nemesis","floor":47,"turns":7},{"damage":0,"enemies":"Transient","floor":48,"turns":5},{"damage":73,"enemies":"Donu and Deca","floor":50,"turns":9},{"damage":68,"enemies":"Shield and Spear","floor":54,"turns":5},{"damage":76,"enemies":"The Heart","floor":55,"turns":5}],"seed_played":"-1447286050367899299","potions_obtained":[{"floor":1,"key":"DuplicationPotion"},{"floor":7,"key":"SkillPotion"},{"floor":10,"key":"Block Potion"},{"floor":16,"key":"LiquidBronze"},{"floor":23,"key":"AttackPotion"},{"floor":25,"key":"DistilledChaos"},{"floor":28,"key":"Swift Potion"},{"floor":33,"key":"Explosive Potion"},{"floor":35,"key":"AttackPotion"},{"floor":44,"key":"FearPotion"},{"floor":48,"key":"AttackPotion"}],"is_trial":false,"path_per_floor":["M","?","$","?","M","E","M","R","T","M","M","E","?","E","R","B",null,"M","?","?","?","M","E","?","E","T","M","M","E","R","?","R","B",null,"M","$","$","?","?","R","E","R","T","M","?","R","E","M","R","B",null,"R","$","E","B"],"character_chosen":"IRONCLAD","items_purchased":["Red Skull","OrangePellets","Orichalcum","Flex","Pear","Whirlwind","Feel No Pain","Shrug It Off","BloodPotion"],"campfire_rested":4,"item_purchase_floors":[3,36,36,36,36,36,37,37,53],"current_hp_per_floor":[80,69,69,69,75,80,80,80,80,70,66,43,43,26,50,14,64,53,53,53,53,59,41,26,22,22,24,26,36,36,36,76,12,67,73,83,83,83,83,83,40,82,82,88,88,88,90,90,90,28,75,90,90,51,0,0],"gold":28,"neow_bonus":"THREE_ENEMY_KILL","is_daily":false,"chose_seed":false,"campfire_upgraded":4,"win_rate":0.0,"timestamp":1613540195,"path_taken":["M","?","$","?","M","E","M","R","T","M","M","E","?","E","R","BOSS","M","?","?","?","M","E","?","E","T","M","M","E","R","?","R","BOSS","M","?","$","?","?","R","E","R","T","M","?","R","E","M","R","BOSS","R","$","E","BOSS"],"items_purchased_type":["Relic","Relic","Relic","Card","Relic","Card","Card","Card","Potion"],"build_version":"2020-12-22","purchased_purges":1,"victory":false,"max_hp_per_floor":[80,80,80,80,80,80,80,80,80,80,80,80,80,80,80,80,80,80,80,80,80,80,80,85,85,85,85,85,85,85,85,85,85,85,85,95,95,95,90,90,90,90,90,90,90,90,90,90,90,90,90,90,90,90,90,90],"relic_stats":{"Regal Pillow":30,"Gremlin Horn":[2,2],"counters":[25,100],"Orichalcum":[78],"MawBank":288,"Cursed Key":1,"Burning Blood":126,"OrangePellets":[21],"Dream Catcher":4,"Gambling Chip":[32],"Snecko Eye":[79,95,75,97],"obtain_stats":[{"Potion Belt":25,"Lantern":6,"Regal Pillow":29,"Pear":36,"NeowsBlessing":0,"Gremlin Horn":41,"Vajra":14,"Oddly Smooth Stone":54,"Orichalcum":36,"MawBank":12,"Cursed Key":34,"Burning Blood":0,"Du-Vu Doll":23,"OrangePellets":36,"Dream Catcher":9,"Gambling Chip":31,"Snecko Eye":17,"Red Mask":45,"Red Skull":3,"Toy Ornithopter":26,"Pocketwatch":47},{"Potion Belt":13,"Lantern":3,"Regal Pillow":16,"Pear":18,"NeowsBlessing":0,"Gremlin Horn":19,"Vajra":8,"Oddly Smooth Stone":24,"Orichalcum":18,"MawBank":7,"Cursed Key":17,"Burning Blood":0,"Du-Vu Doll":12,"OrangePellets":18,"Dream Catcher":4,"Gambling Chip":16,"Snecko Eye":9,"Red Mask":20,"Red Skull":1,"Toy Ornithopter":13,"Pocketwatch":21},{"Potion Belt":40,"Lantern":3,"Regal Pillow":49,"Pear":60,"NeowsBlessing":0,"Gremlin Horn":67,"Vajra":22,"Oddly Smooth Stone":95,"Orichalcum":60,"MawBank":17,"Cursed Key":58,"Burning Blood":0,"Du-Vu Doll":38,"OrangePellets":60,"Dream Catcher":6,"Gambling Chip":49,"Snecko Eye":30,"Red Mask":69,"Red Skull":1,"Toy Ornithopter":40,"Pocketwatch":76}],"Toy Ornithopter":40,"Pocketwatch":[23]},"card_choices":[{"not_picked":["Metallicize","Body Slam"],"picked":"Cleave","floor":1},{"not_picked":["Dual Wield","Bloodletting"],"picked":"Thunderclap","floor":5},{"not_picked":["Armaments","Feel No Pain"],"picked":"Combust","floor":6},{"not_picked":["Cleave","Flex"],"picked":"Dropkick","floor":7},{"not_picked":["Havoc","Clothesline","Twin Strike"],"picked":"SKIP","floor":10},{"not_picked":["Fire Breathing","Second Wind"],"picked":"Dropkick","floor":11},{"not_picked":["Twin Strike","Flex"],"picked":"Bludgeon","floor":12},{"not_picked":["Headbutt","Flex"],"picked":"Blood for Blood","floor":14},{"not_picked":["Thunderclap","Anger"],"picked":"Feel No Pain","floor":15},{"not_picked":["Offering","Fiend Fire"],"picked":"Limit Break","floor":16},{"not_picked":["Sword Boomerang","Cleave+1","Havoc"],"picked":"SKIP","floor":18},{"not_picked":["Sword Boomerang","Clash","Flex"],"picked":"SKIP","floor":22},{"not_picked":["Anger","Armaments","Hemokinesis"],"picked":"SKIP","floor":23},{"not_picked":["Evolve","Infernal Blade+1","Perfected Strike"],"picked":"SKIP","floor":25},{"not_picked":["Anger","Evolve"],"picked":"Metallicize+1","floor":27},{"not_picked":["Carnage","Twin Strike"],"picked":"Heavy Blade+1","floor":28},{"not_picked":["Fire Breathing+1","Sever Soul"],"picked":"Dark Embrace+1","floor":29},{"not_picked":["Fiend Fire","Feed"],"picked":"Bludgeon","floor":33},{"not_picked":["Body Slam","Warcry"],"picked":"Shrug It Off+1","floor":35},{"not_picked":["Wild Strike","Evolve"],"picked":"Entrench","floor":41},{"not_picked":["True Grit+1","Dark Embrace"],"picked":"Demon Form","floor":44},{"not_picked":["Infernal Blade","True Grit","Dual Wield"],"picked":"SKIP","floor":47},{"not_picked":["Dropkick+1","Blood for Blood+1"],"picked":"Burning Pact","floor":48},{"not_picked":["Cleave+1","Dark Embrace+1"],"picked":"Heavy Blade","floor":52},{"not_picked":["Bloodletting+1","Combust+1"],"picked":"Heavy Blade","floor":54}],"player_experience":86460,"relics_obtained":[{"floor":6,"key":"Lantern"},{"floor":9,"key":"Dream Catcher"},{"floor":12,"key":"MawBank"},{"floor":14,"key":"Vajra"},{"floor":23,"key":"Du-Vu Doll"},{"floor":25,"key":"Potion Belt"},{"floor":26,"key":"Toy Ornithopter"},{"floor":29,"key":"Regal Pillow"},{"floor":41,"key":"Gremlin Horn"},{"floor":47,"key":"Pocketwatch"},{"floor":54,"key":"Oddly Smooth Stone"}],"event_choices":[{"damage_healed":0,"gold_gain":75,"player_choice":"Gather Gold","damage_taken":11,"max_hp_gain":0,"max_hp_loss":0,"event_name":"World of Goop","floor":2,"gold_loss":0},{"damage_healed":0,"gold_gain":0,"player_choice":"Ignored","damage_taken":0,"max_hp_gain":0,"max_hp_loss":0,"event_name":"Liars Game","floor":4,"gold_loss":0},{"damage_healed":0,"gold_gain":0,"player_choice":"Grow","damage_taken":0,"max_hp_gain":0,"max_hp_loss":0,"event_name":"Living Wall","floor":13,"gold_loss":0,"cards_upgraded":["Bludgeon"]},{"damage_healed":0,"gold_gain":0,"player_choice":"Read","damage_taken":0,"max_hp_gain":0,"max_hp_loss":0,"event_name":"The Library","floor":19,"gold_loss":0,"cards_obtained":["Shrug It Off"]},{"damage_healed":0,"gold_gain":0,"player_choice":"Simplicity","damage_taken":0,"max_hp_gain":0,"max_hp_loss":0,"event_name":"Back to Basics","floor":20,"gold_loss":0,"cards_upgraded":["Strike_R","Strike_R","Strike_R","Strike_R","Strike_R","Defend_R","Defend_R","Defend_R","Defend_R"]},{"damage_healed":0,"gold_gain":99,"player_choice":"Stole From Cult","damage_taken":0,"max_hp_gain":0,"max_hp_loss":0,"event_name":"Nest","floor":21,"gold_loss":0},{"damage_healed":0,"gold_gain":0,"player_choice":"Shed Blood","damage_taken":20,"max_hp_gain":5,"max_hp_loss":0,"event_name":"Forgotten Altar","floor":24,"gold_loss":0},{"damage_healed":0,"gold_gain":0,"player_choice":"Paid Gold","damage_taken":0,"relics_obtained":["Gambling Chip"],"max_hp_gain":0,"max_hp_loss":0,"event_name":"WeMeetAgain","floor":31,"gold_loss":138},{"cards_removed":["Strike_R"],"damage_healed":0,"gold_gain":0,"player_choice":"Removed Attack","damage_taken":0,"max_hp_gain":0,"max_hp_loss":0,"event_name":"Falling","floor":38,"gold_loss":0},{"damage_healed":0,"gold_gain":0,"player_choice":"Max HP","damage_taken":0,"max_hp_gain":0,"max_hp_loss":5,"event_name":"Winding Halls","floor":39,"gold_loss":0},{"damage_healed":0,"gold_gain":0,"player_choice":"Paid","damage_taken":0,"relics_obtained":["Red Mask"],"max_hp_gain":0,"max_hp_loss":0,"event_name":"Tomb of Lord Red Mask","floor":45,"gold_loss":84}],"is_beta":false,"boss_relics":[{"not_picked":["SlaversCollar","Fusion Hammer"],"picked":"Snecko Eye"},{"not_picked":["Sozu","Runic Dome"],"picked":"Cursed Key"}],"items_purged_floors":[36],"is_endless":false,"potions_floor_spawned":[1,7,10,16,23,25,28,33,35,44,48],"killed_by":"The Heart","ascension_level":5}}