{"host":"khwpnvgc3av0w6xd","time":1613561251,"event":{"mods":["BaseMod","Block Reminder","Colored Map","DeckTracker","Highlight Path","Minty Spire (QoL Compilation)","Quick Restart"],"gold_per_floor":[110,110,110,130,145,179,192,212,212,212,212,65,96,61,61,181,181,196,42,42,55,93,93,93],"floor_reached":23,"language":"DEU","playtime":1342,"items_purged":[],"score":219,"play_id":"6d192845-7095-46c1-9a68-d38dc7bbf974","local_time":"20210217122731","is_ascension_mode":true,"campfire_choices":[{"floor":11,"key":"REST"},{"data":"Chill","floor":15,"key":"SMITH"}],"circlet_count":0,"master_deck":["Strike_B","Strike_B","Strike_B","Strike_B","Defend_B","Defend_B","Defend_B+1","Defend_B","Zap+1","Dualcast","Conserve Battery","Chill+1","Leap","Storm","Conserve Battery","Self Repair","Fission","Self Repair","Echo Form","Shame","Loop"],"relics":["Cracked Core","NeowsBlessing","Golden Idol","Ornamental Fan","MealTicket","Lantern","SacredBark","Gremlin Horn","Red Mask"],"acts_visited":["TheCity"],"potions_floor_usage":[6,7,13,21,22,22],"damage_taken":[{"damage":0,"enemies":"Small Slimes","floor":1,"turns":1},{"damage":0,"enemies":"Cultist","floor":4,"turns":1},{"damage":0,"enemies":"Jaw Worm","floor":5,"turns":1},{"damage":36,"enemies":"Gremlin Nob","floor":6,"turns":5},{"damage":4,"enemies":"3 Louse","floor":7,"turns":4},{"damage":0,"enemies":"2 Fungi Beasts","floor":8,"turns":5},{"damage":5,"enemies":"Lagavulin","floor":13,"turns":7},{"damage":45,"enemies":"The Guardian","floor":16,"turns":16},{"damage":41,"enemies":"3 Byrds","floor":18,"turns":10},{"damage":7,"enemies":"Spheric Guardian","floor":21,"turns":6},{"damage":37,"enemies":"Masked Bandits","floor":22,"turns":5},{"damage":50,"enemies":"Slavers","floor":23,"turns":5}],"seed_played":"-5462749105131585526","potions_obtained":[{"floor":1,"key":"SkillPotion"},{"floor":4,"key":"ColorlessPotion"},{"floor":6,"key":"FearPotion"},{"floor":7,"key":"GamblersBrew"},{"floor":8,"key":"Block Potion"},{"floor":18,"key":"Energy Potion"},{"floor":21,"key":"LiquidBronze"}],"is_trial":false,"path_per_floor":["M","?","?","M","M","E","M","M","T","?","R","$","E","?","R","B",null,"M","$","?","M","?","E"],"character_chosen":"DEFECT","items_purchased":["MealTicket","Echo Form"],"campfire_rested":1,"item_purchase_floors":[12,19],"current_hp_per_floor":[75,75,75,75,75,39,35,35,35,20,42,42,37,55,55,17,75,41,56,56,63,40,0,0],"gold":93,"neow_bonus":"THREE_ENEMY_KILL","is_daily":false,"chose_seed":false,"campfire_upgraded":1,"win_rate":0.0,"timestamp":1613561251,"path_taken":["M","?","?","?","?","E","M","M","T","?","R","$","E","?","R","BOSS","M","$","?","M","?","E"],"items_purchased_type":["Relic","Card"],"build_version":"2020-12-22","purchased_purges":0,"victory":false,"max_hp_per_floor":[75,75,75,75,75,75,75,75,75,75,75,75,75,75,75,75,75,75,75,75,75,75,75,75],"card_choices":[{"not_picked":["Genetic Algorithm","Chaos"],"picked":"Conserve Battery","floor":1},{"not_picked":["BootSequence","Turbo"],"picked":"Chill","floor":4},{"not_picked":["Barrage","Recycle"],"picked":"Leap","floor":5},{"not_picked":["Beam Cell","Doom and Gloom"],"picked":"Storm","floor":6},{"not_picked":["Rip and Tear","Go for the Eyes","Streamline"],"picked":"SKIP","floor":7},{"not_picked":["Heatsinks","Static Discharge"],"picked":"Conserve Battery","floor":8},{"not_picked":["Core Surge","Chaos"],"picked":"Self Repair","floor":13},{"not_picked":["Reboot","Core Surge"],"picked":"Fission","floor":16},{"not_picked":["Streamline","Blizzard+1"],"picked":"Self Repair","floor":18},{"not_picked":["Ball Lightning","Scrape"],"picked":"Loop","floor":21}],"player_experience":90836,"relics_obtained":[{"floor":6,"key":"Ornamental Fan"},{"floor":13,"key":"Lantern"},{"floor":22,"key":"Red Mask"}],"event_choices":[{"damage_healed":0,"gold_gain":0,"player_choice":"Take Wound","damage_taken":0,"relics_obtained":["Golden Idol"],"max_hp_gain":0,"max_hp_loss":0,"event_name":"Golden Idol","floor":2,"gold_loss":0,"cards_obtained":["Injury"]},{"cards_removed":["Injury"],"damage_healed":0,"gold_gain":0,"player_choice":"Removed Curses","damage_taken":0,"max_hp_gain":0,"max_hp_loss":0,"event_name":"Fountain of Cleansing","floor":3,"gold_loss":0},{"damage_healed":0,"gold_gain":0,"player_choice":"Entered Light","damage_taken":15,"max_hp_gain":0,"max_hp_loss":0,"event_name":"Shining Light","floor":10,"gold_loss":0,"cards_upgraded":["Zap","Defend_B"]},{"damage_healed":18,"gold_gain":0,"player_choice":"Healed","damage_taken":0,"max_hp_gain":0,"max_hp_loss":0,"event_name":"The Cleric","floor":14,"gold_loss":35},{"damage_healed":0,"gold_gain":0,"player_choice":"Stole Relic","damage_taken":0,"relics_obtained":["Gremlin Horn"],"max_hp_gain":0,"max_hp_loss":0,"event_name":"Addict","floor":20,"gold_loss":0,"cards_obtained":["Shame"]},{"damage_healed":0,"gold_gain":0,"player_choice":"Fought Bandits","damage_taken":0,"max_hp_gain":0,"max_hp_loss":0,"event_name":"Masked Bandits","floor":22,"gold_loss":0}],"is_beta":false,"boss_relics":[{"not_picked":["Runic Dome","Fusion Hammer"],"picked":"SacredBark"}],"items_purged_floors":[],"is_endless":false,"potions_floor_spawned":[1,4,6,7,8,18,21],"killed_by":"Slavers","ascension_level":2}}