{"host":"w4c9oc640fn2feul","time":1613597980,"event":{"mods":["AchievementEnabler","Act Like it!","Aspiration","BaseMod","BetterRewards","Conspire","Custom Start","Defuse TimeMaze Blight","Energized Spire","Gensokyo","GifTheSpireLib","Halation","Hubris","Infinite Spire","Marked Mod","Minty Spire (QoL Compilation)","Quarter Circle Forward PUNCH!","Reliquary","Replay The Spire","Shop Mod","StSLib","Stuff the Spire","The Animator","The Cursed","The Jungle"],"gold_per_floor":[114,133,133,133,133,152,187,187,187,205,216,216,236,255,255,354,354,366,366,385,398,323,323,62,75,75,75,103,103,103,135,135,135,135],"floor_reached":33,"language":"ENG","playtime":4106,"items_purged":["TheCursedMod:HellsGateOpen","TheCursedMod:Strike_TheCursed","TheCursedMod:Defend_TheCursed"],"score":312,"play_id":"791f74cf-8765-4931-9a03-8d8fab2defcf","local_time":"20210217223940","is_ascension_mode":false,"campfire_choices":[{"floor":12.0,"key":"RECALL"},{"floor":15.0,"key":"REST"},{"floor":23.0,"key":"REST"},{"floor":32,"key":"REST"}],"circlet_count":0,"master_deck":["TheCursedMod:Strike_TheCursed","TheCursedMod:Strike_TheCursed","TheCursedMod:Strike_TheCursed","TheCursedMod:Defend_TheCursed","TheCursedMod:Defend_TheCursed","TheCursedMod:Defend_TheCursed","TheCursedMod:CursedWand","TheCursedMod:CleanUpWorkshop","TheCursedMod:Dregs","TheCursedMod:TroublousMinions","StuffTheSpire:Innocence","TheCursedMod:AbyssShockwave","TheCursedMod:WearCloak","TheCursedMod:Neurasthenia","TheCursedMod:CircleOfCorruption","TheCursedMod:ForbiddenAlchemy","TheCursedMod:AshesToAshes+1","TheCursedMod:VoidForm","TheCursedMod:SoulReap","ReplayTheSpireMod:Echoes of Time","infinitespire:Execution","TheCursedMod:SurpriseAttack"],"relics":["TheCursedMod:BlackMagic101"],"acts_visited":["Exordium","TheCity"],"potions_floor_usage":[28,28,28,28,28,28,31,31,31,31,33],"damage_taken":[{"damage":0.0,"enemies":"Small Slimes","floor":1.0,"turns":6.0},{"damage":2.0,"enemies":"2 Louse","floor":2.0,"turns":3.0},{"damage":0.0,"enemies":"conspire:RoseBush","floor":6.0,"turns":3.0},{"damage":19.0,"enemies":"3 Sentries","floor":7.0,"turns":11.0},{"damage":1.0,"enemies":"Large Slime","floor":10.0,"turns":4.0},{"damage":0.0,"enemies":"3 Louse","floor":11.0,"turns":2.0},{"damage":0.0,"enemies":"Exordium Wildlife","floor":13.0,"turns":7.0},{"damage":7.0,"enemies":"Exordium Thugs","floor":14.0,"turns":4.0},{"damage":20.0,"enemies":"The Guardian","floor":16.0,"turns":15.0},{"damage":1.0,"enemies":"Shell Parasite","floor":18.0,"turns":9.0},{"damage":21.0,"enemies":"conspire:FuzzyDice","floor":20.0,"turns":8.0},{"damage":27.0,"enemies":"Chosen and Byrds","floor":21.0,"turns":7.0},{"damage":3.0,"enemies":"Snake Plant","floor":25.0,"turns":6.0},{"damage":64,"enemies":"Gremlin Leader","floor":28,"turns":9},{"damage":1,"enemies":"conspire:Head Lice","floor":31,"turns":14},{"damage":36,"enemies":"conspire:MysteriousRune","floor":33,"turns":8}],"seed_played":"3063234095840184301","potions_obtained":[{"floor":2.0,"key":"Energy Potion"},{"floor":6.0,"key":"Toxic Potion"},{"floor":10.0,"key":"ColorlessPotion"},{"floor":11.0,"key":"Block Potion"},{"floor":18.0,"key":"Elixir"},{"floor":21.0,"key":"Languid Potion"}],"is_trial":false,"path_per_floor":["M","M","?","?","?","M","E","?","T","M","M","R","M","M","R","B",null,"M","?","M","M","$","R","$","M","T","AVR","E","?","?","E","R","B"],"character_chosen":"THE_CURSED","items_purchased":["TheCursedMod:VoidForm"],"campfire_rested":3,"item_purchase_floors":[24],"current_hp_per_floor":[82,80,73,73,73,73,54,54,54,53,53,53,53,46,70,50,82,81,81,60,33,33,57,57,54,54,54,4,4,4,25,49,13,13],"gold":135,"neow_bonus":"TEN_PERCENT_HP_BONUS","is_daily":false,"chose_seed":false,"campfire_upgraded":0,"win_rate":0.0,"timestamp":1613597980,"path_taken":["M","M","?","?","?","M","E","?","T","M","M","R","M","?","R","BOSS","M","?","M","M","$","R","$","M","T","AVR","E","?","?","E","R","BOSS"],"items_purchased_type":["Card"],"build_version":"2020-12-22","purchased_purges":3,"victory":false,"max_hp_per_floor":[82,82,82,82,82,82,82,82,82,82,82,82,82,82,82,82,82,82,82,82,82,82,82,82,82,82,82,82,82,82,82,82,82,82],"card_choices":[{"not_picked":["TheCursedMod:CircleOfFlame","TheCursedMod:SmokeScreen"],"picked":"TheCursedMod:TroublousMinions","floor":1.0},{"not_picked":["TheCursedMod:TacticalStrike","TheCursedMod:SurpriseAttack","TheCursedMod:SpitefulStrike"],"picked":"SKIP","floor":2.0},{"not_picked":["TheCursedMod:SpitefulStrike","TheCursedMod:Wield"],"picked":"TheCursedMod:HellsGateOpen","floor":6.0},{"not_picked":["TheCursedMod:SpitefulPray","TheCursedMod:Evocation"],"picked":"TheCursedMod:AbyssShockwave","floor":7.0},{"not_picked":["TheCursedMod:DoubleShield","TheCursedMod:CursedMace"],"picked":"TheCursedMod:WearCloak","floor":10.0},{"not_picked":["TheCursedMod:CursedStaff","TheCursedMod:FuryStrike","TheCursedMod:CursedAmulet"],"picked":"SKIP","floor":11.0},{"not_picked":["TheCursedMod:Stigma","TheCursedMod:BlessingInDisguise"],"picked":"TheCursedMod:Neurasthenia","floor":13.0},{"not_picked":["TheCursedMod:SurpriseAttack","TheCursedMod:CircleOfFlame"],"picked":"TheCursedMod:CircleOfCorruption","floor":14.0},{"not_picked":["TheCursedMod:ParallelWorld","TheCursedMod:UltimatePain"],"picked":"TheCursedMod:ForbiddenAlchemy","floor":16.0},{"not_picked":["TheCursedMod:CursedBoomerang+1","TheCursedMod:SpreadPlague"],"picked":"TheCursedMod:AshesToAshes+1","floor":18.0},{"not_picked":["TheCursedMod:PrepareRite","TheCursedMod:RavingStaff","TheCursedMod:TacticalStrike"],"picked":"SKIP","floor":20.0},{"not_picked":["TheCursedMod:SaltUponWound","TheCursedMod:CursedBlade","TheCursedMod:ManaBullet+1"],"picked":"SKIP","floor":21.0},{"not_picked":["TheCursedMod:CursedShiv","TheCursedMod:RapidMovement"],"picked":"TheCursedMod:SoulReap","floor":25.0},{"not_picked":["TheCursedMod:CursedAmulet+1","TheCursedMod:CircleOfCorruption"],"picked":"TheCursedMod:SurpriseAttack","floor":28},{"not_picked":["TheCursedMod:ParallelWorld","TheCursedMod:CircleOfFlame","TheCursedMod:SmokeScreen"],"picked":"SKIP","floor":31}],"player_experience":492958,"relics_obtained":[],"event_choices":[{"damage_healed":0.0,"max_hp_gain":0.0,"max_hp_loss":0.0,"gold_gain":0.0,"event_name":"Golden Idol","player_choice":"Ignored","floor":4.0,"gold_loss":0.0,"damage_taken":0.0},{"damage_healed":0.0,"max_hp_gain":0.0,"max_hp_loss":0.0,"gold_gain":0.0,"event_name":"Liars Game","player_choice":"Ignored","floor":8.0,"gold_loss":0.0,"damage_taken":0.0},{"damage_healed":0,"gold_gain":0,"player_choice":"Ignored","damage_taken":0,"max_hp_gain":0,"max_hp_loss":0,"event_name":"The Mausoleum","floor":29,"gold_loss":0},{"damage_healed":0,"gold_gain":0,"player_choice":"Leave","damage_taken":0,"max_hp_gain":0,"max_hp_loss":0,"event_name":"conspire:Investor","floor":30,"gold_loss":0}],"is_beta":false,"boss_relics":[{"not_picked":["halation:MonkeysPaw","ReplayTheSpireMod:SealedPack","aspiration:SilentSkillbook"]}],"items_purged_floors":[22,24,27],"is_endless":false,"potions_floor_spawned":[2,6,10,11,18,21],"killed_by":"conspire:MysteriousRune","ascension_level":0}}