{"host":"Luke","time":1613566861,"event":{"mods":["BaseMod","Downfall","Hermit","Minty Spire (QoL Compilation)","StSLib","The Exalted"],"gold_per_floor":[99,117,117,131,131,31,31,31,31,43,43,28,28,41,58,58,58,58],"floor_reached":16,"language":"ENG","playtime":995,"items_purged":[],"score":90,"play_id":"06e90f17-bb1f-4158-ad04-11f389774fc4","local_time":"20210217130101","is_ascension_mode":false,"campfire_choices":[{"floor":1.0,"key":"RECALL"},{"data":"hexamod:FastForward","floor":6.0,"key":"SMITH"},{"data":"hexamod:RadiantFlame","floor":9,"key":"SMITH"},{"data":"hexamod:Strike","floor":11,"key":"SMITH"},{"data":"hexamod:Strike","floor":13,"key":"SMITH"}],"circlet_count":0,"master_deck":["hexamod:Strike+1","hexamod:Strike+1","hexamod:Strike","hexamod:Strike","hexamod:Defend","hexamod:Defend","hexamod:Defend+1","hexamod:Defend","hexamod:Float+1","hexamod:FifthSeal","hexamod:FirstSeal","hexamod:RadiantFlame+1","hexamod:ThirdSeal","hexamod:FastForward+1","hexamod:SixthSeal","hexamod:FourthSeal","hexamod:SecondSeal"],"relics":["hexamod:SpiritBrand","War Paint","downfall:HeartBlessingRed","Bromod:ArcaneMomentum","downfall:BrokenWingStatue"],"acts_visited":["Exordium"],"potions_floor_usage":[10,14,15,15,15,15,16,16],"damage_taken":[{"damage":8.0,"enemies":"2 Louse","floor":2.0,"turns":5.0},{"damage":11.0,"enemies":"Cultist","floor":4.0,"turns":5.0},{"damage":3,"enemies":"Small Slimes","floor":10,"turns":3},{"damage":2,"enemies":"downfall:FleeingMerchant","floor":12,"turns":4},{"damage":23,"enemies":"3 Louse","floor":14,"turns":6},{"damage":15,"enemies":"2 Fungi Beasts","floor":15,"turns":3},{"damage":42,"enemies":"IC_STATUS_ARCHETYPE","floor":16,"turns":8}],"seed_played":"-6917105495038533499","potions_obtained":[{"floor":4.0,"key":"Energy Potion"},{"floor":12,"key":"Energy Potion"},{"floor":14,"key":"EntropicBrew"},{"floor":14,"key":"LiquidBronze"},{"floor":15,"key":"GamblersBrew"}],"is_trial":false,"path_per_floor":["R","M","?","M","?","R","T","?","R","M","R","$","R","M","M","B"],"character_chosen":"THE_SPIRIT","items_purchased":[],"campfire_rested":0,"item_purchase_floors":[],"current_hp_per_floor":[63,55,55,51,51,51,51,51,51,55,55,60,60,44,36,0,0,0],"gold":58,"neow_bonus":"THREE_RARE_CARDS","is_daily":false,"chose_seed":false,"campfire_upgraded":4,"win_rate":0.0,"timestamp":1613566861,"path_taken":["R","M","?","?","?","R","T","?","R","M","R","$","R","M","M","BOSS"],"items_purchased_type":[],"build_version":"2020-12-18","purchased_purges":0,"victory":false,"max_hp_per_floor":[63,63,63,63,63,63,63,63,63,63,63,63,63,63,63,63,63,63],"card_choices":[{"not_picked":["hexamod:GhostflameInferno","hexamod:SearingWound"],"picked":"hexamod:FifthSeal","floor":0.0},{"not_picked":["hexamod:FourthSeal","hexamod:ThirdSeal"],"picked":"hexamod:FirstSeal","floor":2.0},{"not_picked":["hexamod:NightmareStrike","hexamod:SwordOfDarkness"],"picked":"hexamod:RadiantFlame","floor":2.0},{"not_picked":["hexamod:FourthSeal","hexamod:SecondSeal"],"picked":"hexamod:ThirdSeal","floor":4.0},{"not_picked":["hexamod:BurningTouch","hexamod:ThermalTransfer"],"picked":"hexamod:FastForward","floor":4.0},{"not_picked":["hexamod:ThirdSeal","hexamod:FourthSeal"],"picked":"hexamod:SixthSeal","floor":10},{"not_picked":["hexamod:GhostflameBarrier","hexamod:SkipABeat"],"picked":"hexamod:FourthSeal","floor":10},{"not_picked":["hexamod:RadiantFlame","hexamod:FastForward","hexamod:InspiringFlames"],"picked":"SKIP","floor":12},{"not_picked":["hexamod:HauntingEcho","hexamod:WildfireWeapon","hexamod:FourthSeal"],"picked":"SKIP","floor":14},{"not_picked":["hexamod:SixthSeal","hexamod:FirstSeal"],"picked":"hexamod:SecondSeal","floor":15},{"not_picked":["hexamod:Again","hexamod:HeatMetal","hexamod:BacktrackSmack"],"picked":"SKIP","floor":15}],"player_experience":752844,"relics_obtained":[{"floor":7.0,"key":"Bromod:ArcaneMomentum"}],"event_choices":[{"cards_removed":["hexamod:Sear"],"damage_healed":0.0,"max_hp_gain":0.0,"max_hp_loss":0.0,"gold_gain":0.0,"event_name":"Bonfire Elementals","player_choice":"Offered Basic","floor":3.0,"gold_loss":0.0,"damage_taken":0.0}],"is_beta":true,"boss_relics":[],"items_purged_floors":[],"is_endless":false,"potions_floor_spawned":[4,14],"killed_by":"IC_STATUS_ARCHETYPE","ascension_level":0}}