{"host":"pdq28s6637cpsst2","time":1613595436,"event":{"mods":["BaseMod","Colored Map","Colored Powertips","Highlight Path","Minty Spire (QoL Compilation)","Permanent Neow","Quick Restart","StSLib"],"gold_per_floor":[114,114,114,133,98,129,148,148,148,162,132,146,146,146,146,258,258,255,274,303,330,330,330,357,357,382,87,2,2,2,36,36,145,145,164,164,181,196,218,218,227,227,227],"floor_reached":42,"language":"ENG","playtime":16309,"items_purged":["Strike_B+1"],"score":543,"play_id":"064a9d7f-7749-4e07-aa44-eee1a36679c8","local_time":"20210217155716","is_ascension_mode":true,"campfire_choices":[{"data":"Capacitor","floor":8.0,"key":"SMITH"},{"data":"Coolheaded","floor":15.0,"key":"SMITH"},{"data":"Creative AI","floor":23.0,"key":"SMITH"},{"data":"Hologram","floor":25.0,"key":"SMITH"},{"data":"Loop","floor":30.0,"key":"SMITH"},{"data":"Blizzard","floor":32.0,"key":"SMITH"},{"data":"Machine Learning","floor":40,"key":"SMITH"}],"circlet_count":0,"master_deck":["Strike_B+1","Strike_B+1","Defend_B+1","Defend_B+1","Defend_B+1","Defend_B+1","Zap","Dualcast","Coolheaded+1","Hologram+1","FTL","Capacitor+1","Glacier+1","Hologram+1","Streamline","Cold Snap","Creative AI+1","Loop+1","Loop+1","Self Repair+1","Blizzard+1","Force Field+1","Machine Learning+1","Coolheaded+1","Normality"],"relics":["Coffee Dripper","Toxic Egg 2","CeramicFish","Velvet Choker","Smiling Mask","Bottled Flame","Pantograph","Kunai","Cursed Key","Gremlin Horn"],"acts_visited":["Exordium","TheCity","TheBeyond"],"potions_floor_usage":[39,39],"damage_taken":[{"damage":6.0,"enemies":"Cultist","floor":1.0,"turns":3.0},{"damage":5.0,"enemies":"Jaw Worm","floor":4.0,"turns":4.0},{"damage":14.0,"enemies":"3 Sentries","floor":6.0,"turns":8.0},{"damage":5.0,"enemies":"Small Slimes","floor":7.0,"turns":5.0},{"damage":2.0,"enemies":"2 Fungi Beasts","floor":10.0,"turns":5.0},{"damage":0.0,"enemies":"Looter","floor":11.0,"turns":4.0},{"damage":1.0,"enemies":"Blue Slaver","floor":12.0,"turns":5.0},{"damage":6.0,"enemies":"Hexaghost","floor":16.0,"turns":12.0},{"damage":15.0,"enemies":"2 Thieves","floor":18.0,"turns":4.0},{"damage":8.0,"enemies":"Shell Parasite","floor":19.0,"turns":8.0},{"damage":5.0,"enemies":"Chosen and Byrds","floor":20.0,"turns":8.0},{"damage":14.0,"enemies":"Cultist and Chosen","floor":21.0,"turns":8.0},{"damage":4.0,"enemies":"Centurion and Healer","floor":24.0,"turns":9.0},{"damage":26.0,"enemies":"Slavers","floor":31.0,"turns":11.0},{"damage":4.0,"enemies":"Automaton","floor":33.0,"turns":12.0},{"damage":9.0,"enemies":"3 Darklings","floor":35.0,"turns":6.0},{"damage":0.0,"enemies":"3 Shapes","floor":37.0,"turns":5.0},{"damage":16.0,"enemies":"Spire Growth","floor":38.0,"turns":8.0},{"damage":49,"enemies":"Transient","floor":39,"turns":5},{"damage":27,"enemies":"Reptomancer","floor":42,"turns":2}],"seed_played":"-8367077341785896548","potions_obtained":[{"floor":4.0,"key":"Swift Potion"},{"floor":6.0,"key":"SneckoOil"},{"floor":12.0,"key":"SpeedPotion"},{"floor":18.0,"key":"SteroidPotion"},{"floor":19.0,"key":"DuplicationPotion"},{"floor":31.0,"key":"LiquidMemories"},{"floor":38.0,"key":"ColorlessPotion"}],"is_trial":false,"path_per_floor":["M","$","?","M","$","E","M","R","T","M","M","M","?","?","R","B",null,"M","M","M","M","?","R","M","R","T","$","?","$","R","E","R","B",null,"M","?","M","M","M","R","T","E"],"character_chosen":"DEFECT","items_purchased":["FTL","Bottled Flame"],"campfire_rested":0,"item_purchase_floors":[5,27],"current_hp_per_floor":[62,62,62,57,57,43,38,38,38,36,36,35,10,35,35,29,64,49,41,36,22,22,22,28,28,28,28,28,28,28,12,12,43,67,68,68,71,65,26,26,26,0,0],"gold":227,"neow_bonus":"BOSS_RELIC","is_daily":false,"chose_seed":false,"campfire_upgraded":7,"win_rate":0.0,"timestamp":1613595436,"path_taken":["M","?","?","M","$","E","M","R","T","M","M","M","?","?","R","BOSS","M","M","M","M","?","R","M","R","T","$","?","?","R","E","R","BOSS","M","?","M","M","M","R","?","E"],"items_purchased_type":["Card","Relic"],"build_version":"2020-12-22","purchased_purges":1,"victory":false,"max_hp_per_floor":[75,75,75,75,75,75,75,75,75,75,75,75,75,75,75,75,75,75,75,75,75,75,75,75,75,75,75,75,75,75,75,75,75,75,75,71,71,71,71,71,71,71,71],"card_choices":[{"not_picked":["Conserve Battery","Consume"],"picked":"Coolheaded","floor":1.0},{"not_picked":["Leap","Storm"],"picked":"Hologram","floor":4.0},{"not_picked":["Turbo+1","Reinforced Body+1"],"picked":"Capacitor","floor":6.0},{"not_picked":["Heatsinks","Barrage"],"picked":"Glacier+1","floor":7.0},{"not_picked":["Leap+1","Go for the Eyes"],"picked":"Hologram+1","floor":10.0},{"not_picked":["Capacitor","Fusion+1"],"picked":"Streamline","floor":11.0},{"not_picked":["Storm","BootSequence+1"],"picked":"Cold Snap","floor":12.0},{"not_picked":["Rainbow+1","Core Surge"],"picked":"Creative AI","floor":16.0},{"not_picked":["Hologram+1","FTL"],"picked":"Loop","floor":18.0},{"not_picked":["Hologram+1","Go for the Eyes+1","Leap+1"],"picked":"SKIP","floor":19.0},{"not_picked":["Turbo+1","FTL"],"picked":"Loop+1","floor":20.0},{"not_picked":["Ball Lightning+1","Sunder"],"picked":"Self Repair+1","floor":21.0},{"not_picked":["FTL","Barrage"],"picked":"Blizzard","floor":24.0},{"not_picked":["Beam Cell","Steam+1"],"picked":"Force Field+1","floor":31.0},{"not_picked":["Hyperbeam","All For One"],"picked":"Machine Learning","floor":33.0},{"not_picked":["Redo+1","Compile Driver","Go for the Eyes"],"picked":"SKIP","floor":35.0},{"not_picked":["Rip and Tear","Go for the Eyes","Recycle+1"],"picked":"SKIP","floor":37.0},{"not_picked":["Cold Snap","Gash","Heatsinks+1"],"picked":"SKIP","floor":38.0},{"not_picked":["Streamline+1","Go for the Eyes+1"],"picked":"Coolheaded+1","floor":39}],"player_experience":234647,"relics_obtained":[{"floor":6.0,"key":"Toxic Egg 2"},{"floor":26.0,"key":"Smiling Mask"},{"floor":31.0,"key":"Kunai"},{"floor":41,"key":"Gremlin Horn"}],"event_choices":[{"cards_removed":["Strike_B"],"damage_healed":0.0,"max_hp_gain":0.0,"max_hp_loss":0.0,"gold_gain":0.0,"event_name":"Living Wall","player_choice":"Forget","floor":3.0,"gold_loss":0.0,"damage_taken":0.0},{"damage_healed":0.0,"max_hp_gain":0.0,"max_hp_loss":0.0,"gold_gain":0.0,"event_name":"Scrap Ooze","player_choice":"Success","floor":13.0,"gold_loss":0.0,"damage_taken":25.0,"relics_obtained":["CeramicFish"]},{"damage_healed":25.0,"max_hp_gain":0.0,"max_hp_loss":0.0,"gold_gain":0.0,"event_name":"Big Fish","player_choice":"Banana","floor":14.0,"gold_loss":0.0,"damage_taken":0.0},{"damage_healed":0.0,"max_hp_gain":0.0,"max_hp_loss":0.0,"gold_gain":0.0,"event_name":"Back to Basics","player_choice":"Simplicity","floor":22.0,"gold_loss":0.0,"damage_taken":0.0,"cards_upgraded":["Strike_B","Strike_B","Strike_B","Defend_B","Defend_B","Defend_B","Defend_B"]},{"damage_healed":0.0,"max_hp_gain":0.0,"max_hp_loss":0.0,"gold_gain":0.0,"event_name":"Addict","player_choice":"Obtained Relic","floor":28.0,"gold_loss":85.0,"damage_taken":0.0,"relics_obtained":["Pantograph"]},{"damage_healed":0.0,"max_hp_gain":0.0,"max_hp_loss":4.0,"gold_gain":0.0,"event_name":"Winding Halls","player_choice":"Max HP","floor":36.0,"gold_loss":0.0,"damage_taken":0.0}],"is_beta":false,"boss_relics":[{"not_picked":["Pandora\u0027s Box","Astrolabe"],"picked":"Velvet Choker"},{"not_picked":["Tiny House","Runic Dome"],"picked":"Cursed Key"}],"items_purged_floors":[27],"is_endless":false,"potions_floor_spawned":[4,6,12,18,19,31,38],"killed_by":"Reptomancer","ascension_level":6}}