{"host":"4epvxsx6d4oxmc67","time":1613520027,"event":{"mods":["AchievementEnabler","BaseMod","Colored Map","Highlight Path","Minty Spire (QoL Compilation)"],"gold_per_floor":[117,117,117,48,63,88,106,106,106,116,116,41,41,75,75,175,175,193,15,26,46,66,66,95,95,143,143,159,172,191,201,201,201,201],"floor_reached":33,"language":"ENG","playtime":1487,"items_purged":["Strike_R","Strike_R"],"score":409,"play_id":"94a6d837-71e1-4a59-9b04-253166b47b77","local_time":"20210217000027","is_ascension_mode":true,"campfire_choices":[{"data":"Uppercut","floor":8.0,"key":"SMITH"},{"data":"Seeing Red","floor":11.0,"key":"SMITH"},{"data":"Bash","floor":15.0,"key":"SMITH"},{"floor":23.0,"key":"REST"},{"floor":25,"key":"REST"},{"floor":32,"key":"REST"}],"circlet_count":0,"master_deck":["Strike_R","Strike_R","Strike_R","Defend_R","Defend_R","Defend_R","Defend_R","Bash+1","Headbutt","Seeing Red+1","Uppercut+1","Cleave","Impervious","Inflame","Battle Trance","Armaments+1","Shockwave","Flame Barrier+1","Reaper"],"relics":["Burning Blood","NeowsBlessing","Meat on the Bone","Question Card","Singing Bowl","PreservedInsect","Cursed Key","Sundial","Potion Belt","Spirit Poop"],"acts_visited":["Exordium","TheCity"],"potions_floor_usage":[29,30,33],"damage_taken":[{"damage":0.0,"enemies":"Small Slimes","floor":1.0,"turns":1.0},{"damage":0.0,"enemies":"2 Louse","floor":5.0,"turns":1.0},{"damage":0.0,"enemies":"Lagavulin","floor":6.0,"turns":1.0},{"damage":0.0,"enemies":"Cultist","floor":7.0,"turns":3.0},{"damage":10.0,"enemies":"Red Slaver","floor":10.0,"turns":3.0},{"damage":13.0,"enemies":"Gremlin Nob","floor":14.0,"turns":3.0},{"damage":41.0,"enemies":"The Guardian","floor":16.0,"turns":14.0},{"damage":5.0,"enemies":"Shell Parasite","floor":18.0,"turns":6.0},{"damage":23.0,"enemies":"3 Byrds","floor":20.0,"turns":7.0},{"damage":3.0,"enemies":"Snake Plant","floor":21.0,"turns":3.0},{"damage":40.0,"enemies":"3 Cultists","floor":22.0,"turns":7.0},{"damage":49,"enemies":"Book of Stabbing","floor":24,"turns":5},{"damage":20,"enemies":"Centurion and Healer","floor":28,"turns":6},{"damage":7,"enemies":"Cultist and Chosen","floor":29,"turns":5},{"damage":6,"enemies":"Snake Plant","floor":30,"turns":4},{"damage":15,"enemies":"Shelled Parasite and Fungi","floor":31,"turns":8},{"damage":99,"enemies":"Champ","floor":33,"turns":13}],"seed_played":"-5331989870373304167","potions_obtained":[{"floor":6.0,"key":"Explosive Potion"},{"floor":7.0,"key":"SpeedPotion"},{"floor":16.0,"key":"Block Potion"},{"floor":18.0,"key":"SpeedPotion"},{"floor":20.0,"key":"SteroidPotion"},{"floor":28,"key":"LiquidMemories"},{"floor":29,"key":"Block Potion"},{"floor":31,"key":"AttackPotion"}],"is_trial":false,"path_per_floor":["M","?","?","$","M","E","M","R","T","M","R","$","?","E","R","B",null,"M","$","M","M","M","R","E","R","T","?","M","M","M","M","R","B"],"character_chosen":"IRONCLAD","items_purchased":["Seeing Red","Inflame"],"campfire_rested":3,"item_purchase_floors":[4,19],"current_hp_per_floor":[78,45,45,45,51,57,63,63,63,61,61,61,61,56,56,33,71,74,74,59,62,40,66,35,61,61,61,61,60,62,53,80,0,0],"gold":201,"neow_bonus":"THREE_ENEMY_KILL","is_daily":false,"chose_seed":false,"campfire_upgraded":3,"win_rate":0.0,"timestamp":1613520027,"path_taken":["M","?","?","$","M","E","?","R","T","M","R","?","?","E","R","BOSS","M","$","M","?","M","R","E","R","T","?","?","M","M","M","R","BOSS"],"items_purchased_type":["Card","Card"],"build_version":"2020-12-22","purchased_purges":2,"victory":false,"max_hp_per_floor":[80,80,80,80,80,80,80,80,80,82,82,82,82,84,84,84,84,86,86,88,88,88,88,88,88,88,88,90,90,92,92,92,92,92],"card_choices":[{"not_picked":["Armaments","Perfected Strike"],"picked":"Headbutt","floor":1.0},{"not_picked":["Battle Trance","Bloodletting"],"picked":"Uppercut","floor":5.0},{"not_picked":["Blood for Blood","Feel No Pain"],"picked":"Cleave","floor":6.0},{"not_picked":["True Grit","Anger","Headbutt","Cleave"],"picked":"SKIP","floor":7.0},{"not_picked":["Headbutt","Fire Breathing","Armaments","Havoc"],"picked":"Singing Bowl","floor":10.0},{"not_picked":["Shrug It Off","Warcry","Headbutt","Sword Boomerang"],"picked":"Singing Bowl","floor":14.0},{"not_picked":["Reaper","Exhume","Juggernaut"],"picked":"Impervious","floor":16.0},{"not_picked":["Pommel Strike","Feel No Pain+1","Entrench+1","Body Slam"],"picked":"Singing Bowl","floor":18.0},{"not_picked":["Shrug It Off","Clothesline","Sword Boomerang","Heavy Blade"],"picked":"Singing Bowl","floor":20.0},{"not_picked":["Entrench+1","Iron Wave","Armaments"],"picked":"Battle Trance","floor":21.0},{"not_picked":["Iron Wave","Immolate","Dual Wield"],"picked":"Armaments+1","floor":22.0},{"not_picked":["Seeing Red","Havoc","Searing Blow"],"picked":"Shockwave","floor":24},{"not_picked":["Perfected Strike+1","Armaments+1","Shrug It Off","Hemokinesis"],"picked":"Singing Bowl","floor":28},{"not_picked":["Spot Weakness","Headbutt","Clothesline"],"picked":"Flame Barrier+1","floor":29},{"not_picked":["Cleave","Feel No Pain","Clothesline","Combust"],"picked":"Singing Bowl","floor":30},{"not_picked":["Hemokinesis","Sentinel","Sword Boomerang+1"],"picked":"Reaper","floor":31}],"player_experience":138935,"relics_obtained":[{"floor":6.0,"key":"Question Card"},{"floor":9.0,"key":"Singing Bowl"},{"floor":14.0,"key":"PreservedInsect"},{"floor":24,"key":"Sundial"},{"floor":26,"key":"Potion Belt"}],"event_choices":[{"damage_healed":0.0,"max_hp_gain":0.0,"max_hp_loss":0.0,"gold_gain":0.0,"event_name":"Scrap Ooze","player_choice":"Success","floor":2.0,"gold_loss":0.0,"damage_taken":33.0,"relics_obtained":["Meat on the Bone"]},{"damage_healed":0.0,"max_hp_gain":0.0,"max_hp_loss":0.0,"gold_gain":0.0,"event_name":"The Woman in Blue","player_choice":"Bought 0 Potions","floor":3.0,"gold_loss":0.0,"damage_taken":0.0},{"damage_healed":0.0,"max_hp_gain":0.0,"max_hp_loss":0.0,"gold_gain":0.0,"event_name":"Match and Keep!","player_choice":"0 cards matched","floor":13.0,"gold_loss":0.0,"damage_taken":0.0,"cards_obtained":[]},{"cards_removed":["Normality"],"damage_healed":0,"gold_gain":0,"player_choice":"Offered Curse","damage_taken":0,"relics_obtained":["Spirit Poop"],"max_hp_gain":0,"max_hp_loss":0,"event_name":"Bonfire Elementals","floor":27,"gold_loss":0}],"is_beta":false,"boss_relics":[{"not_picked":["Philosopher\u0027s Stone","Black Blood"],"picked":"Cursed Key"}],"items_purged_floors":[12,19],"is_endless":false,"potions_floor_spawned":[6,7,16,18,20,28,29,31],"killed_by":"Champ","ascension_level":7}}