{"host":"4gr5irrdjh39ysed","time":1613586113,"event":{"mods":["AchievementEnabler","BaseMod","Colored Map","Downfall","Hermit","Minty Spire (QoL Compilation)","Random Character Button","StSLib","The Construct","The Cursed","The Disciple","The Hierophant","The Mystic","The Necromancer","The Runesmith"],"gold_per_floor":[117,117,44,62,62,89,89,102,102,133,24,54,54,31,31,129,129,69,69,69,69,69,69,69,69,69,69,33,33,33,33,33,33,33,33,33,33,33,33,33,33,33,33,33,33,33,33,33,33,33,33,33,33,33,33],"floor_reached":56,"language":"ENG","playtime":2616,"items_purged":["Defend_P"],"score":1795,"play_id":"51bf473f-8abe-4507-aa2f-91cd54504bc0","local_time":"20210217112153","is_ascension_mode":true,"campfire_choices":[{"floor":15,"key":"RECALL"},{"floor":23,"key":"REST"},{"floor":25,"key":"REST"},{"floor":32,"key":"REST"}],"circlet_count":0,"master_deck":["Strike_P+1","Strike_P+1","Strike_P+1","Strike_P+1","Eruption+1","Vigilance+1","EmptyFist+1","Dramatic Entrance+1","Alpha+1","TalkToTheHand+1","Alpha+1","ForeignInfluence+1","Consecrate+1","SandsOfTime+1","Devotion+1","FlurryOfBlows+1","Judgement+1","WreathOfFlame+1","Collect+1","FlyingSleeves+1","FollowUp+1","Omniscience+1","CrushJoints+1","Fasting2+1","EmptyMind+1","DevaForm+1","Prostrate+1","Vault","MentalFortress"],"relics":["Fusion Hammer","White Beast Statue","Molten Egg 2","CloakClasp","Bag of Marbles","Ectoplasm","Orichalcum","Runesmith:AutoHammer","Nilry\u0027s Codex","Coffee Dripper","Mark of the Bloom","InkBottle","Mercury Hourglass","Regal Pillow","CeramicFish","Whetstone"],"acts_visited":["Exordium","TheCity","TheBeyond","TheEnding"],"potions_floor_usage":[6,16,18,20,21,22,33,33,40,42,44,46,50,50,55],"damage_taken":[{"damage":24,"enemies":"Jaw Worm","floor":1,"turns":2},{"damage":0,"enemies":"Cultist","floor":4,"turns":2},{"damage":33,"enemies":"Lagavulin","floor":6,"turns":5},{"damage":14,"enemies":"2 Louse","floor":8,"turns":2},{"damage":84,"enemies":"Gremlin Nob","floor":10,"turns":4},{"damage":32,"enemies":"Lagavulin","floor":12,"turns":5},{"damage":26,"enemies":"Slime Boss","floor":16,"turns":5},{"damage":36,"enemies":"2 Thieves","floor":18,"turns":3},{"damage":10,"enemies":"Spheric Guardian","floor":19,"turns":3},{"damage":53,"enemies":"Snake Plant","floor":20,"turns":5},{"damage":0,"enemies":"Sentry and Sphere","floor":21,"turns":2},{"damage":11,"enemies":"Cultist and Chosen","floor":22,"turns":4},{"damage":7,"enemies":"Slavers","floor":24,"turns":2},{"damage":16,"enemies":"Snake Plant","floor":29,"turns":3},{"damage":0,"enemies":"3 Cultists","floor":31,"turns":2},{"damage":43,"enemies":"Champ","floor":33,"turns":8},{"damage":5,"enemies":"3 Shapes","floor":35,"turns":2},{"damage":14,"enemies":"Orb Walker","floor":37,"turns":3},{"damage":11,"enemies":"Transient","floor":38,"turns":5},{"damage":14,"enemies":"Nemesis","floor":40,"turns":5},{"damage":22,"enemies":"Spire Growth","floor":41,"turns":4},{"damage":47,"enemies":"Reptomancer","floor":42,"turns":4},{"damage":54,"enemies":"Writhing Mass","floor":44,"turns":3},{"damage":14,"enemies":"Jaw Worm Horde","floor":45,"turns":4},{"damage":26,"enemies":"Giant Head","floor":46,"turns":6},{"damage":16,"enemies":"Spire Growth","floor":48,"turns":5},{"damage":137,"enemies":"Awakened One","floor":50,"turns":7},{"damage":245,"enemies":"Shield and Spear","floor":54,"turns":6},{"damage":216,"enemies":"The Heart","floor":55,"turns":8}],"seed_played":"5808296947227435471","potions_obtained":[{"floor":1,"key":"Strength Potion"},{"floor":4,"key":"AttackPotion"},{"floor":8,"key":"Weak Potion"},{"floor":10,"key":"Ambrosia"},{"floor":16,"key":"Ancient Potion"},{"floor":18,"key":"Regen Potion"},{"floor":20,"key":"champ:CounterPotion"},{"floor":21,"key":"ColorlessPotion"},{"floor":22,"key":"champ:CounterPotion"},{"floor":33,"key":"DistilledChaos"},{"floor":35,"key":"SteroidPotion"},{"floor":40,"key":"Explosive Potion"},{"floor":42,"key":"Ancient Potion"},{"floor":44,"key":"construct:ShiftPotion"},{"floor":46,"key":"LiquidMemories"},{"floor":54,"key":"ColorlessPotion"}],"is_trial":false,"path_per_floor":["M","?","$","M","?","E","?","M","T","E","$","E","?","$","R","B",null,"M","M","M","M","M","R","E","R","T","T","$","M","?","M","R","B",null,"M","?","M","M","?","E","M","E","T","M","M","E","?","M","R","B",null,"R","$","E","B",null],"character_chosen":"WATCHER","items_purchased":["Alpha","SandsOfTime+1","FlurryOfBlows+1","Fasting2"],"campfire_rested":3,"item_purchase_floors":[3,11,14,28],"current_hp_per_floor":[2041,2041,2041,2041,2046,2013,2013,1999,1999,1915,1915,1883,1883,1883,1883,1857,2022,1986,1976,1937,1937,1926,2077,2070,2077,2077,2077,2077,2061,2045,2045,2077,2034,2066,2061,2061,2047,2036,2036,2022,2000,1953,1953,1899,1885,1859,1859,1843,1843,1706,1706,1706,1706,1461,1245],"gold":33,"neow_bonus":"BOSS_RELIC","is_daily":false,"chose_seed":false,"campfire_upgraded":0,"win_rate":0.0,"timestamp":1613586113,"path_taken":["M","?","?","M","?","E","?","?","T","E","?","E","?","$","R","BOSS","M","?","M","M","M","R","E","R","T","?","?","M","?","M","R","BOSS","M","?","M","M","?","E","M","E","T","?","?","E","?","M","R","BOSS","R","$","E","BOSS"],"items_purchased_type":["Card","Card","Card","Card"],"build_version":"2020-12-22","purchased_purges":1,"victory":true,"max_hp_per_floor":[2072,2072,2072,2072,2077,2077,2077,2077,2077,2077,2077,2077,2077,2077,2077,2077,2077,2077,2077,2077,2077,2077,2077,2077,2077,2077,2077,2077,2077,2077,2077,2077,2077,2077,2077,2077,2077,2077,2077,2077,2077,2077,2077,2077,2077,2077,2077,2077,2077,2077,2077,2077,2077,2077,2077],"card_choices":[{"not_picked":["Vengeance","Protect"],"picked":"EmptyFist","floor":1},{"not_picked":["CrushJoints","Fasting2"],"picked":"TalkToTheHand","floor":4},{"not_picked":["SashWhip","Evaluate"],"picked":"Alpha","floor":6},{"not_picked":["ThirdEye","Tantrum"],"picked":"ForeignInfluence","floor":8},{"not_picked":["Halt","Sanctity"],"picked":"Consecrate+1","floor":10},{"not_picked":["Crescendo","Prostrate"],"picked":"Devotion","floor":12},{"not_picked":["Alpha","Blasphemy"],"picked":"Judgement","floor":16},{"not_picked":["WaveOfTheHand","PathToVictory"],"picked":"WreathOfFlame+1","floor":18},{"not_picked":["FlurryOfBlows+1","Evaluate"],"picked":"Collect","floor":19},{"not_picked":["EmptyBody","FlurryOfBlows+1"],"picked":"FlyingSleeves+1","floor":20},{"not_picked":["Prostrate","FlyingSleeves+1"],"picked":"FollowUp+1","floor":21},{"not_picked":["Protect","Prostrate"],"picked":"Omniscience","floor":22},{"not_picked":["EmptyMind","PathToVictory"],"picked":"CrushJoints+1","floor":24},{"not_picked":["WreathOfFlame","Evaluate"],"picked":"EmptyMind","floor":29},{"not_picked":["ClearTheMind","Study","SashWhip+1"],"picked":"SKIP","floor":31},{"not_picked":["Scrawl","ConjureBlade"],"picked":"DevaForm","floor":33},{"not_picked":["Evaluate","Crescendo","Prostrate"],"picked":"SKIP","floor":35},{"not_picked":["Evaluate","Crescendo"],"picked":"Prostrate","floor":35},{"not_picked":["FlurryOfBlows+1","FlyingSleeves+1","Protect"],"picked":"SKIP","floor":37},{"not_picked":["LessonLearned+1","ClearTheMind","TalkToTheHand+1"],"picked":"SKIP","floor":38},{"not_picked":["LikeWater","WaveOfTheHand+1","FlyingSleeves+1"],"picked":"SKIP","floor":40},{"not_picked":["FollowUp+1","Pray","ThirdEye+1"],"picked":"SKIP","floor":41},{"not_picked":["CrushJoints+1","BattleHymn+1","Pray"],"picked":"SKIP","floor":42},{"not_picked":["ThirdEye","JustLucky+1","Study"],"picked":"SKIP","floor":44},{"not_picked":["Study+1","FlyingSleeves+1","EmptyBody"],"picked":"SKIP","floor":45},{"not_picked":["Weave+1","TalkToTheHand+1"],"picked":"Vault","floor":46},{"not_picked":["Consecrate+1","EmptyBody","EmptyFist+1"],"picked":"SKIP","floor":48},{"not_picked":["Prostrate","BowlingBash+1","FlyingSleeves+1"],"picked":"SKIP","floor":54}],"player_experience":372086,"relics_obtained":[{"floor":6,"key":"White Beast Statue"},{"floor":9,"key":"Molten Egg 2"},{"floor":10,"key":"CloakClasp"},{"floor":12,"key":"Bag of Marbles"},{"floor":24,"key":"Orichalcum"},{"floor":26,"key":"Runesmith:AutoHammer"},{"floor":30,"key":"Nilry\u0027s Codex"},{"floor":40,"key":"InkBottle"},{"floor":42,"key":"Mercury Hourglass"},{"floor":43,"key":"Regal Pillow"},{"floor":46,"key":"CeramicFish"},{"floor":54,"key":"Whetstone"}],"event_choices":[{"damage_healed":0,"gold_gain":0,"player_choice":"1 cards matched","damage_taken":0,"max_hp_gain":0,"max_hp_loss":0,"event_name":"Match and Keep!","floor":2,"gold_loss":0,"cards_obtained":["Dramatic Entrance"]},{"damage_healed":0,"gold_gain":0,"player_choice":"Donut","damage_taken":0,"max_hp_gain":5,"max_hp_loss":0,"event_name":"Big Fish","floor":5,"gold_loss":0},{"cards_removed":["Defend_P"],"damage_healed":0,"gold_gain":0,"player_choice":"Forget","damage_taken":0,"max_hp_gain":0,"max_hp_loss":0,"event_name":"Living Wall","floor":7,"gold_loss":0},{"damage_healed":0,"gold_gain":0,"player_choice":"Bought 0 Potions","damage_taken":0,"max_hp_gain":0,"max_hp_loss":0,"event_name":"The Woman in Blue","floor":13,"gold_loss":0},{"damage_healed":0,"gold_gain":0,"player_choice":"Obtained Book","damage_taken":16,"max_hp_gain":0,"max_hp_loss":0,"event_name":"Cursed Tome","floor":30,"gold_loss":0},{"damage_healed":0,"gold_gain":0,"player_choice":"Upgrade","damage_taken":0,"relics_obtained":["Mark of the Bloom"],"max_hp_gain":0,"max_hp_loss":0,"event_name":"MindBloom","floor":36,"gold_loss":0,"cards_upgraded":["Strike_P","Strike_P","Strike_P","Strike_P","Defend_P","Defend_P","Eruption","Vigilance","EmptyFist","Dramatic Entrance","Alpha","TalkToTheHand","Alpha","ForeignInfluence","Devotion","Judgement","Collect","Omniscience","Fasting2","EmptyMind","DevaForm","Prostrate"]},{"cards_removed":["Defend_P"],"damage_healed":0,"gold_gain":0,"player_choice":"Card Removal","damage_taken":0,"max_hp_gain":0,"max_hp_loss":0,"event_name":"Wheel of Change","floor":39,"gold_loss":0},{"damage_healed":0,"gold_gain":0,"cards_transformed":["Defend_P"],"player_choice":"Transformed","damage_taken":0,"max_hp_gain":0,"max_hp_loss":0,"event_name":"Transmorgrifier","floor":47,"gold_loss":0,"cards_obtained":["MentalFortress"]}],"is_beta":false,"boss_relics":[{"not_picked":["construct:WeddingRing","expansioncontent:StudyCardRelic"],"picked":"Ectoplasm"},{"not_picked":["bronze:MakeshiftBattery","Runic Pyramid"],"picked":"Coffee Dripper"}],"items_purged_floors":[11],"is_endless":false,"potions_floor_spawned":[1,4,8,10,12,16,18,19,20,21,22,24,29,31,33,35,37,38,40,41,42,44,45,46,48,54],"ascension_level":9}}