{"host":"2fgwwnzqc97k7iys","time":1613527723,"event":{"mods":["BaseMod","Colored Map","Minty Spire (QoL Compilation)","Quick Restart","Relic Stats"],"gold_per_floor":[14,30,49,66,66,66,16,116,116,41,41,74,74,44,44,172,172,188,177,276,276,291,291,305,318,343,362,362,362],"floor_reached":28,"language":"ENG","playtime":1652,"items_purged":["Strike_B"],"score":368,"play_id":"a2258685-bbb5-43d5-b64d-8f4007e9fc3b","local_time":"20210216200843","is_ascension_mode":true,"campfire_choices":[{"data":"Genetic Algorithm","floor":6,"key":"SMITH"},{"data":"Fusion","floor":11,"key":"SMITH"},{"data":"Coolheaded","floor":13,"key":"SMITH"},{"data":"Zap","floor":15,"key":"SMITH"},{"data":"Fission","floor":23,"key":"SMITH"}],"circlet_count":0,"master_deck":["AscendersBane","Strike_B","Defend_B","Defend_B","Defend_B","Zap+1","Dualcast","Ball Lightning","Fusion+1","Coolheaded+1","Genetic Algorithm+1","Cold Snap","Compile Driver","Fission+1","Turbo","Aggregate","Hologram+1"],"relics":["Cracked Core","Golden Idol","Question Card","Dead Branch","Inserter","Centennial Puzzle"],"acts_visited":["Exordium","TheCity"],"potions_floor_usage":[25,28],"damage_taken":[{"damage":7,"enemies":"Jaw Worm","floor":1,"turns":3},{"damage":1,"enemies":"2 Louse","floor":2,"turns":2},{"damage":1,"enemies":"Cultist","floor":3,"turns":3},{"damage":15,"enemies":"Lots of Slimes","floor":4,"turns":4},{"damage":31,"enemies":"Gremlin Nob","floor":12,"turns":4},{"damage":2,"enemies":"Looter","floor":14,"turns":4},{"damage":10,"enemies":"The Guardian","floor":16,"turns":9},{"damage":8,"enemies":"Chosen","floor":18,"turns":5},{"damage":15,"enemies":"2 Thieves","floor":19,"turns":4},{"damage":8,"enemies":"Centurion and Healer","floor":22,"turns":8},{"damage":0,"enemies":"Snecko","floor":24,"turns":4},{"damage":0,"enemies":"Snake Plant","floor":25,"turns":4},{"damage":13,"enemies":"Centurion and Healer","floor":27,"turns":6},{"damage":11,"enemies":"Slavers","floor":28,"turns":3}],"seed_played":"-5757152446139534195","potions_obtained":[{"floor":1,"key":"Ancient Potion"},{"floor":12,"key":"PotionOfCapacity"},{"floor":16,"key":"ColorlessPotion"},{"floor":18,"key":"Swift Potion"},{"floor":24,"key":"DistilledChaos"},{"floor":25,"key":"Strength Potion"}],"is_trial":false,"path_per_floor":["M","M","M","M","?","R","?","?","T","$","R","E","R","M","R","B",null,"M","M","?","?","M","R","M","M","T","M","E"],"character_chosen":"DEFECT","items_purchased":[],"campfire_rested":0,"item_purchase_floors":[],"current_hp_per_floor":[61,60,59,44,44,44,44,44,44,44,44,13,13,11,11,1,52,44,29,29,29,21,21,21,21,21,8,0,0],"gold":362,"neow_bonus":"REMOVE_TWO","is_daily":false,"chose_seed":false,"campfire_upgraded":5,"win_rate":0.0,"timestamp":1613527723,"path_taken":["M","M","M","M","?","R","?","?","T","$","R","E","R","?","R","BOSS","M","?","?","?","M","R","?","M","T","?","E"],"items_purchased_type":[],"build_version":"2020-12-22","purchased_purges":1,"victory":false,"max_hp_per_floor":[75,75,75,75,69,69,69,69,69,69,69,69,69,69,69,69,69,69,69,69,69,69,69,69,69,69,69,69,69],"relic_stats":{"Centennial Puzzle":[6],"Inserter":[17],"counters":[14,63],"Golden Idol":53,"Dead Branch":[44],"Question Card":9,"obtain_stats":[{"Centennial Puzzle":26,"Inserter":17,"Golden Idol":5,"Dead Branch":12,"Cracked Core":0,"Question Card":9},{"Centennial Puzzle":12,"Inserter":7,"Golden Idol":4,"Dead Branch":5,"Cracked Core":0,"Question Card":4},{"Centennial Puzzle":54,"Inserter":29,"Golden Idol":12,"Dead Branch":16,"Cracked Core":0,"Question Card":12}]},"card_choices":[{"not_picked":["Scrape","Go for the Eyes"],"picked":"Ball Lightning","floor":1},{"not_picked":["White Noise","Beam Cell","Fusion"],"picked":"SKIP","floor":2},{"not_picked":["White Noise","Beam Cell"],"picked":"Fusion","floor":2},{"not_picked":["Force Field","FTL"],"picked":"Coolheaded","floor":3},{"not_picked":["Skim","Coolheaded"],"picked":"Genetic Algorithm","floor":4},{"not_picked":["Gash","Heatsinks","Redo"],"picked":"Cold Snap","floor":12},{"not_picked":["Lockon","Rebound","Chaos"],"picked":"Compile Driver","floor":14},{"not_picked":["Core Surge","Reboot","Creative AI"],"picked":"Fission","floor":16},{"not_picked":["Hologram","Cold Snap","Rebound","Streamline"],"picked":"SKIP","floor":18},{"not_picked":["Hologram","Leap","Aggregate"],"picked":"Turbo","floor":19},{"not_picked":["Stack+1","Redo","Auto Shields"],"picked":"Aggregate","floor":22},{"not_picked":["Streamline+1","Scrape","Steam","Conserve Battery+1"],"picked":"SKIP","floor":24},{"not_picked":["Conserve Battery","Steam Power+1","Steam","Scrape"],"picked":"SKIP","floor":25},{"not_picked":["Amplify","Cold Snap","Steam"],"picked":"Hologram+1","floor":27}],"player_experience":598844,"relics_obtained":[{"floor":9,"key":"Question Card"},{"floor":12,"key":"Dead Branch"},{"floor":26,"key":"Centennial Puzzle"}],"event_choices":[{"damage_healed":0,"gold_gain":0,"player_choice":"Lose Max HP","damage_taken":0,"relics_obtained":["Golden Idol"],"max_hp_gain":0,"max_hp_loss":6,"event_name":"Golden Idol","floor":5,"gold_loss":0},{"cards_removed":["Strike_B"],"damage_healed":0,"gold_gain":0,"player_choice":"Card Removal","damage_taken":0,"max_hp_gain":0,"max_hp_loss":0,"event_name":"The Cleric","floor":7,"gold_loss":50},{"damage_healed":0,"gold_gain":100,"player_choice":"Pray","damage_taken":0,"max_hp_gain":0,"max_hp_loss":0,"event_name":"Golden Shrine","floor":8,"gold_loss":0},{"damage_healed":0,"gold_gain":99,"player_choice":"Stole From Cult","damage_taken":0,"max_hp_gain":0,"max_hp_loss":0,"event_name":"Nest","floor":20,"gold_loss":0},{"damage_healed":0,"gold_gain":0,"player_choice":"Got Potions","damage_taken":0,"max_hp_gain":0,"max_hp_loss":0,"event_name":"Lab","floor":21,"gold_loss":0}],"is_beta":false,"boss_relics":[{"not_picked":["Calling Bell","Empty Cage"],"picked":"Inserter"}],"items_purged_floors":[10],"is_endless":false,"potions_floor_spawned":[1,12,16,18,19,24,25],"killed_by":"Slavers","ascension_level":10}}