{"host":"ty2cix8xj6r3ad26","time":1613571138,"event":{"mods":["AchievementEnabler","BaseMod","BetterRewards","Minty Spire (QoL Compilation)","Quick Restart","StSLib","SuperFastMode"],"gold_per_floor":[119,119,130,40,53,53,82,82,82,136,167,204,227,254,266,278,278],"floor_reached":16,"language":"ENG","playtime":1052,"items_purged":["Strike_R","Strike_R"],"score":202,"play_id":"84694db5-6b80-4bbb-a2ef-6d8e833a2e00","local_time":"20210217161218","is_ascension_mode":true,"campfire_choices":[{"data":"Dark Embrace","floor":6,"key":"SMITH"},{"data":"Havoc","floor":8,"key":"SMITH"},{"data":"Thunderclap","floor":15,"key":"SMITH"}],"circlet_count":0,"master_deck":["AscendersBane","Strike_R","Strike_R","Strike_R","Defend_R","Defend_R","Defend_R","Defend_R","Bash","Armaments","Cleave","Havoc+1","Metallicize","Thunderclap+1","Shrug It Off","Dark Embrace+1","Offering","Clothesline","Intimidate"],"relics":["Burning Blood","Paper Frog","Dead Branch","Smiling Mask","Dream Catcher","Calipers","MawBank","Pear"],"acts_visited":["Exordium"],"potions_floor_usage":[7,12,16],"damage_taken":[{"damage":3,"enemies":"Cultist","floor":1,"turns":4},{"damage":0,"enemies":"Small Slimes","floor":3,"turns":3},{"damage":5,"enemies":"2 Louse","floor":5,"turns":4},{"damage":11,"enemies":"3 Sentries","floor":7,"turns":5},{"damage":8,"enemies":"2 Fungi Beasts","floor":11,"turns":3},{"damage":19,"enemies":"Gremlin Nob","floor":12,"turns":4},{"damage":0,"enemies":"Exordium Thugs","floor":13,"turns":2},{"damage":6,"enemies":"Blue Slaver","floor":14,"turns":4},{"damage":40,"enemies":"Slime Boss","floor":16,"turns":7}],"seed_played":"6031897532719291730","potions_obtained":[{"floor":1,"key":"SpeedPotion"},{"floor":5,"key":"Weak Potion"},{"floor":11,"key":"Dexterity Potion"}],"is_trial":false,"path_per_floor":["M","T","M","$","M","R","E","R","T","T","M","E","M","M","R","B"],"character_chosen":"IRONCLAD","items_purchased":["Armaments","Paper Frog","Cleave","Dead Branch","Havoc","Metallicize","Dark Embrace"],"campfire_rested":0,"item_purchase_floors":[0,0,0,0,0,0,4],"current_hp_per_floor":[36,36,42,42,43,43,38,38,38,38,36,33,39,39,39,0,0],"gold":278,"neow_bonus":"","is_daily":false,"chose_seed":false,"campfire_upgraded":3,"win_rate":0.0,"timestamp":1613571138,"path_taken":["M","?","M","$","?","R","E","R","T","?","M","E","M","M","R","BOSS"],"items_purchased_type":["Card","Relic","Card","Relic","Card","Card","Card"],"build_version":"2020-12-22","purchased_purges":2,"victory":false,"max_hp_per_floor":[75,75,75,75,75,75,75,75,75,75,75,85,85,85,85,85,85],"card_choices":[{"not_picked":["Pommel Strike","Combust"],"picked":"Thunderclap","floor":1},{"not_picked":["Searing Blow","Evolve"],"picked":"Shrug It Off","floor":3},{"not_picked":["Havoc","Shrug It Off","Clash"],"picked":"SKIP","floor":5},{"not_picked":["Dual Wield","Bloodletting"],"picked":"Offering","floor":7},{"not_picked":["Pommel Strike","True Grit","Iron Wave"],"picked":"SKIP","floor":11},{"not_picked":["Cleave","Thunderclap"],"picked":"Clothesline","floor":12},{"not_picked":["Pummel","Reckless Charge","Entrench"],"picked":"SKIP","floor":13},{"not_picked":["Spot Weakness","Armaments"],"picked":"Intimidate","floor":14}],"player_experience":598145,"relics_obtained":[{"floor":2,"key":"Smiling Mask"},{"floor":7,"key":"Dream Catcher"},{"floor":9,"key":"Calipers"},{"floor":10,"key":"MawBank"},{"floor":12,"key":"Pear"}],"event_choices":[],"is_beta":false,"boss_relics":[],"items_purged_floors":[0,4],"is_endless":false,"potions_floor_spawned":[1,5,11],"killed_by":"Slime Boss","ascension_level":16}}