{"host":"soyfmymeou4emntr","time":1613579514,"event":{"mods":["BaseMod","Minty Spire (QoL Compilation)","Permanent Neow","Relic Sorter","Relic Stats","StSLib"],"gold_per_floor":[15,28,28,28,47,47,67,67,67,83,116,15,35,56,56,151,151,171,186,200,200,200,200,200,200],"floor_reached":24,"language":"ENG","playtime":2174,"items_purged":["Pain"],"score":425,"play_id":"25b20582-48b8-42a1-b7c6-c0a3278251e1","local_time":"20210217093154","is_ascension_mode":true,"campfire_choices":[{"data":"Footwork","floor":6,"key":"SMITH"},{"floor":8,"key":"REST"},{"floor":15,"key":"REST"},{"floor":23,"key":"REST"}],"circlet_count":0,"master_deck":["AscendersBane","Defend_G+1","Defend_G+1","Defend_G+1","Defend_G+1","Defend_G+1","Survivor","Neutralize","Phantasmal Killer","Quick Slash","Dagger Throw","Footwork+1","Slice","Cloak And Dagger","Predator","Blade Dance","All Out Attack","Blur","After Image","Blade Dance","Deflect","Dagger Spray","Bite","Bite","Bite","Bite","Bite"],"relics":["Ring of the Snake","Golden Idol","WarpedTongs","The Courier","Question Card","SlaversCollar"],"acts_visited":["Exordium","TheCity"],"potions_floor_usage":[11,16,19,20,24],"damage_taken":[{"damage":11,"enemies":"Jaw Worm","floor":1,"turns":6},{"damage":1,"enemies":"Cultist","floor":2,"turns":3},{"damage":8,"enemies":"Small Slimes","floor":5,"turns":3},{"damage":4,"enemies":"Looter","floor":7,"turns":2},{"damage":2,"enemies":"2 Fungi Beasts","floor":10,"turns":4},{"damage":13,"enemies":"3 Sentries","floor":11,"turns":9},{"damage":2,"enemies":"Blue Slaver","floor":13,"turns":4},{"damage":6,"enemies":"3 Louse","floor":14,"turns":2},{"damage":20,"enemies":"Slime Boss","floor":16,"turns":4},{"damage":2,"enemies":"Chosen","floor":18,"turns":7},{"damage":5,"enemies":"Spheric Guardian","floor":19,"turns":4},{"damage":26,"enemies":"3 Cultists","floor":20,"turns":6},{"damage":55,"enemies":"Gremlin Leader","floor":24,"turns":6}],"seed_played":"8484975345112331918","potions_obtained":[{"floor":7,"key":"PowerPotion"},{"floor":10,"key":"Ancient Potion"},{"floor":13,"key":"AttackPotion"},{"floor":14,"key":"Block Potion"},{"floor":18,"key":"EssenceOfSteel"},{"floor":20,"key":"Weak Potion"}],"is_trial":false,"path_per_floor":["M","M","?","?","M","R","M","R","T","M","E","$","M","M","R","B",null,"M","M","M","?","?","R","E"],"character_chosen":"THE_SILENT","items_purchased":["Blade Dance"],"campfire_rested":3,"item_purchase_floors":[12],"current_hp_per_floor":[48,47,47,47,39,39,35,53,53,51,38,38,36,30,48,28,52,50,45,19,19,19,31,0,0],"gold":200,"neow_bonus":"THREE_RARE_CARDS","is_daily":false,"chose_seed":false,"campfire_upgraded":1,"win_rate":0.0,"timestamp":1613579514,"path_taken":["M","M","?","?","M","R","M","R","T","M","E","$","M","?","R","BOSS","M","?","M","?","?","R","E"],"items_purchased_type":["Card"],"build_version":"2020-12-22","purchased_purges":1,"victory":false,"max_hp_per_floor":[66,66,60,60,60,60,60,60,60,60,60,60,60,60,60,60,60,60,60,60,42,42,42,42,42],"relic_stats":{"counters":[13,60],"Golden Idol":55,"Question Card":6,"obtain_stats":[{"SlaversCollar":17,"Golden Idol":3,"The Courier":9,"Question Card":11,"Ring of the Snake":0,"WarpedTongs":4},{"SlaversCollar":9,"Golden Idol":2,"The Courier":4,"Question Card":6,"Ring of the Snake":0,"WarpedTongs":2},{"SlaversCollar":37,"Golden Idol":9,"The Courier":14,"Question Card":27,"Ring of the Snake":0,"WarpedTongs":9}],"Ring of the Snake":[26],"WarpedTongs":[51]},"card_choices":[{"not_picked":["Envenom","Night Terror"],"picked":"Phantasmal Killer","floor":0},{"not_picked":["Cloak And Dagger","Poisoned Stab"],"picked":"Quick Slash","floor":1},{"not_picked":["Underhanded Strike","Expertise"],"picked":"Dagger Throw","floor":2},{"not_picked":["Dodge and Roll","Cloak And Dagger"],"picked":"Footwork","floor":5},{"not_picked":["Bane","Tactician"],"picked":"Slice","floor":7},{"not_picked":["Deflect","Bane"],"picked":"Cloak And Dagger","floor":10},{"not_picked":["Prepared","Underhanded Strike"],"picked":"Predator","floor":11},{"not_picked":["PiercingWail","Acrobatics","Backstab"],"picked":"All Out Attack","floor":13},{"not_picked":["Slice","Eviscerate","Deadly Poison"],"picked":"Blur","floor":14},{"not_picked":["A Thousand Cuts","Phantasmal Killer","Storm of Steel"],"picked":"After Image","floor":16},{"not_picked":["Cloak And Dagger","Prepared","Outmaneuver"],"picked":"Blade Dance","floor":18},{"not_picked":["Backflip","Heel Hook","Bouncing Flask"],"picked":"Deflect","floor":19},{"not_picked":["Concentrate","Masterful Stab","Tactician"],"picked":"Dagger Spray","floor":20}],"player_experience":3367503,"relics_obtained":[{"floor":9,"key":"The Courier"},{"floor":11,"key":"Question Card"}],"event_choices":[{"damage_healed":0,"gold_gain":0,"player_choice":"Lose Max HP","damage_taken":0,"relics_obtained":["Golden Idol"],"max_hp_gain":0,"max_hp_loss":6,"event_name":"Golden Idol","floor":3,"gold_loss":0},{"damage_healed":0,"gold_gain":0,"player_choice":"Rummage","damage_taken":0,"relics_obtained":["WarpedTongs"],"max_hp_gain":0,"max_hp_loss":0,"event_name":"Accursed Blacksmith","floor":4,"gold_loss":0,"cards_obtained":["Pain"]},{"damage_healed":0,"gold_gain":0,"player_choice":"Became a vampire","damage_taken":0,"max_hp_gain":0,"max_hp_loss":18,"event_name":"Vampires","floor":21,"gold_loss":0,"cards_obtained":["Bite","Bite","Bite","Bite","Bite"]},{"damage_healed":0,"gold_gain":0,"player_choice":"Simplicity","damage_taken":0,"max_hp_gain":0,"max_hp_loss":0,"event_name":"Back to Basics","floor":22,"gold_loss":0,"cards_upgraded":["Defend_G","Defend_G","Defend_G","Defend_G","Defend_G"]}],"is_beta":false,"boss_relics":[{"not_picked":["Philosopher\u0027s Stone","Ring of the Serpent"],"picked":"SlaversCollar"}],"items_purged_floors":[12],"is_endless":false,"potions_floor_spawned":[7,10,13,14,18,20],"killed_by":"Gremlin Leader","ascension_level":20}}