{"host":"5hsgormuu0lj4iiq","time":1613532705,"event":{"mods":["AchievementEnabler","BaseMod","Colored Map","Colored Powertips","Minty Spire (QoL Compilation)","Quick Restart","Relic Stats","SuperFastMode","everything is the same but u backflip on backflip","slay the spire mod where everything is the same but ironclad has a cowboy hat"],"gold_per_floor":[111,122,50,125,125,160,160,180,207,207,207],"floor_reached":10,"language":"ENG","playtime":146,"items_purged":[],"score":109,"play_id":"54a14ed3-987e-4557-a8a6-173cf520ac0f","local_time":"20210216223145","is_ascension_mode":true,"campfire_choices":[{"floor":7,"key":"REST"}],"circlet_count":0,"master_deck":["AscendersBane","Strike_B","Strike_B","Strike_B","Strike_B","Defend_B","Defend_B","Defend_B+1","Defend_B","Zap","Dualcast","Amplify","Static Discharge+1","Capacitor","Chaos+1"],"relics":["Cracked Core","Lantern","War Paint"],"acts_visited":["Exordium"],"potions_floor_usage":[8],"damage_taken":[{"damage":16,"enemies":"Small Slimes","floor":1,"turns":4},{"damage":1,"enemies":"Cultist","floor":2,"turns":3},{"damage":35,"enemies":"Lagavulin","floor":6,"turns":7},{"damage":2,"enemies":"Jaw Worm","floor":8,"turns":2},{"damage":38,"enemies":"Gremlin Nob","floor":10,"turns":3}],"seed_played":"2637970512696451620","potions_obtained":[{"floor":1,"key":"Weak Potion"},{"floor":8,"key":"Fruit Juice"}],"is_trial":false,"path_per_floor":["M","M","$","?","?","E","R","M","T","E"],"character_chosen":"DEFECT","items_purchased":["Capacitor"],"campfire_rested":1,"item_purchase_floors":[3],"current_hp_per_floor":[52,51,51,40,40,5,27,30,30,0,0],"gold":207,"neow_bonus":"ONE_RANDOM_RARE_CARD","is_daily":false,"chose_seed":false,"campfire_upgraded":0,"win_rate":0.0,"timestamp":1613532705,"path_taken":["M","M","$","?","?","E","R","?","T","E"],"items_purchased_type":["Card"],"build_version":"2020-12-22","purchased_purges":0,"victory":false,"max_hp_per_floor":[75,75,75,75,75,75,75,80,80,80,80],"relic_stats":{"counters":[5,19],"War Paint":["Defend_B","Chaos"],"obtain_stats":[{"Lantern":6,"War Paint":9,"Cracked Core":0},{"Lantern":3,"War Paint":4,"Cracked Core":0},{"Lantern":14,"War Paint":16,"Cracked Core":0}]},"card_choices":[{"not_picked":["Barrage","Darkness"],"picked":"Static Discharge","floor":1},{"not_picked":["FTL","Streamline","Compile Driver"],"picked":"SKIP","floor":2},{"not_picked":["Reprogram","Reinforced Body","Skim"],"picked":"SKIP","floor":6},{"not_picked":["Hologram","Gash"],"picked":"Chaos","floor":8}],"player_experience":744616,"relics_obtained":[{"floor":6,"key":"Lantern"},{"floor":9,"key":"War Paint"}],"event_choices":[{"damage_healed":0,"gold_gain":75,"player_choice":"Gather Gold","damage_taken":11,"max_hp_gain":0,"max_hp_loss":0,"event_name":"World of Goop","floor":4,"gold_loss":0},{"damage_healed":0,"gold_gain":0,"player_choice":"Upgraded","damage_taken":0,"max_hp_gain":0,"max_hp_loss":0,"event_name":"Upgrade Shrine","floor":5,"gold_loss":0,"cards_upgraded":["Static Discharge"]}],"is_beta":false,"boss_relics":[],"items_purged_floors":[],"is_endless":false,"potions_floor_spawned":[1,8],"killed_by":"Gremlin Nob","ascension_level":13}}