{"host":"0k7350af1t8odskw","time":1613590331,"event":{"mods":["AchievementEnabler","BaseMod","Better Vampires","BetterRewards","Colored Map","Downfall","Highlight Path","Hubris","Lobotomy","Marisa£®ÏF”Í°°ƒß¿Ì…≥£©","Minty Spire (QoL Compilation)","Quick Restart","Replay The Spire","Shop Mod","StSLib","The Administrix","The Death Knight","The Runesmith","Youmu£®ªÍ∆«—˝√Œ£©"],"gold_per_floor":[109,109,126,138,120,133,133,133,209,209,169,169,195,211,211,211,211],"floor_reached":16,"language":"ZHS","playtime":1821,"items_purged":[],"score":175,"play_id":"2954946a-2112-44ce-9f6a-1b955794ae16","local_time":"20210217113211","is_ascension_mode":true,"campfire_choices":[{"floor":7,"key":"DIG"},{"floor":10,"key":"DIG"},{"floor":12,"key":"DIG"},{"floor":15,"key":"DIG"}],"circlet_count":0,"master_deck":["Strike_G","Strike_G","Strike_G","Strike_G","Strike_G","Defend_G","Defend_G","Defend_G","Defend_G","Defend_G","Survivor","Neutralize","Flying Knee","Burst","All Out Attack","Underhanded Strike","Finisher","Predator","Slice+1","ReplayTheSpireMod:Scrap Shanks","Finisher+1"],"relics":["Ring of the Snake","Shovel","Molten Egg 2","Ninja Scroll","Incense Burner","Lantern","Tingsha","DeathKnight:SindragosasSkull"],"acts_visited":["Exordium"],"potions_floor_usage":[16,16,16],"damage_taken":[{"damage":4,"enemies":"2 Louse","floor":1,"turns":3},{"damage":1,"enemies":"Cultist","floor":3,"turns":4},{"damage":0,"enemies":"Small Slimes","floor":4,"turns":3},{"damage":31,"enemies":"Exordium Thugs","floor":5,"turns":6},{"damage":15,"enemies":"3 Louse","floor":6,"turns":3},{"damage":8,"enemies":"Gremlin Nob","floor":13,"turns":3},{"damage":0,"enemies":"Red Slaver","floor":14,"turns":1},{"damage":26,"enemies":"The Guardian","floor":16,"turns":12}],"seed_played":"2045577639110066575","potions_obtained":[{"floor":6,"key":"Milkshake"},{"floor":13,"key":"EssenceOfSteel"},{"floor":14,"key":"EssenceOfSteel"}],"is_trial":false,"path_per_floor":["M","?","M","M","M","M","R","?","T","R","$","R","E","M","R","B"],"character_chosen":"THE_SILENT","items_purchased":["Slice+1"],"campfire_rested":0,"item_purchase_floors":[11],"current_hp_per_floor":[57,57,56,56,25,10,10,33,33,33,33,33,25,25,25,0,0],"gold":211,"neow_bonus":"","is_daily":false,"chose_seed":false,"campfire_upgraded":0,"win_rate":0.0,"timestamp":1613590331,"path_taken":["M","?","?","M","M","M","R","?","T","R","?","R","E","M","R","BOSS"],"items_purchased_type":["Card"],"build_version":"2020-12-22","purchased_purges":0,"victory":false,"max_hp_per_floor":[70,70,70,70,70,70,70,70,70,70,70,70,70,70,70,70,70],"card_choices":[{"not_picked":["PiercingWail","Sucker Punch"],"picked":"Flying Knee","floor":1},{"not_picked":["hubris:Counter","Hidden Blade"],"picked":"All Out Attack","floor":3},{"not_picked":["Dagger Throw","Flechettes"],"picked":"Underhanded Strike","floor":4},{"not_picked":["Heel Hook","Blur"],"picked":"Finisher","floor":5},{"not_picked":["PiercingWail","Well Laid Plans"],"picked":"Predator","floor":6},{"not_picked":["Setup","Poisoned Stab+1"],"picked":"ReplayTheSpireMod:Scrap Shanks","floor":13},{"not_picked":["Setup","hubris:SlightOfHand"],"picked":"Finisher+1","floor":14}],"player_experience":176261,"relics_obtained":[{"floor":7,"key":"Molten Egg 2"},{"floor":9,"key":"Ninja Scroll"},{"floor":10,"key":"Incense Burner"},{"floor":12,"key":"Lantern"},{"floor":13,"key":"Tingsha"},{"floor":15,"key":"DeathKnight:SindragosasSkull"}],"event_choices":[{"damage_healed":0,"gold_gain":0,"player_choice":"1 cards matched","damage_taken":0,"max_hp_gain":0,"max_hp_loss":0,"event_name":"Match and Keep!","floor":2,"gold_loss":0,"cards_obtained":["Burst"]},{"damage_healed":23,"gold_gain":0,"player_choice":"Banana","damage_taken":0,"max_hp_gain":0,"max_hp_loss":0,"event_name":"Big Fish","floor":8,"gold_loss":0}],"is_beta":false,"boss_relics":[],"items_purged_floors":[],"is_endless":false,"potions_floor_spawned":[6,13,14],"killed_by":"The Guardian","ascension_level":3}}