{"host":"od06gsur5w60l0yz","time":1613526785,"event":{"mods":["BaseMod","Better Match","Better Third Choice","Colored Map","Dio Mod","Downfall","GifTheSpireLib","Googly Eyes","Hermit","Hubris","Minty Spire (QoL Compilation)","Reliquary","Replay The Spire","StSLib","The Cursed","The Forsaken","The Hierophant","The Necromancer","The Saiyan","The Senshi"],"gold_per_floor":[115,134,149,163,178,209,209,209,209],"floor_reached":8,"language":"ENG","playtime":738,"items_purged":[],"score":60,"play_id":"c4ca9ff5-03bd-486a-a119-f1f6318bc877","local_time":"20210216235305","is_ascension_mode":false,"campfire_choices":[],"circlet_count":0,"master_deck":["dioMod:Strike","dioMod:Strike","dioMod:Strike","dioMod:Strike","Bite","dioMod:Defend","dioMod:Defend","dioMod:Defend","dioMod:Defend","dioMod:DisarmingVoice","dioMod:Freeze","dioMod:Donut","dioMod:BloodTransfusion","dioMod:ZaWarudo+1","dioMod:CutDeep+1"],"relics":["dioMod:VampireBlood","Replay:Towering Pillar of Hats"],"acts_visited":["Exordium"],"potions_floor_usage":[8],"damage_taken":[{"damage":7.0,"enemies":"Cultist","floor":1.0,"turns":5.0},{"damage":0.0,"enemies":"Small Slimes","floor":2.0,"turns":4.0},{"damage":6.0,"enemies":"2 Louse","floor":3.0,"turns":4.0},{"damage":16.0,"enemies":"Exordium Thugs","floor":4.0,"turns":8.0},{"damage":6.0,"enemies":"2 Fungi Beasts","floor":5.0,"turns":6.0},{"damage":43.0,"enemies":"Gremlin Nob","floor":6.0,"turns":7.0},{"damage":59,"enemies":"Lagavulin","floor":8,"turns":12}],"seed_played":"-4250210539404008766","potions_obtained":[{"floor":1.0,"key":"sneckomod:MuddlingPotion"},{"floor":4.0,"key":"Flashbang"},{"floor":5.0,"key":"Energy Potion"}],"is_trial":false,"path_per_floor":["M","M","M","M","M","E","?","E"],"character_chosen":"THE_DEFAULT","items_purchased":[],"campfire_rested":0,"item_purchase_floors":[],"current_hp_per_floor":[78,82,82,76,80,46,46,0,0],"gold":209,"neow_bonus":"TEN_PERCENT_HP_BONUS","is_daily":false,"chose_seed":false,"campfire_upgraded":0,"win_rate":0.0,"timestamp":1613526785,"path_taken":["M","M","M","M","?","E","?","E"],"items_purchased_type":[],"build_version":"2020-12-22","purchased_purges":0,"victory":false,"max_hp_per_floor":[82,82,82,82,82,82,82,82,82],"card_choices":[{"not_picked":["dioMod:BloodTransfusion","dioMod:BloodShield"],"picked":"dioMod:DisarmingVoice","floor":1.0},{"not_picked":["dioMod:GoodbyeJojo","dioMod:SecretPlan"],"picked":"dioMod:Freeze","floor":2.0},{"not_picked":["dioMod:CautiousMuda","dioMod:FlyAway"],"picked":"dioMod:Donut","floor":3.0},{"not_picked":["dioMod:BloodShield","dioMod:FlyAway","dioMod:BloodSplash"],"picked":"SKIP","floor":4.0},{"not_picked":["dioMod:Hiss","dioMod:BloodSplash","dioMod:LaserVision"],"picked":"SKIP","floor":5.0},{"not_picked":["dioMod:VengefulMuda","dioMod:BloodSplash"],"picked":"dioMod:BloodTransfusion","floor":6.0},{"not_picked":["dioMod:UltimateSacrifice+1","dioMod:PathToHeaven+1"],"picked":"dioMod:ZaWarudo+1","floor":7.0},{"not_picked":["dioMod:BloodTransfusion+1","dioMod:Freeze+1"],"picked":"dioMod:CutDeep+1","floor":7.0}],"player_experience":237558,"relics_obtained":[{"floor":6.0,"key":"Replay:Towering Pillar of Hats"}],"event_choices":[{"damage_healed":0.0,"max_hp_gain":0.0,"max_hp_loss":0.0,"gold_gain":0.0,"event_name":"betterMatch:BetterMatch","player_choice":"2","floor":7.0,"gold_loss":0.0,"damage_taken":0.0,"cards_obtained":["betterMatch:RareCard","betterMatch:UncommonCard"]}],"is_beta":false,"boss_relics":[],"items_purged_floors":[],"is_endless":false,"potions_floor_spawned":[1,4,5],"killed_by":"Lagavulin","ascension_level":0}}