{"host":"pj7egx7jkoz18hom","time":1613533932,"event":{"mods":["AchievementEnabler","BaseMod","Keyboard Shortcuts","Minty Spire (QoL Compilation)","SuperFastMode"],"gold_per_floor":[114,114,289,303,303,331,55,75,75,20,20,30,40,51,51,149,149,159,258,21,39,39,39,56,56,108,108,108],"floor_reached":27,"language":"KOR","playtime":812,"items_purged":["Regret","Strike_B"],"score":262,"play_id":"e0aa4ffa-270b-44ad-b29e-ab231e0ecd49","local_time":"20210217125212","is_ascension_mode":true,"campfire_choices":[{"data":"Fission","floor":11,"key":"SMITH"},{"data":"Zap","floor":15,"key":"SMITH"},{"data":"Dualcast","floor":23,"key":"SMITH"},{"floor":25,"key":"REST"}],"circlet_count":0,"master_deck":["Strike_B","Strike_B","Defend_B","Defend_B","Defend_B","Defend_B","Zap+1","Dualcast+1","Leap","Go for the Eyes","Conserve Battery","Sweeping Beam","Fission+1","Beam Cell","Conserve Battery","Creative AI+1","Static Discharge+1","Darkness","Amplify","Redo+1"],"relics":["Cracked Core","NeowsBlessing","Frozen Egg 2","WingedGreaves","Potion Belt","Blood Vial","The Courier","Empty Cage","Omamori","Smiling Mask"],"acts_visited":["Exordium","TheCity"],"potions_floor_usage":[14,16,16,18,18,21,27,27,27],"damage_taken":[{"damage":0,"enemies":"2 Louse","floor":1,"turns":1},{"damage":0,"enemies":"Jaw Worm","floor":4,"turns":1},{"damage":0,"enemies":"Lagavulin","floor":6,"turns":1},{"damage":1,"enemies":"Small Slimes","floor":8,"turns":2},{"damage":9,"enemies":"Blue Slaver","floor":12,"turns":4},{"damage":12,"enemies":"Exordium Wildlife","floor":13,"turns":5},{"damage":3,"enemies":"3 Louse","floor":14,"turns":2},{"damage":44,"enemies":"Hexaghost","floor":16,"turns":11},{"damage":22,"enemies":"2 Thieves","floor":18,"turns":5},{"damage":10,"enemies":"3 Byrds","floor":21,"turns":2},{"damage":25,"enemies":"Centurion and Healer","floor":24,"turns":6},{"damage":47,"enemies":"Slavers","floor":27,"turns":2}],"seed_played":"-6862495759710798714","potions_obtained":[{"floor":4,"key":"Strength Potion"},{"floor":8,"key":"SkillPotion"},{"floor":13,"key":"Explosive Potion"},{"floor":14,"key":"AttackPotion"},{"floor":16,"key":"DuplicationPotion"},{"floor":21,"key":"Dexterity Potion"},{"floor":24,"key":"Explosive Potion"}],"is_trial":false,"path_per_floor":["M","?","?","M","?","E","$","M","T","$","R","M","M","M","R","B",null,"M","?","$","M","?","R","M","R","T","E"],"character_chosen":"DEFECT","items_purchased":["Blood Vial","Fire Potion","Fission","Omamori","Fire Potion"],"campfire_rested":1,"item_purchase_floors":[7,7,10,20,20],"current_hp_per_floor":[75,75,75,75,68,68,68,69,69,69,69,62,52,51,51,9,75,53,53,53,45,45,45,22,44,44,0,0],"gold":108,"neow_bonus":"THREE_ENEMY_KILL","is_daily":false,"chose_seed":false,"campfire_upgraded":3,"win_rate":0.0,"timestamp":1613533932,"path_taken":["M","?","?","M","?","E","$","M","T","?","R","M","?","M","R","BOSS","M","?","$","M","?","R","M","R","T","E"],"items_purchased_type":["Relic","Potion","Card","Relic","Potion"],"build_version":"2020-12-22","purchased_purges":2,"victory":false,"max_hp_per_floor":[75,75,75,75,75,75,75,75,75,75,75,75,75,75,75,75,75,75,75,75,75,75,75,75,75,75,75,75],"card_choices":[{"not_picked":["Storm","Streamline"],"picked":"Leap","floor":1},{"not_picked":["Cold Snap","Blizzard"],"picked":"Go for the Eyes","floor":4},{"not_picked":["Genetic Algorithm","Aggregate"],"picked":"Conserve Battery","floor":6},{"not_picked":["Leap","Reprogram"],"picked":"Sweeping Beam","floor":8},{"not_picked":["Meteor Strike","Turbo"],"picked":"Beam Cell","floor":12},{"not_picked":["White Noise","Undo"],"picked":"Conserve Battery","floor":13},{"not_picked":["Sweeping Beam","Steam","Conserve Battery"],"picked":"SKIP","floor":14},{"not_picked":["Meteor Strike","Hyperbeam"],"picked":"Creative AI+1","floor":16},{"not_picked":["Recycle","BootSequence"],"picked":"Static Discharge+1","floor":18},{"not_picked":["Fusion","Ball Lightning"],"picked":"Darkness","floor":21},{"not_picked":["Turbo","Cold Snap"],"picked":"Redo+1","floor":24}],"player_experience":135711,"relics_obtained":[{"floor":6,"key":"Potion Belt"},{"floor":9,"key":"The Courier"},{"floor":26,"key":"Smiling Mask"}],"event_choices":[{"damage_healed":0,"gold_gain":0,"player_choice":"Box","damage_taken":0,"relics_obtained":["Frozen Egg 2"],"max_hp_gain":0,"max_hp_loss":0,"event_name":"Big Fish","floor":2,"gold_loss":0,"cards_obtained":["Regret"]},{"damage_healed":0,"gold_gain":175,"player_choice":"AGREE","damage_taken":0,"max_hp_gain":0,"max_hp_loss":0,"event_name":"Liars Game","floor":3,"gold_loss":0,"cards_obtained":["Doubt"]},{"damage_healed":0,"gold_gain":0,"player_choice":"Success","damage_taken":7,"relics_obtained":["WingedGreaves"],"max_hp_gain":0,"max_hp_loss":0,"event_name":"Scrap Ooze","floor":5,"gold_loss":0},{"damage_healed":0,"gold_gain":99,"player_choice":"Stole From Cult","damage_taken":0,"max_hp_gain":0,"max_hp_loss":0,"event_name":"Nest","floor":19,"gold_loss":0},{"damage_healed":0,"gold_gain":0,"player_choice":"1 cards matched","damage_taken":0,"max_hp_gain":0,"max_hp_loss":0,"event_name":"Match and Keep!","floor":22,"gold_loss":0,"cards_obtained":["Amplify"]}],"is_beta":false,"boss_relics":[{"not_picked":["FrozenCore","Ectoplasm"],"picked":"Empty Cage"}],"items_purged_floors":[7,20],"is_endless":false,"potions_floor_spawned":[4,8,13,14,16,21,24],"killed_by":"Slavers","ascension_level":2}}