{"host":"leop","time":1613580318,"event":{"mods":["ATMod(°¢èªMod)","Act Like it!","BaseMod","GifTheSpireLib","Lobotomy","LobotomyExtend","Minty Spire (QoL Compilation)","MostiFishMod","Pale of the Ancients","Quick Restart","Reliquary","Shop Mod","Spicy Shops","StSLib","TestMod","¡¾ÒÅÎï¿¨ÅÆ¡¿REMEMod"],"gold_per_floor":[111,111,111,124,136,136,192,192,245,245,245,255,0,30,30,107,107,123,123,48,48,48,48],"floor_reached":22,"language":"ZHS","playtime":1216,"items_purged":["Strike_R","Strike_R"],"score":413,"play_id":"ed8a55b7-0a60-4ba9-938d-5a57573b663c","local_time":"20210218004518","is_ascension_mode":true,"campfire_choices":[{"data":"Demon Form","floor":6,"key":"SMITH"},{"data":"Burning Pact","floor":8,"key":"SMITH"},{"data":"GreenStem","floor":15,"key":"SMITH"}],"circlet_count":0,"master_deck":["Mercenary","AscendersBane","Strike_R","Defend_R","Defend_R","Sadistic Nature","OSAHOGD","Shockwave","PunishingBird","Demon Form+1","BigBadWolf","GreenStem+1"],"relics":["Burning Blood","AT_ATBox","DaveBox","testmod-TestBox","REME_ComplimentaryCards","CogitoBucket","RabbitCall","testmod-NegativeEmotionEnhancer","PrismaticShard","SynthV:TestCard","LetterFromLob","FaceOfCleric","Bottled Lightning","LaetitiaHeart","MagicBullet_r","REME_HandOfSuture","AspirationHeart","TheAbacus","Bag of Marbles","WantedRequest","Runic Cube"],"acts_visited":["Exordium","TheCity"],"potions_floor_usage":[7,16,21],"damage_taken":[{"damage":0,"enemies":"Small Slimes","floor":1,"turns":3},{"damage":8,"enemies":"Cultist","floor":2,"turns":4},{"damage":10,"enemies":"2 Louse","floor":4,"turns":3},{"damage":9,"enemies":"2 Fungi Beasts","floor":5,"turns":4},{"damage":49,"enemies":"3 Sentries","floor":7,"turns":7},{"damage":7,"enemies":"The Mushroom Lair","floor":10,"turns":3},{"damage":14,"enemies":"The Mushroom Lair","floor":10,"turns":3},{"damage":9,"enemies":"The Mushroom Lair","floor":10,"turns":4},{"damage":6,"enemies":"The Mushroom Lair","floor":10,"turns":2},{"damage":44,"enemies":"Exordium Wildlife","floor":12,"turns":9},{"damage":4,"enemies":"Gremlin Nob","floor":14,"turns":3},{"damage":57,"enemies":"The Guardian","floor":16,"turns":10},{"damage":10,"enemies":"Chosen","floor":18,"turns":5},{"damage":41,"enemies":"2 Thieves","floor":21,"turns":3},{"damage":117,"enemies":"Snake Plant","floor":22,"turns":12}],"seed_played":"8264441008925653245","potions_obtained":[{"floor":1,"key":"BloodPotion"},{"floor":4,"key":"LiquidBronze"},{"floor":5,"key":"REME_GoldPotion"},{"floor":12,"key":"Explosive Potion"},{"floor":16,"key":"SteroidPotion"}],"is_trial":false,"path_per_floor":["M","M","?","M","M","R","E","R","T","?","?","M","$","E","R","B",null,"M","?","?","M","M"],"character_chosen":"IRONCLAD","items_purchased":["TheAbacus"],"campfire_rested":0,"item_purchase_floors":[13],"current_hp_per_floor":[76,76,76,78,81,81,50,50,50,58,47,38,38,54,54,44,89,94,94,94,67,0,0],"gold":48,"neow_bonus":"","is_daily":false,"chose_seed":false,"campfire_upgraded":3,"win_rate":0.0,"timestamp":1613580318,"path_taken":["M","M","?","?","?","R","E","R","T","?","?","M","$","E","R","BOSS","M","?","?","M","M"],"items_purchased_type":["Relic"],"build_version":"2020-12-18","purchased_purges":2,"victory":false,"max_hp_per_floor":[76,77,77,79,81,81,83,83,83,91,91,103,103,102,102,104,104,106,106,106,108,108,108],"card_choices":[{"not_picked":["LittlePrince","FairyFestival"],"picked":"OSAHOGD","floor":1},{"not_picked":["RedEyes","Wireheading"],"picked":"Shockwave","floor":1},{"not_picked":["WallGazer","Scarecrow"],"picked":"PunishingBird","floor":2},{"not_picked":["Panacea","AT_EMC2","Dagger Throw","REME_BodyOfCthun","Penitence"],"picked":"SKIP","floor":2},{"not_picked":["OldLady","CrumblingArmor","Murderer"],"picked":"Singing Bowl","floor":4},{"not_picked":["Ghostly Armor","Stack","MostiFishMod:PushDownKick","AT_LightSaberMaster"],"picked":"Demon Form","floor":4},{"not_picked":["VoidDream","FairyFestival","ShyLook"],"picked":"Singing Bowl","floor":5},{"not_picked":["Worship","Nirvana","Cloak And Dagger","FrostShard"],"picked":"Burning Pact","floor":5},{"not_picked":["BeautyBeast","WhitesApple","CrumblingArmor"],"picked":"Singing Bowl","floor":7},{"not_picked":["CherryBlossoms","CrumblingArmor"],"picked":"BigBadWolf","floor":7},{"not_picked":["SashWhip","SignatureMove","Cleave","ThirdEye"],"picked":"Inflame","floor":7},{"not_picked":["UniverseFragment","MeatLantern"],"picked":"Mercenary","floor":12},{"not_picked":["Halt","Deflect","CrushJoints","testmod-SubstituteBySubterfuge"],"picked":"GreenStem","floor":12},{"not_picked":["SingingMachine","FairyFestival","Wellcheers"],"picked":"Singing Bowl","floor":14},{"not_picked":["Blur","Finisher","AT_WindFlip","MostiFishMod:DarkDeal","AT_ArcaneSupremacy"],"picked":"SKIP","floor":14},{"not_picked":["CherryBlossoms","SpiderBud","OldLady"],"picked":"Singing Bowl","floor":16},{"not_picked":["UniverseFragment","SpiderBud","OldLady"],"picked":"Singing Bowl","floor":18},{"not_picked":["WhitesApple","VoidDream"],"picked":"DespairKnight","floor":18},{"not_picked":["Flex","BowlingBash","AT_IchimonjiDouble","Barrage","Blizzard"],"picked":"SKIP","floor":18},{"not_picked":["Funeral","Variant","Bloodbath"],"picked":"Singing Bowl","floor":21},{"not_picked":["Rip and Tear","Rebound","CUTE","Dagger Throw","REME_MusicOfDeath+1"],"picked":"SKIP","floor":21}],"player_experience":1224192,"relics_obtained":[{"floor":1,"key":"SynthV:TestCard"},{"floor":1,"key":"LetterFromLob"},{"floor":7,"key":"Bottled Lightning"},{"floor":14,"key":"Bag of Marbles"}],"event_choices":[{"damage_healed":0,"gold_gain":0,"player_choice":"Trade","damage_taken":0,"relics_obtained":["FaceOfCleric"],"max_hp_gain":0,"max_hp_loss":0,"event_name":"FaceTrader","floor":3,"gold_loss":0},{"damage_healed":0,"gold_gain":0,"player_choice":"Fought Mushrooms","damage_taken":0,"max_hp_gain":0,"max_hp_loss":0,"event_name":"Mushrooms","floor":10,"gold_loss":0},{"damage_healed":0,"gold_gain":0,"player_choice":"Success","damage_taken":11,"relics_obtained":["REME_HandOfSuture"],"max_hp_gain":0,"max_hp_loss":0,"event_name":"Scrap Ooze","floor":11,"gold_loss":0},{"damage_healed":0,"gold_gain":0,"player_choice":"Ignored","damage_taken":0,"max_hp_gain":0,"max_hp_loss":0,"event_name":"Vampires","floor":19,"gold_loss":0},{"cards_removed":["Defend_R"],"damage_healed":0,"gold_gain":0,"player_choice":"Gave Gold","damage_taken":0,"max_hp_gain":0,"max_hp_loss":0,"event_name":"Beggar","floor":20,"gold_loss":75}],"is_beta":true,"boss_relics":[{"not_picked":["Empty Cage","testmod-KeyOfTheVoid"],"picked":"Runic Cube"}],"items_purged_floors":[13,13],"is_endless":false,"potions_floor_spawned":[1,4,5,12,14,16,18],"killed_by":"Snake Plant","ascension_level":20}}