{"host":"vl29iwkwnyytuw8q","time":1613577906,"event":{"mods":["BaseMod","Minty Spire (QoL Compilation)","Permanent Neow","Relic Stats","StSLib"],"gold_per_floor":[109,125,140,21,21,50,125,158,158,158,178,192,208,235,235,338,338,349,368,182,182,234,234,234,245,316,316,341,341,341,353,353,450,450,465,465,477,477,155,155,155,171,171,204,214,214,7,21,21,21],"floor_reached":51,"language":"ENG","playtime":4027,"items_purged":["Strike_P","Strike_P","Defend_P"],"score":803,"play_id":"08fadf78-9a4a-4266-a7c1-a1342342a302","local_time":"20210217170506","is_ascension_mode":true,"campfire_choices":[{"floor":10.0,"key":"REST"},{"data":"Eruption","floor":15.0,"key":"SMITH"},{"data":"Adaptation","floor":23.0,"key":"SMITH"},{"data":"Wireheading","floor":27.0,"key":"SMITH"},{"floor":29.0,"key":"REST"},{"data":"Perseverance","floor":32.0,"key":"SMITH"},{"floor":40.0,"key":"REST"},{"floor":41.0,"key":"REST"},{"floor":49.0,"key":"REST"}],"circlet_count":0,"master_deck":["Defend_P","Defend_P","Defend_P","Eruption+1","Vigilance","FollowUp","Indignation","Tantrum","MentalFortress","ThirdEye","EmptyFist","BattleHymn","Protect","Wireheading+1","Establishment","CurseOfTheBell","FlurryOfBlows","InnerPeace","Adaptation+1","EmptyMind","LikeWater","ConjureBlade","WheelKick","Perseverance+1","Tantrum","DevaForm","Halt+1","Vault","Evaluate+1","Apotheosis+1","Panacea","Enlightenment","Study","FearNoEvil","Consecrate","Protect+1","WaveOfTheHand","CutThroughFate+1"],"relics":["PureWater","StoneCalendar","Bottled Flame","Gremlin Horn","Bronze Scales","Calling Bell","Damaru","Question Card","WingedGreaves","Boot","Bottled Lightning","Pen Nib","Cursed Key","Bag of Preparation","Potion Belt"],"acts_visited":["Exordium","TheCity","TheBeyond"],"potions_floor_usage":[50,50],"damage_taken":[{"damage":0.0,"enemies":"Small Slimes","floor":1.0,"turns":3.0},{"damage":2.0,"enemies":"Jaw Worm","floor":2.0,"turns":4.0},{"damage":9.0,"enemies":"2 Louse","floor":3.0,"turns":3.0},{"damage":24.0,"enemies":"Lagavulin","floor":6.0,"turns":4.0},{"damage":13.0,"enemies":"3 Sentries","floor":8.0,"turns":7.0},{"damage":0.0,"enemies":"Exordium Wildlife","floor":11.0,"turns":2.0},{"damage":0.0,"enemies":"3 Louse","floor":12.0,"turns":2.0},{"damage":2.0,"enemies":"Red Slaver","floor":13.0,"turns":4.0},{"damage":0.0,"enemies":"Slime Boss","floor":16.0,"turns":5.0},{"damage":7.0,"enemies":"Chosen","floor":18.0,"turns":4.0},{"damage":12.0,"enemies":"Shell Parasite","floor":19.0,"turns":4.0},{"damage":18.0,"enemies":"Snecko","floor":25.0,"turns":6.0},{"damage":37.0,"enemies":"Gremlin Leader","floor":28.0,"turns":6.0},{"damage":0.0,"enemies":"Snake Plant","floor":30.0,"turns":1.0},{"damage":0.0,"enemies":"3 Cultists","floor":31.0,"turns":4.0},{"damage":16.0,"enemies":"Champ","floor":33.0,"turns":10.0},{"damage":9.0,"enemies":"3 Shapes","floor":35.0,"turns":2.0},{"damage":50.0,"enemies":"3 Darklings","floor":37.0,"turns":7.0},{"damage":7.0,"enemies":"Writhing Mass","floor":42.0,"turns":4.0},{"damage":13.0,"enemies":"Reptomancer","floor":44.0,"turns":6.0},{"damage":15.0,"enemies":"Jaw Worm Horde","floor":45.0,"turns":5.0},{"damage":2.0,"enemies":"Transient","floor":48.0,"turns":6.0},{"damage":45,"enemies":"Awakened One","floor":50,"turns":8}],"seed_played":"6288487577114543835","potions_obtained":[{"floor":8.0,"key":"Energy Potion"},{"floor":11.0,"key":"FearPotion"},{"floor":12.0,"key":"SmokeBomb"},{"floor":16.0,"key":"Block Potion"},{"floor":28.0,"key":"Ancient Potion"},{"floor":31.0,"key":"Dexterity Potion"},{"floor":33.0,"key":"SkillPotion"},{"floor":45.0,"key":"SpeedPotion"}],"is_trial":false,"path_per_floor":["M","M","M","$","?","E","?","E","T","R","M","M","M","T","R","B",null,"M","M","$","?","T","R","?","M","T","R","E","R","M","M","R","B",null,"M","?","M","?","$","R","R","M","T","E","M","?","$","M","R","B",null],"character_chosen":"WATCHER","items_purchased":["MentalFortress","ThirdEye","Adaptation","EmptyMind","Study","Bag of Preparation","WaveOfTheHand","PowerPotion"],"campfire_rested":5,"item_purchase_floors":[4,4,20,20,39,39,47,47],"current_hp_per_floor":[65,63,54,54,54,30,19,6,6,31,31,31,29,29,29,29,86,79,67,67,67,67,67,67,49,49,49,12,37,37,37,37,21,86,77,77,27,17,17,42,67,60,60,47,32,32,32,30,55,10],"gold":21,"neow_bonus":"TWENTY_PERCENT_HP_BONUS","is_daily":false,"chose_seed":false,"campfire_upgraded":4,"win_rate":0.0,"timestamp":1613577906,"path_taken":["M","M","M","$","?","E","?","E","T","R","M","M","M","?","R","BOSS","M","M","$","?","?","R","?","M","T","R","E","R","?","M","R","BOSS","M","?","?","?","$","R","R","M","T","E","M","?","$","M","R","BOSS"],"items_purchased_type":["Card","Card","Card","Card","Card","Relic","Card","Potion"],"build_version":"2020-12-22","purchased_purges":3,"victory":true,"max_hp_per_floor":[86,86,86,86,86,86,86,86,86,86,86,86,86,86,86,86,86,86,86,86,86,86,86,86,86,86,86,86,86,86,86,86,86,86,86,86,86,86,86,86,86,86,86,86,86,86,86,86,86,86],"relic_stats":{"Gremlin Horn":[24,25],"counters":[23,107],"Bronze Scales":[203],"StoneCalendar":[104],"Pen Nib":[13],"Bag of Preparation":[10],"Question Card":15,"Boot":[121],"Cursed Key":0,"obtain_stats":[{"Potion Belt":44,"Gremlin Horn":9,"Damaru":17,"StoneCalendar":6,"Pen Nib":28,"Bag of Preparation":39,"Question Card":17,"Boot":22,"Cursed Key":34,"Calling Bell":17,"Bottled Flame":8,"Bronze Scales":14,"WingedGreaves":17,"Bottled Lightning":26,"PureWater":0},{"Potion Belt":20,"Gremlin Horn":5,"Damaru":9,"StoneCalendar":4,"Pen Nib":13,"Bag of Preparation":18,"Question Card":9,"Boot":11,"Cursed Key":16,"Calling Bell":9,"Bottled Flame":5,"Bronze Scales":8,"WingedGreaves":9,"Bottled Lightning":12,"PureWater":0},{"Potion Belt":88,"Gremlin Horn":21,"Damaru":34,"StoneCalendar":14,"Pen Nib":54,"Bag of Preparation":78,"Question Card":34,"Boot":42,"Cursed Key":69,"Calling Bell":34,"Bottled Flame":21,"Bronze Scales":29,"WingedGreaves":34,"Bottled Lightning":48,"PureWater":0}]},"card_choices":[{"not_picked":["FlyingSleeves","Sanctity"],"picked":"FollowUp","floor":1.0},{"not_picked":["FollowUp","Protect"],"picked":"Indignation","floor":2.0},{"not_picked":["MentalFortress","Crescendo"],"picked":"Tantrum","floor":3.0},{"not_picked":["SandsOfTime","SignatureMove"],"picked":"EmptyFist","floor":6.0},{"not_picked":["WindmillStrike","SandsOfTime"],"picked":"BattleHymn","floor":8.0},{"not_picked":["SashWhip","ThirdEye"],"picked":"Protect","floor":11.0},{"not_picked":["MentalFortress","SashWhip","SignatureMove"],"picked":"SKIP","floor":12.0},{"not_picked":["FollowUp","CutThroughFate"],"picked":"Wireheading","floor":13.0},{"not_picked":["DeusExMachina","Judgement"],"picked":"Establishment","floor":16.0},{"not_picked":["Wallop","Consecrate","BowlingBash"],"picked":"FlurryOfBlows","floor":18.0},{"not_picked":["ConjureBlade","Sanctity+1","Swivel"],"picked":"InnerPeace","floor":19.0},{"not_picked":["JustLucky","LikeWater","Consecrate"],"picked":"WheelKick","floor":25.0},{"not_picked":["WheelKick","CutThroughFate","Consecrate"],"picked":"Perseverance","floor":28.0},{"not_picked":["CrushJoints","Protect","FlyingSleeves+1"],"picked":"Tantrum","floor":31.0},{"not_picked":["Alpha","Ragnarok","Scrawl"],"picked":"DevaForm","floor":33.0},{"not_picked":["Indignation","Sanctity+1","BowlingBash"],"picked":"Halt+1","floor":35.0},{"not_picked":["EmptyFist+1","WreathOfFlame+1","Crescendo+1"],"picked":"Evaluate+1","floor":37.0},{"not_picked":["Discovery","Bandage Up","Forethought"],"picked":"Apotheosis","floor":38.0},{"not_picked":["Panache","Deep Breath","Bandage Up"],"picked":"Panacea","floor":38.0},{"not_picked":["Swift Strike","Mind Blast","The Bomb"],"picked":"Enlightenment","floor":38.0},{"not_picked":["JustLucky","Pray+1","Adaptation+1"],"picked":"FearNoEvil","floor":42.0},{"not_picked":["Brilliance","Alpha","EmptyMind+1"],"picked":"Consecrate","floor":44.0},{"not_picked":["CrushJoints","CutThroughFate","Halt+1"],"picked":"Protect+1","floor":45.0},{"not_picked":["ReachHeaven","EmptyFist","Consecrate"],"picked":"CutThroughFate+1","floor":48.0}],"player_experience":691484,"relics_obtained":[{"floor":6.0,"key":"StoneCalendar"},{"floor":8.0,"key":"Bottled Flame"},{"floor":9.0,"key":"Gremlin Horn"},{"floor":14.0,"key":"Bronze Scales"},{"floor":17.0,"key":"Damaru"},{"floor":17.0,"key":"Question Card"},{"floor":17.0,"key":"WingedGreaves"},{"floor":22.0,"key":"Boot"},{"floor":26.0,"key":"Bottled Lightning"},{"floor":28.0,"key":"Pen Nib"},{"floor":44.0,"key":"Potion Belt"}],"event_choices":[{"damage_healed":0.0,"max_hp_gain":0.0,"max_hp_loss":0.0,"gold_gain":0.0,"event_name":"Shining Light","player_choice":"Ignored","floor":5.0,"gold_loss":0.0,"damage_taken":0.0},{"damage_healed":0.0,"max_hp_gain":0.0,"max_hp_loss":0.0,"gold_gain":75.0,"event_name":"World of Goop","player_choice":"Gather Gold","floor":7.0,"gold_loss":0.0,"damage_taken":11.0},{"damage_healed":0.0,"max_hp_gain":0.0,"max_hp_loss":0.0,"gold_gain":0.0,"cards_transformed":["Strike_P","Strike_P"],"event_name":"Drug Dealer","player_choice":"Became Test Subject","floor":21.0,"gold_loss":0.0,"damage_taken":0.0,"cards_obtained":["LikeWater","ConjureBlade"]},{"damage_healed":0.0,"max_hp_gain":0.0,"max_hp_loss":0.0,"gold_gain":0.0,"event_name":"Vampires","player_choice":"Ignored","floor":24.0,"gold_loss":0.0,"damage_taken":0.0},{"damage_healed":0.0,"max_hp_gain":0.0,"max_hp_loss":0.0,"gold_gain":0.0,"event_name":"Match and Keep!","player_choice":"1 cards matched","floor":36.0,"gold_loss":0.0,"damage_taken":0.0,"cards_obtained":["Vault"]},{"damage_healed":0.0,"max_hp_gain":0.0,"max_hp_loss":0.0,"gold_gain":0.0,"event_name":"Match and Keep!","player_choice":"1 cards matched","floor":36.0,"gold_loss":0.0,"damage_taken":0.0,"cards_obtained":["Vault"]},{"damage_healed":0.0,"max_hp_gain":0.0,"max_hp_loss":0.0,"gold_gain":0.0,"event_name":"SensoryStone","player_choice":"Memory 3","floor":38.0,"gold_loss":0.0,"damage_taken":10.0},{"damage_healed":0.0,"max_hp_gain":0.0,"max_hp_loss":0.0,"gold_gain":0.0,"event_name":"Accursed Blacksmith","player_choice":"Forge","floor":46.0,"gold_loss":0.0,"damage_taken":0.0,"cards_upgraded":["Apotheosis"]}],"is_beta":false,"boss_relics":[{"not_picked":["SacredBark","Fusion Hammer"],"picked":"Calling Bell"},{"not_picked":["Astrolabe","SlaversCollar"],"picked":"Cursed Key"}],"items_purged_floors":[20,39,47],"is_endless":false,"potions_floor_spawned":[8,11,12,16,18,28,31,33,45],"ascension_level":2}}