{"host":"9v3x998ddbx8o276","time":1613545170,"event":{"mods":["AchievementEnabler","BaseMod","Colored Map","Colored Powertips","Highlight Path","Minty Spire (QoL Compilation)","Quick Restart","Rare Cards Sparkle"],"gold_per_floor":[111,111,125,150,150,181,181,221,221,245,245,245,294,318,318,318,318],"floor_reached":16,"language":"ENG","playtime":248,"items_purged":[],"score":286,"play_id":"63d4c1b3-f765-43fb-bdf8-65ec6b9d3114","local_time":"20210217172930","is_ascension_mode":true,"campfire_choices":[{"data":"Bash","floor":7.0,"key":"SMITH"},{"floor":11.0,"key":"REST"},{"floor":15,"key":"REST"}],"circlet_count":0,"master_deck":["AscendersBane","Strike_R","Strike_R","Strike_R","Strike_R","Defend_R","Defend_R+1","Defend_R","Defend_R","Bash+1","Reckless Charge","Sword Boomerang+1","Flame Barrier","Clothesline","Flex","Double Tap","Sword Boomerang"],"relics":["Burning Blood","NeowsBlessing","Golden Idol","Orichalcum","Anchor","StoneCalendar","Blue Candle","CeramicFish"],"acts_visited":["Exordium"],"potions_floor_usage":[13],"damage_taken":[{"damage":0.0,"enemies":"Small Slimes","floor":1.0,"turns":1.0},{"damage":0.0,"enemies":"Jaw Worm","floor":3.0,"turns":1.0},{"damage":0.0,"enemies":"3 Sentries","floor":6.0,"turns":1.0},{"damage":50.0,"enemies":"Lagavulin","floor":8.0,"turns":8.0},{"damage":0.0,"enemies":"2 Louse","floor":10.0,"turns":2.0},{"damage":20,"enemies":"Gremlin Nob","floor":13,"turns":4},{"damage":11,"enemies":"Red Slaver","floor":14,"turns":5},{"damage":0,"enemies":"The Guardian","floor":16,"turns":2}],"seed_played":"1333417778656990230","potions_obtained":[{"floor":1.0,"key":"FearPotion"},{"floor":10.0,"key":"DuplicationPotion"}],"is_trial":false,"path_per_floor":["M","?","M","T","?","E","R","E","T","M","R","?","E","M","R","B"],"character_chosen":"IRONCLAD","items_purchased":[],"campfire_rested":2,"item_purchase_floors":[],"current_hp_per_floor":[74,68,68,68,68,68,68,24,24,30,50,30,16,11,31,31,31],"gold":318,"neow_bonus":"THREE_ENEMY_KILL","is_daily":false,"chose_seed":false,"campfire_upgraded":1,"win_rate":0.0,"timestamp":1613545170,"path_taken":["M","?","M","?","?","E","R","E","T","?","R","?","E","M","R","BOSS"],"items_purchased_type":[],"build_version":"2020-12-22","purchased_purges":0,"victory":false,"max_hp_per_floor":[75,68,68,68,68,68,68,68,68,68,68,68,68,68,68,68,68],"card_choices":[{"not_picked":["Shrug It Off","Rupture"],"picked":"Reckless Charge","floor":1.0},{"not_picked":["Dark Embrace","Armaments"],"picked":"Sword Boomerang","floor":3.0},{"not_picked":["Cleave","Anger"],"picked":"Flame Barrier","floor":6.0},{"not_picked":["Fire Breathing","Dark Embrace"],"picked":"Clothesline","floor":8.0},{"not_picked":["Warcry","Sever Soul"],"picked":"Flex","floor":10.0},{"not_picked":["Sever Soul","Fire Breathing"],"picked":"Double Tap","floor":13},{"not_picked":["Heavy Blade","Twin Strike"],"picked":"Sword Boomerang","floor":14}],"player_experience":2246726,"relics_obtained":[{"floor":4.0,"key":"Orichalcum"},{"floor":6.0,"key":"Anchor"},{"floor":8.0,"key":"StoneCalendar"},{"floor":9.0,"key":"Blue Candle"},{"floor":13,"key":"CeramicFish"}],"event_choices":[{"damage_healed":0.0,"max_hp_gain":0.0,"max_hp_loss":7.0,"gold_gain":0.0,"event_name":"Golden Idol","player_choice":"Lose Max HP","floor":2.0,"gold_loss":0.0,"damage_taken":0.0,"relics_obtained":["Golden Idol"]},{"cards_removed":["Strike_R"],"damage_healed":0.0,"max_hp_gain":0.0,"max_hp_loss":0.0,"gold_gain":0.0,"event_name":"Wheel of Change","player_choice":"Card Removal","floor":5.0,"gold_loss":0.0,"damage_taken":0.0},{"damage_healed":0.0,"max_hp_gain":0.0,"max_hp_loss":0.0,"gold_gain":0.0,"event_name":"Shining Light","player_choice":"Entered Light","floor":12.0,"gold_loss":0.0,"damage_taken":20.0,"cards_upgraded":["Sword Boomerang","Defend_R"]}],"is_beta":false,"boss_relics":[],"items_purged_floors":[],"is_endless":false,"potions_floor_spawned":[1,10],"killed_by":"The Guardian","ascension_level":20}}