{"host":"tr0r177cvmpvg89h","time":1613546590,"event":{"mods":["BaseMod","Colored Map","DeckTracker","Minty Spire (QoL Compilation)","StSLib","SuperFastMode"],"gold_per_floor":[117,129,139,150,163,163,8,8,8,8,0,33,33,59,59,154,154,167,180,180,180],"floor_reached":20,"language":"KOR","playtime":1558,"items_purged":["Strike_G"],"score":184,"play_id":"f7b15fd2-618b-423e-9da4-6831e759c71c","local_time":"20210217162310","is_ascension_mode":false,"campfire_choices":[{"data":"Deadly Poison","floor":6,"key":"SMITH"},{"data":"Footwork","floor":8,"key":"SMITH"},{"data":"Poisoned Stab","floor":13,"key":"SMITH"},{"data":"Outmaneuver","floor":15,"key":"SMITH"}],"circlet_count":0,"master_deck":["Strike_G","Strike_G","Strike_G","Strike_G","Defend_G","Defend_G","Defend_G","Defend_G","Defend_G","Survivor","Neutralize+1","Reflex","Dodge and Roll","Deadly Poison+1","Quick Slash","PiercingWail","Footwork+1","Poisoned Stab+1","Outmaneuver+1","Envenom","Backflip","Deadly Poison"],"relics":["Ring of the Snake","Sundial","Question Card","Ninja Scroll","Black Star"],"acts_visited":["Exordium","TheCity"],"potions_floor_usage":[16,16,16],"damage_taken":[{"damage":2,"enemies":"Cultist","floor":1,"turns":6},{"damage":2,"enemies":"2 Louse","floor":2,"turns":4},{"damage":0,"enemies":"Jaw Worm","floor":3,"turns":5},{"damage":4,"enemies":"2 Fungi Beasts","floor":4,"turns":5},{"damage":0,"enemies":"Blue Slaver","floor":5,"turns":4},{"damage":0,"enemies":"Looter","floor":11,"turns":4},{"damage":37,"enemies":"Gremlin Nob","floor":12,"turns":5},{"damage":3,"enemies":"Lagavulin","floor":14,"turns":5},{"damage":9,"enemies":"Hexaghost","floor":16,"turns":10},{"damage":11,"enemies":"Shell Parasite","floor":18,"turns":7},{"damage":5,"enemies":"3 Byrds","floor":19,"turns":6},{"damage":62,"enemies":"3 Cultists","floor":20,"turns":5}],"seed_played":"6233252144894945926","potions_obtained":[{"floor":1,"key":"Poison Potion"},{"floor":5,"key":"CunningPotion"},{"floor":12,"key":"BlessingOfTheForge"}],"is_trial":false,"path_per_floor":["M","M","M","M","M","R","$","R","T","?","M","E","R","E","R","B",null,"M","M","M"],"character_chosen":"THE_SILENT","items_purchased":["Footwork"],"campfire_rested":0,"item_purchase_floors":[7],"current_hp_per_floor":[75,73,73,69,69,69,69,69,69,69,69,32,32,29,29,20,77,66,61,0,0],"gold":180,"neow_bonus":"TEN_PERCENT_HP_BONUS","is_daily":false,"chose_seed":false,"campfire_upgraded":4,"win_rate":0.0,"timestamp":1613546590,"path_taken":["M","M","M","?","M","R","$","R","T","?","M","E","R","E","R","BOSS","M","M","M"],"items_purchased_type":["Card"],"build_version":"2020-12-22","purchased_purges":1,"victory":false,"max_hp_per_floor":[77,77,77,77,77,77,77,77,77,77,77,77,77,77,77,77,77,77,77,77,77],"card_choices":[{"not_picked":["Dagger Throw","Blade Dance"],"picked":"Reflex","floor":1},{"not_picked":["Skewer","All Out Attack"],"picked":"Dodge and Roll","floor":2},{"not_picked":["Choke","Masterful Stab"],"picked":"Deadly Poison","floor":3},{"not_picked":["Predator","Blade Dance"],"picked":"Quick Slash","floor":4},{"not_picked":["Deflect","Slice"],"picked":"PiercingWail","floor":5},{"not_picked":["Slice","Dagger Throw","Quick Slash"],"picked":"SKIP","floor":11},{"not_picked":["Malaise","Deflect"],"picked":"Poisoned Stab","floor":12},{"not_picked":["Dagger Throw","Sucker Punch","PiercingWail"],"picked":"Outmaneuver","floor":14},{"not_picked":["Venomology","Phantasmal Killer","Night Terror"],"picked":"Envenom","floor":16},{"not_picked":["PiercingWail","Escape Plan","Bouncing Flask"],"picked":"Backflip","floor":18},{"not_picked":["Masterful Stab","Dagger Throw+1","Distraction+1"],"picked":"Deadly Poison","floor":19}],"player_experience":90265,"relics_obtained":[{"floor":9,"key":"Sundial"},{"floor":12,"key":"Question Card"},{"floor":14,"key":"Ninja Scroll"}],"event_choices":[{"damage_healed":0,"gold_gain":0,"player_choice":"Upgraded","damage_taken":0,"max_hp_gain":0,"max_hp_loss":0,"event_name":"Upgrade Shrine","floor":10,"gold_loss":0,"cards_upgraded":["Neutralize"]}],"is_beta":false,"boss_relics":[{"not_picked":["Tiny House","Astrolabe"],"picked":"Black Star"}],"items_purged_floors":[7],"is_endless":false,"potions_floor_spawned":[1,5,12],"killed_by":"3 Cultists","ascension_level":0}}