{"host":"sav7uxregyirlf69","time":1613531182,"event":{"mods":["AchievementEnabler","BaseMod","Colored Map","DeckTracker","Hermit","Keyboard Shortcuts","Minty Spire (QoL Compilation)","READ ME - Guardian Mod","StSLib","SuperFastMode"],"gold_per_floor":[109,59,77,77,152,152,184,184,253,273,273,273,53,68,68,167,167,181,200,200,200,200],"floor_reached":21,"language":"KOR","playtime":374,"items_purged":[],"score":253,"play_id":"96f377c1-c566-4cce-8e88-2cf9fcfb7079","local_time":"20210217120622","is_ascension_mode":true,"campfire_choices":[{"data":"hermit:Enervate","floor":6,"key":"SMITH"},{"data":"hermit:Reprieve","floor":8,"key":"SMITH"},{"data":"hermit:Quickdraw","floor":11,"key":"SMITH"},{"data":"hermit:Snapshot","floor":15,"key":"SMITH"}],"circlet_count":0,"master_deck":["hermit:Snapshot+1","hermit:Covet","hermit:Enervate+1","hermit:Misfire","hermit:Reprieve+1","hermit:Quickdraw+1","hermit:Determination+1","hermit:Desperado","hermit:Dissolve","hermit:Spite","hermit:CursedWeapon","hermit:Malice","hermit:Roulette","hermit:FlashPowder","hermit:BodyArmor","hermit:Deadeye"],"relics":["hermit:Momento","NeowsBlessing","Ornamental Fan","Frozen Egg 2","Smiling Mask","Anchor","Pandora\u0027s Box"],"acts_visited":["Exordium","TheCity"],"potions_floor_usage":[],"damage_taken":[{"damage":0,"enemies":"Cultist","floor":1,"turns":1},{"damage":0,"enemies":"2 Louse","floor":3,"turns":1},{"damage":0,"enemies":"3 Sentries","floor":7,"turns":1},{"damage":8,"enemies":"Small Slimes","floor":10,"turns":3},{"damage":0,"enemies":"2 Fungi Beasts","floor":14,"turns":2},{"damage":32,"enemies":"Slime Boss","floor":16,"turns":9},{"damage":8,"enemies":"2 Thieves","floor":18,"turns":3},{"damage":27,"enemies":"3 Byrds","floor":19,"turns":4},{"damage":30,"enemies":"Centurion and Healer","floor":21,"turns":7}],"seed_played":"-4402482775026028293","potions_obtained":[{"floor":1,"key":"Weak Potion"},{"floor":7,"key":"SkillPotion"},{"floor":14,"key":"EssenceOfSteel"},{"floor":16,"key":"hermit:Tonic"}],"is_trial":false,"path_per_floor":["M","?","M","?","?","R","E","R","T","M","R","?","$","M","R","B",null,"M","M","?","M"],"character_chosen":"HERMIT","items_purchased":["Anchor","hermit:Determination+1"],"campfire_rested":0,"item_purchase_floors":[13,13],"current_hp_per_floor":[75,75,75,75,64,64,64,64,64,60,60,53,53,57,57,29,64,56,33,33,3,3],"gold":200,"neow_bonus":"THREE_ENEMY_KILL","is_daily":false,"chose_seed":false,"campfire_upgraded":4,"win_rate":0.0,"timestamp":1613531182,"path_taken":["M","?","M","?","?","R","E","R","T","M","R","?","?","M","R","BOSS","M","?","?","M"],"items_purchased_type":["Relic","Card"],"build_version":"2020-12-22","purchased_purges":0,"victory":false,"max_hp_per_floor":[75,75,75,75,75,75,75,75,75,75,75,75,75,75,75,75,75,75,75,75,75,75],"card_choices":[{"not_picked":["hermit:LowProfile","hermit:CalledShot"],"picked":"hermit:Enervate","floor":1},{"not_picked":["hermit:Feint","hermit:Desperado"],"picked":"hermit:Misfire","floor":3},{"not_picked":["hermit:HoleUp","hermit:EternalForm","hermit:OverwhelmingPower"],"picked":"SKIP","floor":7},{"not_picked":["hermit:Enervate","hermit:Midnight"],"picked":"hermit:Quickdraw","floor":10},{"not_picked":["hermit:TrackingShot","hermit:Grudge"],"picked":"hermit:Desperado","floor":14},{"not_picked":["hermit:Reprieve","hermit:Adapt+1"],"picked":"hermit:Dissolve","floor":16},{"not_picked":["hermit:LuckOfTheDraw","hermit:Desperado"],"picked":"hermit:BodyArmor","floor":18},{"not_picked":["hermit:HoleUp","hermit:Quickdraw"],"picked":"hermit:Deadeye","floor":19}],"player_experience":1624710,"relics_obtained":[{"floor":7,"key":"Ornamental Fan"},{"floor":9,"key":"Frozen Egg 2"}],"event_choices":[{"cards_removed":["hermit:Strike_Hermit"],"damage_healed":0,"gold_gain":0,"player_choice":"Card Removal","damage_taken":0,"max_hp_gain":0,"max_hp_loss":0,"event_name":"The Cleric","floor":2,"gold_loss":50},{"damage_healed":0,"gold_gain":0,"cards_transformed":["hermit:Defend_Hermit"],"player_choice":"Change","damage_taken":0,"max_hp_gain":0,"max_hp_loss":0,"event_name":"Living Wall","floor":4,"gold_loss":0,"cards_obtained":["hermit:Reprieve"]},{"damage_healed":0,"gold_gain":75,"player_choice":"Gather Gold","damage_taken":11,"max_hp_gain":0,"max_hp_loss":0,"event_name":"World of Goop","floor":5,"gold_loss":0},{"damage_healed":0,"gold_gain":0,"player_choice":"Success","damage_taken":7,"relics_obtained":["Smiling Mask"],"max_hp_gain":0,"max_hp_loss":0,"event_name":"Scrap Ooze","floor":12,"gold_loss":0},{"cards_removed":["hermit:NoHoldsBarred"],"damage_healed":0,"gold_gain":0,"player_choice":"Elegance","damage_taken":0,"max_hp_gain":0,"max_hp_loss":0,"event_name":"Back to Basics","floor":20,"gold_loss":0}],"is_beta":false,"boss_relics":[{"not_picked":["Empty Cage","Sozu"],"picked":"Pandora\u0027s Box"}],"items_purged_floors":[],"is_endless":false,"potions_floor_spawned":[1,7,14,16,18],"killed_by":"Centurion and Healer","ascension_level":5}}