{"host":"iovigr651ajk16h5","time":1613603197,"event":{"mods":["2.2 Compatiblity","AchievementEnabler","Aspiration","BaseMod","Better Altar","Better Match","Better Note","Better Sensory Stone","Better Skull","Better Third Choice","Block Reminder","Colored Map","Ekko","Energized Spire","GifTheSpireLib","GungeonMod","Halation","Hermit","Highlight Path","Hubris","Infinite Spire","Koishi","Luminous","Marisa????????","Minty Spire (QoL Compilation)","Nova Terra(??·??)","Onozuka Komachi Mod","Permanent Neow","Prisma Mod","Quick Restart","Railgun Mod","Remilia??????","Replay The Spire","StSLib","Stuff the Spire","Td1madao Mod","The Administrix","The Bladedancer","The Bug Knight","The Construct","The Marked","TheSwordswoman","Trackpad","Waifu the Spire","WarShipGirlsR/????R mod","everything is the same but u backflip on backflip"],"gold_per_floor":[117,136,136,136,156,182,182,107,107,107,122,140,90,123,123,228,228,245,245,170,184,94,110,110,10,10,36,36,47,59,74,74,74,74],"floor_reached":33,"language":"ENG","playtime":1864,"items_purged":["Injury","MasterSpark+1"],"score":327,"play_id":"f2f4fe8a-8c92-4d50-9310-bd7943d1b90c","local_time":"20210217180637","is_ascension_mode":false,"campfire_choices":[{"floor":7.0,"key":"REST"},{"floor":15.0,"key":"REST"},{"data":"BlazeAway","floor":24.0,"key":"SMITH"},{"floor":28.0,"key":"RECALL"},{"floor":32.0,"key":"REST"}],"circlet_count":0,"master_deck":["Defend_MRS","Defend_MRS","Defend_MRS","UpSweep","PowerUp","WitchLeyline","ShootingEcho+1","BlazeAway+1","JA+1","ReplayTheSpireMod:Private Reserves","JA+1","PowerUp","ShootingEcho+1","ShootingEcho+1"],"relics":["MiniHakkero","NeowsBlessing","Molten Egg 2","Golden Egg","halation:Toothbrush","hubris:Towel","halation:AfternoonTea","Empty Cage","Smiling Mask"],"acts_visited":["Exordium","TheCity"],"potions_floor_usage":[33],"damage_taken":[{"damage":0.0,"enemies":"Jaw Worm","floor":1.0,"turns":1.0},{"damage":0.0,"enemies":"Small Slimes","floor":2.0,"turns":1.0},{"damage":0.0,"enemies":"2 Louse","floor":5.0,"turns":1.0},{"damage":46.0,"enemies":"Lagavulin","floor":6.0,"turns":6.0},{"damage":9.0,"enemies":"Exordium Wildlife","floor":11.0,"turns":2.0},{"damage":2.0,"enemies":"Blue Slaver","floor":12.0,"turns":2.0},{"damage":0.0,"enemies":"Gremlin Nob","floor":14.0,"turns":2.0},{"damage":58.0,"enemies":"Hexaghost","floor":16.0,"turns":7.0},{"damage":0.0,"enemies":"Spheric Guardian","floor":18.0,"turns":1.0},{"damage":0.0,"enemies":"Chosen","floor":21.0,"turns":2.0},{"damage":0.0,"enemies":"Snecko","floor":23.0,"turns":2.0},{"damage":20.0,"enemies":"Gremlin Leader","floor":27.0,"turns":3.0},{"damage":7.0,"enemies":"Shelled Parasite and Fungi","floor":29.0,"turns":2.0},{"damage":9.0,"enemies":"Cultist and Chosen","floor":30.0,"turns":3.0},{"damage":10.0,"enemies":"Sentry and Sphere","floor":31.0,"turns":3.0},{"damage":95,"enemies":"Champ","floor":33,"turns":7}],"seed_played":"274089812470924436","potions_obtained":[{"floor":6.0,"key":"Swift Potion"},{"floor":11.0,"key":"DistilledChaos"},{"floor":12.0,"key":"ColorlessPotion"},{"floor":14.0,"key":"Adrenaline Potion"},{"floor":18.0,"key":"SkillPotion"},{"floor":21.0,"key":"LifebloodPotion"},{"floor":23.0,"key":"AttackPotion"}],"is_trial":false,"path_per_floor":["M","M","?","?","M","E","R","$","T","?","M","M","?","E","R","B",null,"M","AVR","?","M","?","M","R","$","T","E","R","M","M","M","R","B"],"character_chosen":"MARISA","items_purchased":[],"campfire_rested":3,"item_purchase_floors":[],"current_hp_per_floor":[75,75,75,75,75,29,51,51,51,51,42,40,43,43,66,23,84,84,84,84,84,87,87,87,90,90,70,70,63,54,44,71,0,0],"gold":74,"neow_bonus":"THREE_ENEMY_KILL","is_daily":false,"chose_seed":false,"campfire_upgraded":1,"win_rate":0.0,"timestamp":1613603197,"path_taken":["M","M","?","?","M","E","R","?","T","?","M","M","?","E","R","BOSS","M","AVR","?","M","?","M","R","$","T","E","R","M","M","M","R","BOSS"],"items_purchased_type":[],"build_version":"2020-12-22","purchased_purges":2,"victory":false,"max_hp_per_floor":[75,75,75,75,75,75,75,75,75,75,75,75,78,78,78,78,84,84,84,84,84,87,87,87,90,90,90,90,90,90,90,90,90,90],"card_choices":[{"not_picked":["SporeBomb","Acceleration"],"picked":"PowerUp","floor":1.0},{"not_picked":["StarlightTyphoon","GalacticHalo"],"picked":"WitchLeyline","floor":2.0},{"not_picked":["IllusionStar","DarkMatter"],"picked":"ShootingEcho+1","floor":5.0},{"not_picked":["DoubleSpark+1","Acceleration"],"picked":"BlazeAway","floor":6.0},{"not_picked":["PowerUp","ShootTheMoon+1"],"picked":"JA+1","floor":11.0},{"not_picked":["IllusionStar","MilkyWay","PropBag"],"picked":"SKIP","floor":12.0},{"not_picked":["MilkyWay","StarlightTyphoon","Acceleration"],"picked":"SKIP","floor":14.0},{"not_picked":["Acceleration","EnergyRecoil","LuminesStrike+1"],"picked":"SKIP","floor":18.0},{"not_picked":["ReplayTheSpireMod:Uncanny Aura","Good Instincts"],"picked":"ReplayTheSpireMod:Private Reserves","floor":20.0},{"not_picked":["BigCrunch","ManaRampage"],"picked":"JA","floor":20.0},{"not_picked":["WitchOfGreed","MysteriousBeam+1"],"picked":"PowerUp","floor":21.0},{"not_picked":["SuperPerseids+1","DarkSpark+1","DC+1"],"picked":"SKIP","floor":23.0},{"not_picked":["EnergyFlow","OortCloud"],"picked":"ShootingEcho+1","floor":27.0},{"not_picked":["OpenUniverse","DC+1","MilkyWay"],"picked":"SKIP","floor":29.0},{"not_picked":["DragonMeteor+1","PropBag"],"picked":"ShootingEcho+1","floor":30.0},{"not_picked":["DC+1","AsteroidBelt+1","MeteoricShower+1"],"picked":"SKIP","floor":31.0}],"player_experience":357647,"relics_obtained":[{"floor":6.0,"key":"Golden Egg"},{"floor":9.0,"key":"halation:Toothbrush"},{"floor":14.0,"key":"halation:AfternoonTea"},{"floor":27.0,"key":"Smiling Mask"}],"event_choices":[{"cards_removed":["Strike_MRS"],"damage_healed":0.0,"max_hp_gain":0.0,"max_hp_loss":0.0,"gold_gain":0.0,"event_name":"The Cleric","player_choice":"Card Removal","floor":13.0,"gold_loss":50.0,"damage_taken":0.0},{"damage_healed":0.0,"max_hp_gain":0.0,"max_hp_loss":0.0,"gold_gain":0.0,"event_name":"betterMatch:BetterMatch","player_choice":"1","floor":20.0,"gold_loss":0.0,"damage_taken":0.0,"cards_obtained":["betterMatch:ColorlessUncommonCard","betterMatch:RareCard"]},{"cards_removed":["Defend_MRS"],"damage_healed":0.0,"max_hp_gain":0.0,"max_hp_loss":0.0,"gold_gain":0.0,"event_name":"Designer","player_choice":"Upgrade and Remove","floor":22.0,"gold_loss":90.0,"damage_taken":0.0,"cards_upgraded":["MasterSpark"]}],"is_beta":false,"boss_relics":[{"not_picked":["Runic Pyramid","Replay:Ancient Bell"],"picked":"Empty Cage"}],"items_purged_floors":[8,25],"is_endless":false,"potions_floor_spawned":[6,11,12,14,18,21,23],"killed_by":"Champ","ascension_level":0}}