{"host":"cfqfeqi6u2qx5u0e","time":1613605733,"event":{"mods":["AchievementEnabler","BaseMod","Colored Powertips","Minty Spire (QoL Compilation)","Quick Restart","StSLib"],"gold_per_floor":[116,116,139,157,175,175,206,252,252,277,293,332,332,363,363,492,492,511,525,62,62,87,130,130,149,149,149,182,196,220,239,239,358,358,374,374,140,159,90,134,157,201,201,264,287,287,322,322,322,322,322,322,10,41,41,41],"floor_reached":55,"language":"ENG","playtime":7104,"items_purged":[],"score":935,"play_id":"5ab69f3c-df8b-45de-8856-5ad63faa7498","local_time":"20210217154853","is_ascension_mode":true,"campfire_choices":[{"floor":6,"key":"REST"},{"floor":13,"key":"REST"},{"floor":15,"key":"REST"},{"floor":24,"key":"REST"},{"floor":32,"key":"REST"},{"floor":46,"key":"RECALL"},{"data":"Wraith Form v2","floor":49,"key":"SMITH"},{"data":"Wraith Form v2","floor":52,"key":"SMITH"}],"circlet_count":0,"master_deck":["Strike_G+1","Strike_G","Strike_G+1","Defend_G","Defend_G","Defend_G","Defend_G","Defend_G","Survivor","Neutralize","Prepared","Cloak And Dagger","Quick Slash","Predator","Flying Knee","Dash","After Image","After Image+1","Footwork","Malaise","Caltrops+1","Blade Dance+1","Eviscerate","Venomology","Heel Hook","Venomology","Bouncing Flask+1","Backflip","Blade Dance","Eviscerate","Wraith Form v2+1","Wraith Form v2+1","Cloak And Dagger+1","Bouncing Flask","Masterful Stab","Noxious Fumes","Venomology","Blade Dance+1","Choke","Bullet Time+1"],"relics":["Ring of the Snake","Golden Idol","Darkstone Periapt","Boot","Vajra","Whetstone","Pocketwatch","Snecko Eye","InkBottle","Lantern","Bottled Tornado","CultistMask","Pear","Runic Dome","Strange Spoon","Eternal Feather","Toxic Egg 2","Peace Pipe","Frozen Egg 2","Bird Faced Urn","HornCleat"],"acts_visited":["Exordium","TheCity","TheBeyond","TheEnding"],"potions_floor_usage":[12,12,14,18,23,23,25,25,28,28,28,28,28,30,30,31,33,33,33,40,40,40,41,41,41,42,42,42,42,42,42,44,44,45,47,47,47,50,50,50,50,50,50,50,54,54,54,54,54,55,55,55,55],"damage_taken":[{"damage":8,"enemies":"Jaw Worm","floor":1,"turns":6},{"damage":2,"enemies":"2 Louse","floor":3,"turns":3},{"damage":7,"enemies":"Cultist","floor":4,"turns":5},{"damage":15,"enemies":"3 Louse","floor":5,"turns":6},{"damage":31,"enemies":"3 Sentries","floor":7,"turns":8},{"damage":5,"enemies":"Lots of Slimes","floor":10,"turns":4},{"damage":8,"enemies":"Exordium Thugs","floor":11,"turns":5},{"damage":0,"enemies":"Gremlin Nob","floor":12,"turns":2},{"damage":21,"enemies":"Lagavulin","floor":14,"turns":8},{"damage":44,"enemies":"Slime Boss","floor":16,"turns":8},{"damage":7,"enemies":"Spheric Guardian","floor":18,"turns":4},{"damage":6,"enemies":"Shell Parasite","floor":19,"turns":5},{"damage":23,"enemies":"Centurion and Healer","floor":22,"turns":5},{"damage":25,"enemies":"Slavers","floor":23,"turns":5},{"damage":7,"enemies":"Shelled Parasite and Fungi","floor":25,"turns":5},{"damage":20,"enemies":"Gremlin Leader","floor":28,"turns":6},{"damage":8,"enemies":"Chosen and Byrds","floor":29,"turns":6},{"damage":0,"enemies":"Centurion and Healer","floor":30,"turns":3},{"damage":6,"enemies":"Shelled Parasite and Fungi","floor":31,"turns":4},{"damage":41,"enemies":"Automaton","floor":33,"turns":8},{"damage":0,"enemies":"3 Darklings","floor":35,"turns":5},{"damage":3,"enemies":"Orb Walker","floor":38,"turns":3},{"damage":5,"enemies":"Nemesis","floor":40,"turns":7},{"damage":4,"enemies":"Transient","floor":41,"turns":5},{"damage":38,"enemies":"Giant Head","floor":42,"turns":10},{"damage":0,"enemies":"Mind Bloom Boss Battle","floor":44,"turns":6},{"damage":2,"enemies":"Sphere and 2 Shapes","floor":45,"turns":4},{"damage":3,"enemies":"Nemesis","floor":47,"turns":4},{"damage":32,"enemies":"Awakened One","floor":50,"turns":11},{"damage":28,"enemies":"Shield and Spear","floor":54,"turns":8},{"damage":99,"enemies":"The Heart","floor":55,"turns":11}],"seed_played":"-5727081921377883010","potions_obtained":[{"floor":3,"key":"FairyPotion"},{"floor":10,"key":"AttackPotion"},{"floor":11,"key":"SteroidPotion"},{"floor":12,"key":"EssenceOfSteel"},{"floor":16,"key":"PowerPotion"},{"floor":19,"key":"Strength Potion"},{"floor":23,"key":"EntropicBrew"},{"floor":28,"key":"PowerPotion"},{"floor":40,"key":"BlessingOfTheForge"},{"floor":41,"key":"PowerPotion"},{"floor":54,"key":"Fruit Juice"}],"is_trial":false,"path_per_floor":["M","?","M","M","M","R","E","T","T","M","M","E","R","E","R","B",null,"M","M","$","?","M","E","R","M","T","?","E","M","M","M","R","B",null,"M","?","$","M","$","E","M","E","T","?","M","R","E","?","R","B",null,"R","$","E","B"],"character_chosen":"THE_SILENT","items_purchased":["Eviscerate","InkBottle","Venomology","Strange Spoon","Bouncing Flask","Noxious Fumes","Bird Faced Urn"],"campfire_rested":5,"item_purchase_floors":[20,20,20,37,37,39,53],"current_hp_per_floor":[69,50,48,41,26,49,18,18,18,13,5,5,28,7,30,13,77,70,64,64,64,41,16,39,32,32,32,22,14,14,8,34,26,87,87,87,87,84,84,79,75,52,52,66,64,87,84,84,87,55,87,87,87,70,0,0],"gold":41,"neow_bonus":"TEN_PERCENT_HP_BONUS","is_daily":false,"chose_seed":false,"campfire_upgraded":2,"win_rate":0.0,"timestamp":1613605733,"path_taken":["M","?","M","M","M","R","E","?","T","M","M","E","R","E","R","BOSS","M","M","$","?","?","E","R","M","T","?","E","?","M","M","R","BOSS","M","?","$","?","?","E","M","E","T","?","M","R","E","?","R","BOSS","R","$","E","BOSS"],"items_purchased_type":["Card","Relic","Card","Relic","Card","Card","Relic"],"build_version":"2020-12-22","purchased_purges":0,"victory":false,"max_hp_per_floor":[77,77,77,77,77,77,77,77,77,77,77,77,77,77,77,77,77,77,77,77,77,77,77,77,77,77,77,87,87,87,87,87,87,87,87,87,87,87,87,87,87,87,87,87,87,87,87,87,87,87,87,87,87,92,92,92],"card_choices":[{"not_picked":["Dodge and Roll","Dagger Spray"],"picked":"Prepared","floor":1},{"not_picked":["Poisoned Stab","Dagger Spray"],"picked":"Cloak And Dagger","floor":3},{"not_picked":["Flying Knee","Acrobatics"],"picked":"Quick Slash","floor":4},{"not_picked":["Expertise","Poisoned Stab"],"picked":"Predator","floor":5},{"not_picked":["Caltrops","Dodge and Roll"],"picked":"Flying Knee","floor":7},{"not_picked":["Tactician","Choke"],"picked":"Dash","floor":10},{"not_picked":["Flying Knee","Underhanded Strike"],"picked":"After Image","floor":11},{"not_picked":["PiercingWail","Underhanded Strike"],"picked":"After Image","floor":12},{"not_picked":["Caltrops","Flying Knee"],"picked":"Footwork","floor":14},{"not_picked":["After Image","Glass Knife"],"picked":"Malaise","floor":16},{"not_picked":["Backflip+1","Sucker Punch+1"],"picked":"Caltrops+1","floor":18},{"not_picked":["Deflect+1","Cloak And Dagger+1"],"picked":"Blade Dance+1","floor":19},{"not_picked":["Dagger Throw","Sucker Punch"],"picked":"Heel Hook","floor":22},{"not_picked":["Footwork","Predator+1"],"picked":"Venomology","floor":23},{"not_picked":["Deadly Poison","All Out Attack"],"picked":"Bouncing Flask+1","floor":25},{"not_picked":["Prepared","Slice"],"picked":"Backflip","floor":28},{"not_picked":["Prepared+1","Deflect+1"],"picked":"Blade Dance","floor":29},{"not_picked":["Heel Hook","Caltrops"],"picked":"Eviscerate","floor":30},{"not_picked":["Eviscerate","Quick Slash"],"picked":"Wraith Form v2","floor":31},{"not_picked":["Night Terror","Doppelganger"],"picked":"Wraith Form v2","floor":33},{"not_picked":["Backflip+1","Underhanded Strike"],"picked":"Cloak And Dagger+1","floor":35},{"not_picked":["Acrobatics+1","Bane+1"],"picked":"Masterful Stab","floor":38},{"not_picked":["Sucker Punch","Dagger Throw+1"],"picked":"Venomology","floor":40},{"not_picked":["Flechettes+1","Outmaneuver","Distraction"],"picked":"SKIP","floor":41},{"not_picked":["Finisher","Endless Agony+1"],"picked":"Blade Dance+1","floor":42},{"not_picked":["Poisoned Stab+1","Escape Plan+1"],"picked":"Choke","floor":44},{"not_picked":["Backstab","Poisoned Stab+1"],"picked":"Bullet Time+1","floor":45},{"not_picked":["Prepared+1","Sucker Punch","Flechettes+1"],"picked":"SKIP","floor":47},{"not_picked":["Masterful Stab","Dodge and Roll+1","All Out Attack"],"picked":"SKIP","floor":54}],"player_experience":74949,"relics_obtained":[{"floor":7,"key":"Darkstone Periapt"},{"floor":8,"key":"Boot"},{"floor":9,"key":"Vajra"},{"floor":12,"key":"Whetstone"},{"floor":14,"key":"Pocketwatch"},{"floor":23,"key":"Lantern"},{"floor":26,"key":"Bottled Tornado"},{"floor":28,"key":"Pear"},{"floor":40,"key":"Eternal Feather"},{"floor":42,"key":"Toxic Egg 2"},{"floor":44,"key":"Peace Pipe"},{"floor":47,"key":"Frozen Egg 2"},{"floor":54,"key":"HornCleat"}],"event_choices":[{"damage_healed":0,"gold_gain":0,"player_choice":"Take Damage","damage_taken":19,"relics_obtained":["Golden Idol"],"max_hp_gain":0,"max_hp_loss":0,"event_name":"Golden Idol","floor":2,"gold_loss":0},{"damage_healed":0,"gold_gain":0,"player_choice":"Upgraded","damage_taken":0,"max_hp_gain":0,"max_hp_loss":0,"event_name":"Upgrade Shrine","floor":21,"gold_loss":0,"cards_upgraded":["After Image"]},{"damage_healed":0,"gold_gain":0,"player_choice":"Trade","damage_taken":0,"relics_obtained":["CultistMask"],"max_hp_gain":0,"max_hp_loss":0,"event_name":"FaceTrader","floor":27,"gold_loss":0},{"cards_removed":["Strike_G"],"damage_healed":0,"gold_gain":0,"player_choice":"Purged","damage_taken":0,"max_hp_gain":0,"max_hp_loss":0,"event_name":"Purifier","floor":36,"gold_loss":0},{"damage_healed":0,"gold_gain":0,"player_choice":"Fight","damage_taken":0,"max_hp_gain":0,"max_hp_loss":0,"event_name":"MindBloom","floor":44,"gold_loss":0},{"cards_removed":["Strike_G"],"damage_healed":0,"gold_gain":0,"player_choice":"Removed Attack","damage_taken":0,"max_hp_gain":0,"max_hp_loss":0,"event_name":"Falling","floor":48,"gold_loss":0}],"is_beta":false,"boss_relics":[{"not_picked":["Coffee Dripper","HoveringKite"],"picked":"Snecko Eye"},{"not_picked":["Busted Crown","Cursed Key"],"picked":"Runic Dome"}],"items_purged_floors":[],"is_endless":false,"potions_floor_spawned":[3,10,11,12,16,19,23,25,28,30,40,41,47,54],"killed_by":"The Heart","ascension_level":1}}