{"host":"qz0goigh82dax5l2","time":1613552388,"event":{"mods":["Act Like it!","Alarm Clock","BaseMod","Energized Spire","Hallownest","Hermit","Minty Spire (QoL Compilation)","Quick Restart","Reliquary","StSLib","¡¾ÒÅÎï¿¨ÅÆ¡¿REMEMod"],"gold_per_floor":[118,293,368,378,391,391,419,419,446,34,309,324,324,355,355,459,459,478,478,508,508,521,521,521,42,115,125,224,254,254,268,268,268,268],"floor_reached":33,"language":"ZHS","playtime":1886,"items_purged":[],"score":296,"play_id":"4044cdf1-d6ed-4e76-833c-7a5200b42768","local_time":"20210217165948","is_ascension_mode":false,"campfire_choices":[{"floor":6,"key":"RECALL"},{"floor":8,"key":"REST"},{"floor":15,"key":"REST"},{"floor":24,"key":"REST"},{"floor":30,"key":"REST"},{"floor":32,"key":"REST"}],"circlet_count":0,"master_deck":["hermit:Strike_Hermit","hermit:Strike_Hermit","hermit:Strike_Hermit","hermit:Strike_Hermit","hermit:Defend_Hermit","hermit:Defend_Hermit","hermit:Defend_Hermit","hermit:Defend_Hermit","hermit:Snapshot","hermit:Covet","Escape Plan","hermit:Coalescence","hermit:Grudge","hermit:Snipe","hermit:GoldenBullet","hermit:Quickdraw","Finesse","hermit:LuckOfTheDraw","hermit:Maintenance+1","Regret","hermit:RoundhouseKick","hermit:Brawl","hermit:FatalDesire","hermit:EyeOfTheStorm","Decay","hermit:Feint+1","hermit:CalledShot+1","hermit:Deadeye","hermit:Malice","hermit:Determination","hermit:TrackingShot","hermit:Glare+1","hermit:ItchyTrigger+1"],"relics":["hermit:Momento","REME_ComplimentaryCards","NeowsBlessing","Centennial Puzzle","Juzu Bracelet","Sling","Vajra","REME_ChargedStone","Red Mask","Pen Nib","Strange Spoon","Kunai","Toxic Egg 2"],"acts_visited":["Exordium","TheCity"],"potions_floor_usage":[7,14,16,29],"damage_taken":[{"damage":0,"enemies":"Jaw Worm","floor":1,"turns":1},{"damage":0,"enemies":"Small Slimes","floor":4,"turns":1},{"damage":0,"enemies":"Cultist","floor":5,"turns":1},{"damage":44,"enemies":"3 Sentries","floor":7,"turns":14},{"damage":3,"enemies":"2 Fungi Beasts","floor":12,"turns":3},{"damage":16,"enemies":"Lagavulin","floor":14,"turns":9},{"damage":34,"enemies":"Hexaghost","floor":16,"turns":11},{"damage":36,"enemies":"2 Thieves","floor":18,"turns":4},{"damage":29,"enemies":"Masked Bandits","floor":20,"turns":4},{"damage":1,"enemies":"3 Byrds","floor":22,"turns":4},{"damage":3,"enemies":"Centurion and Healer","floor":27,"turns":6},{"damage":26,"enemies":"Book of Stabbing","floor":29,"turns":5},{"damage":7,"enemies":"Snake Plant","floor":31,"turns":4},{"damage":63,"enemies":"Automaton","floor":33,"turns":7}],"seed_played":"-2853799936033564897","potions_obtained":[{"floor":4,"key":"DistilledChaos"},{"floor":5,"key":"ColorlessPotion"},{"floor":7,"key":"hermit:Tonic"},{"floor":27,"key":"LiquidBronze"},{"floor":29,"key":"SmokeBomb"}],"is_trial":false,"path_per_floor":["M","?","?","M","M","R","E","R","T","$","?","M","?","E","R","B",null,"M","?","?","?","M","?","R","$","T","M","?","E","R","M","R","B"],"character_chosen":"HERMIT","items_purchased":["hermit:Quickdraw","Finesse","Sling","hermit:LuckOfTheDraw","hermit:Maintenance","Pen Nib","hermit:Deadeye","hermit:Malice","Strange Spoon","hermit:Determination"],"campfire_rested":5,"item_purchase_floors":[10,10,10,10,10,25,25,25,25,25],"current_hp_per_floor":[75,75,64,64,64,64,20,42,42,42,42,39,39,23,45,11,75,39,39,10,10,9,9,31,31,31,28,28,2,24,17,39,0,0],"gold":268,"neow_bonus":"THREE_ENEMY_KILL","is_daily":false,"chose_seed":false,"campfire_upgraded":0,"win_rate":0.0,"timestamp":1613552388,"path_taken":["M","?","?","M","?","R","E","R","T","$","?","M","?","E","R","BOSS","M","?","?","?","M","?","R","?","T","M","?","E","R","M","R","BOSS"],"items_purchased_type":["Card","Card","Relic","Card","Card","Relic","Card","Card","Relic","Card"],"build_version":"2020-12-22","purchased_purges":0,"victory":false,"max_hp_per_floor":[75,75,75,75,75,75,75,75,75,75,75,75,75,75,75,75,75,75,75,75,75,75,75,75,75,75,75,75,75,75,75,75,75,75],"card_choices":[{"not_picked":["hermit:Midnight","hermit:Brawl"],"picked":"hermit:Coalescence","floor":1},{"not_picked":["hermit:Dive","hermit:TrackingShot"],"picked":"hermit:Grudge","floor":4},{"not_picked":["hermit:Glare","hermit:Roulette"],"picked":"hermit:Snipe","floor":5},{"not_picked":["hermit:EyeOfTheStorm","hermit:SprayPray"],"picked":"hermit:GoldenBullet","floor":7},{"not_picked":["hermit:Horror","hermit:BodyArmor"],"picked":"hermit:RoundhouseKick","floor":12},{"not_picked":["hermit:Manifest","hermit:Glare"],"picked":"hermit:Brawl","floor":14},{"not_picked":["hermit:Gambit","hermit:HighNoon"],"picked":"hermit:FatalDesire","floor":16},{"not_picked":["hermit:SprayPray+1","hermit:PistolWhip"],"picked":"hermit:EyeOfTheStorm","floor":18},{"not_picked":["hermit:HoleUp+1","hermit:Desperado"],"picked":"hermit:Feint+1","floor":20},{"not_picked":["hermit:Dive","hermit:Ricochet"],"picked":"hermit:CalledShot+1","floor":22},{"not_picked":["hermit:Coalescence","hermit:Headshot+1"],"picked":"hermit:TrackingShot","floor":27},{"not_picked":["hermit:Maintenance+1","hermit:Brawl+1"],"picked":"hermit:Glare+1","floor":29},{"not_picked":["hermit:Manifest+1","hermit:Shortfuse"],"picked":"hermit:ItchyTrigger+1","floor":31}],"player_experience":76270,"relics_obtained":[{"floor":7,"key":"Centennial Puzzle"},{"floor":9,"key":"Juzu Bracelet"},{"floor":14,"key":"Vajra"},{"floor":20,"key":"Red Mask"},{"floor":26,"key":"Kunai"},{"floor":29,"key":"Toxic Egg 2"}],"event_choices":[{"damage_healed":0,"gold_gain":175,"player_choice":"AGREE","damage_taken":0,"max_hp_gain":0,"max_hp_loss":0,"event_name":"Liars Game","floor":2,"gold_loss":0,"cards_obtained":["Doubt"]},{"damage_healed":0,"gold_gain":75,"player_choice":"Gather Gold","damage_taken":11,"max_hp_gain":0,"max_hp_loss":0,"event_name":"World of Goop","floor":3,"gold_loss":0},{"damage_healed":0,"gold_gain":275,"player_choice":"Desecrate","damage_taken":0,"max_hp_gain":0,"max_hp_loss":0,"event_name":"Golden Shrine","floor":11,"gold_loss":0,"cards_obtained":["Regret"]},{"damage_healed":0,"gold_gain":0,"player_choice":"Grow","damage_taken":0,"max_hp_gain":0,"max_hp_loss":0,"event_name":"Living Wall","floor":13,"gold_loss":0,"cards_upgraded":["hermit:Maintenance"]},{"damage_healed":0,"gold_gain":0,"player_choice":"Smashed Altar","damage_taken":0,"max_hp_gain":0,"max_hp_loss":0,"event_name":"Forgotten Altar","floor":19,"gold_loss":0,"cards_obtained":["Decay"]},{"damage_healed":0,"gold_gain":0,"player_choice":"Fought Bandits","damage_taken":0,"max_hp_gain":0,"max_hp_loss":0,"event_name":"Masked Bandits","floor":20,"gold_loss":0},{"cards_removed":["Doubt"],"damage_healed":0,"gold_gain":0,"player_choice":"Elegance","damage_taken":0,"max_hp_gain":0,"max_hp_loss":0,"event_name":"Back to Basics","floor":21,"gold_loss":0},{"damage_healed":0,"gold_gain":0,"player_choice":"Ignored","damage_taken":0,"max_hp_gain":0,"max_hp_loss":0,"event_name":"Vampires","floor":23,"gold_loss":0},{"damage_healed":0,"gold_gain":99,"player_choice":"Stole From Cult","damage_taken":0,"max_hp_gain":0,"max_hp_loss":0,"event_name":"Nest","floor":28,"gold_loss":0}],"is_beta":false,"boss_relics":[{"not_picked":["Black Star","Tiny House"],"picked":"REME_ChargedStone"}],"items_purged_floors":[],"is_endless":false,"potions_floor_spawned":[4,5,7,27,29],"killed_by":"Automaton","ascension_level":0}}