{"host":"mu5qkq7030l6349q","time":1613601116,"event":{"mods":["AchievementEnabler","BaseMod","Colored Powertips","Downfall","Highlight Path","Minty Spire (QoL Compilation)","Permanent Neow","Rare Cards Sparkle","Replay The Spire","StSLib"],"gold_per_floor":[119,136,136,14,24,24,58,68,92,117,117,147,147,158,158,258,258,273,290,190,190,40,66,82,82,82,109,120,151,164,175,175,282,294,318,11,25,37,54,89,89,102,129,39,52,52,63,88,88,88,88,88,88,123,123],"floor_reached":56,"language":"ENG","playtime":4370,"items_purged":["Regret","Strike_G","Strike_G"],"score":1393,"play_id":"37daf788-a5bf-4431-98ea-152a3edd9c00","local_time":"20210217233156","is_ascension_mode":true,"campfire_choices":[{"data":"Noxious Fumes","floor":6.0,"key":"SMITH"},{"data":"Neutralize","floor":11.0,"key":"SMITH"},{"data":"Distraction","floor":15.0,"key":"SMITH"},{"data":"Poison Darts","floor":25.0,"key":"SMITH"},{"floor":32.0,"key":"DIG"},{"data":"Catalyst","floor":41,"key":"SMITH"},{"data":"Adrenaline","floor":46,"key":"SMITH"},{"floor":49,"key":"RECALL"},{"floor":52,"key":"DIG"}],"circlet_count":0,"master_deck":["Strike_G","Defend_G","Defend_G","Defend_G","Defend_G","Defend_G","Survivor","Neutralize+1","Distraction+1","Deadly Poison","Noxious Fumes+1","Replay:Poison Smokescreen","Backstab","Adrenaline+1","ReplayTheSpireMod:Necrosis","Poison Darts+1","Backflip+1","Escape Plan+1","Escape Plan","Catalyst+1","Toxin Wave+1","Night Terror","Catalyst+1","Sadistic Nature","Deadly Poison+1","Replay:Poison Smokescreen","Poisoned Stab","Acrobatics","Bouncing Flask+1"],"relics":["Painkiller Herb","Snake Skull","Replay:Bottled Snecko","Happy Flower","Strawberry","Bag of Marbles","FaceOfCleric","Replay:Bronze Core","TwistedFunnel","Replay:Multitool","Letter Opener","Torii","Replay:Ringing Soul","MawBank","Black Star","Replay:Bottled Flurry","ReplayTheSpireMod:Lightbulb","MealTicket","Ancient Tea Set","Bottled Tornado","Mummified Hand","HornCleat"],"acts_visited":["Exordium","TheCity","TheBeyond","TheEnding"],"potions_floor_usage":[33,37,55],"damage_taken":[{"damage":0.0,"enemies":"2 Louse","floor":1.0,"turns":4.0},{"damage":6.0,"enemies":"Jaw Worm","floor":2.0,"turns":5.0},{"damage":0.0,"enemies":"Cultist","floor":5.0,"turns":4.0},{"damage":10.0,"enemies":"3 Sentries","floor":7.0,"turns":6.0},{"damage":0.0,"enemies":"Exordium Thugs","floor":8.0,"turns":4.0},{"damage":5.0,"enemies":"Replay:BlueRogue","floor":10.0,"turns":5.0},{"damage":13.0,"enemies":"Lagavulin","floor":12.0,"turns":5.0},{"damage":7.0,"enemies":"Red Slaver","floor":14.0,"turns":2.0},{"damage":14.0,"enemies":"Hexaghost","floor":16.0,"turns":7.0},{"damage":5.0,"enemies":"Shell Parasite","floor":18.0,"turns":4.0},{"damage":0.0,"enemies":"3 Byrds","floor":19.0,"turns":4.0},{"damage":19.0,"enemies":"Gremlin Leader","floor":23.0,"turns":5.0},{"damage":12.0,"enemies":"Centurion and Healer","floor":24.0,"turns":5.0},{"damage":27.0,"enemies":"Slavers","floor":27.0,"turns":3.0},{"damage":1.0,"enemies":"Shelled Parasite and Fungi","floor":28.0,"turns":3.0},{"damage":0.0,"enemies":"Gremlin Leader","floor":29.0,"turns":4.0},{"damage":0.0,"enemies":"Snecko","floor":30.0,"turns":2.0},{"damage":8.0,"enemies":"Snake Plant","floor":31.0,"turns":3.0},{"damage":24,"enemies":"Pondfish","floor":33,"turns":8},{"damage":0,"enemies":"3 Shapes","floor":35,"turns":3},{"damage":1,"enemies":"Orb Walker","floor":37,"turns":2},{"damage":0,"enemies":"3 Darklings","floor":38,"turns":2},{"damage":0,"enemies":"4 Shapes","floor":39,"turns":2},{"damage":16,"enemies":"Reptomancer","floor":40,"turns":3},{"damage":9,"enemies":"Jaw Worm Horde","floor":42,"turns":3},{"damage":0,"enemies":"3 Darklings","floor":45,"turns":2},{"damage":0,"enemies":"4 Shapes","floor":47,"turns":3},{"damage":0,"enemies":"Giant Head","floor":48,"turns":3},{"damage":46,"enemies":"Donu and Deca","floor":50,"turns":5},{"damage":3,"enemies":"Shield and Spear","floor":54,"turns":4},{"damage":42,"enemies":"The Heart","floor":55,"turns":6}],"seed_played":"-2504102748356756646","potions_obtained":[{"floor":8.0,"key":"SteroidPotion"},{"floor":10.0,"key":"SteroidPotion"},{"floor":14.0,"key":"Elixir"},{"floor":16.0,"key":"Weak Potion"},{"floor":23.0,"key":"BlessingOfTheForge"},{"floor":24.0,"key":"hexamod:SoulburnPotion"},{"floor":28.0,"key":"Flashbang"},{"floor":31.0,"key":"Weak Potion"},{"floor":35,"key":"Cursed Concoction"},{"floor":40,"key":"LiquidMemories"},{"floor":42,"key":"CunningPotion"},{"floor":48,"key":"EssenceOfSteel"}],"is_trial":false,"path_per_floor":["?","?","?","T","?","T","E","?","T","E","T","E","?","?","T","B",null,"?","?","T","?","T","E","?","T","T","E","?","E","?","?","T","B",null,"?","T","?","?","?","E","T","?","T","?","?","T","?","E","T","B",null,"T","T","E","B",null],"character_chosen":"THE_SILENT","items_purchased":["Deadly Poison","TwistedFunnel","Sadistic Nature"],"campfire_rested":0,"item_purchase_floors":[4,22,36],"current_hp_per_floor":[70,64,64,64,64,64,54,54,54,56,56,43,43,37,37,24,79,75,76,76,76,76,58,47,47,47,21,21,25,29,25,25,5,101,105,108,108,112,113,101,101,96,96,96,100,100,104,105,105,60,132,132,132,130,89],"gold":123,"neow_bonus":"BOSS_RELIC","is_daily":false,"chose_seed":false,"campfire_upgraded":6,"win_rate":0.0,"timestamp":1613601116,"path_taken":["?","?","?","T","?","T","E","?","T","E","T","E","?","?","T","BOSS","?","?","T","?","T","E","?","T","T","E","?","E","?","?","T","BOSS","?","T","?","?","?","E","T","?","T","?","?","T","?","E","T","BOSS","T","T","E","BOSS"],"items_purchased_type":["Card","Relic","Card"],"build_version":"2020-12-22","purchased_purges":3,"victory":true,"max_hp_per_floor":[70,70,70,70,70,70,70,70,70,77,77,77,77,78,78,79,79,80,81,81,81,81,82,83,83,83,84,85,89,93,97,97,101,101,105,108,109,113,114,118,118,122,122,122,126,126,130,131,131,132,132,132,132,133,134],"card_choices":[{"not_picked":["Sucker Punch","Poisoned Stab","Flying Knee"],"picked":"SKIP","floor":1.0},{"not_picked":["Flying Knee","Deflect"],"picked":"Distraction","floor":2.0},{"not_picked":["Backflip","Dagger Throw"],"picked":"Noxious Fumes","floor":5.0},{"not_picked":["Bouncing Flask","Flying Knee"],"picked":"Replay:Poison Smokescreen","floor":7.0},{"not_picked":["PiercingWail","Replay:Poison Smokescreen","Heel Hook"],"picked":"SKIP","floor":8.0},{"not_picked":["Dagger Throw","Outmaneuver","Dagger Spray"],"picked":"SKIP","floor":10.0},{"not_picked":["Flying Knee","Dagger Spray"],"picked":"Backstab","floor":12.0},{"not_picked":["Deflect","Prepared"],"picked":"Adrenaline","floor":14.0},{"not_picked":["Die Die Die","Malaise"],"picked":"ReplayTheSpireMod:Necrosis","floor":16.0},{"not_picked":["Endless Agony+1","Outmaneuver","Quick Slash"],"picked":"SKIP","floor":18.0},{"not_picked":["Blade Dance","Deflect","Sucker Punch"],"picked":"SKIP","floor":19.0},{"not_picked":["Backflip+1","Backstab"],"picked":"Poison Darts","floor":23.0},{"not_picked":["Dodge and Roll","Well Laid Plans+1"],"picked":"Backflip+1","floor":24.0},{"not_picked":["Backflip+1","Sucker Punch+1","Dagger Throw"],"picked":"SKIP","floor":27.0},{"not_picked":["Underhanded Strike","Flying Knee"],"picked":"Escape Plan+1","floor":28.0},{"not_picked":["Dagger Spray","Backstab"],"picked":"Escape Plan","floor":29.0},{"not_picked":["Flying Knee","Distraction"],"picked":"Catalyst","floor":30.0},{"not_picked":["Blade Dance","Backflip"],"picked":"Toxin Wave+1","floor":31.0},{"not_picked":["Replay:Bag of Tricks","A Thousand Cuts"],"picked":"Night Terror","floor":33},{"not_picked":["All Out Attack","Deflect+1"],"picked":"Catalyst+1","floor":35},{"not_picked":["Heel Hook","Dagger Throw+1","Tactician+1"],"picked":"SKIP","floor":37},{"not_picked":["Outmaneuver","Hidden Blade+1"],"picked":"Deadly Poison","floor":38},{"not_picked":["ReplayTheSpireMod:Scrap Shanks","Underhanded Strike","ReplayTheSpireMod:Exploit Weakness+1"],"picked":"SKIP","floor":39},{"not_picked":["Sucker Punch+1","Outmaneuver"],"picked":"Replay:Poison Smokescreen","floor":40},{"not_picked":["Terror+1","Underhanded Strike"],"picked":"Poisoned Stab","floor":42},{"not_picked":["Flying Knee+1","Dagger Throw+1"],"picked":"Acrobatics","floor":45},{"not_picked":["PiercingWail","Distraction"],"picked":"Bouncing Flask+1","floor":47},{"not_picked":["Backstab+1","Bane+1","Poison Darts"],"picked":"SKIP","floor":48},{"not_picked":["Sneak Up+1","Dodge and Roll+1","ReplayTheSpireMod:Tripwire"],"picked":"SKIP","floor":54}],"player_experience":42257,"relics_obtained":[{"floor":7.0,"key":"Replay:Bottled Snecko"},{"floor":9.0,"key":"Happy Flower"},{"floor":10.0,"key":"Strawberry"},{"floor":12.0,"key":"Bag of Marbles"},{"floor":23.0,"key":"Replay:Multitool"},{"floor":26.0,"key":"Letter Opener"},{"floor":27.0,"key":"Torii"},{"floor":29.0,"key":"Replay:Ringing Soul"},{"floor":32.0,"key":"MawBank"},{"floor":40,"key":"Replay:Bottled Flurry"},{"floor":40,"key":"ReplayTheSpireMod:Lightbulb"},{"floor":48,"key":"MealTicket"},{"floor":48,"key":"Ancient Tea Set"},{"floor":52,"key":"Bottled Tornado"},{"floor":54,"key":"Mummified Hand"},{"floor":54,"key":"HornCleat"}],"event_choices":[{"damage_healed":0.0,"max_hp_gain":0.0,"max_hp_loss":0.0,"gold_gain":0.0,"event_name":"Big Fish","player_choice":"Box","floor":3.0,"gold_loss":0.0,"damage_taken":0.0,"relics_obtained":["Snake Skull"],"cards_obtained":["Regret"]},{"damage_healed":0.0,"max_hp_gain":0.0,"max_hp_loss":0.0,"gold_gain":0.0,"event_name":"FaceTrader","player_choice":"Trade","floor":13.0,"gold_loss":0.0,"damage_taken":0.0,"relics_obtained":["FaceOfCleric"]},{"cards_removed":["Strike_G"],"damage_healed":0.0,"max_hp_gain":0.0,"max_hp_loss":0.0,"gold_gain":0.0,"event_name":"Purifier","player_choice":"Purged","floor":21.0,"gold_loss":0.0,"damage_taken":0.0},{"cards_removed":["Strike_G"],"damage_healed":0,"gold_gain":0,"player_choice":"Upgrade and Remove","damage_taken":0,"max_hp_gain":0,"max_hp_loss":0,"event_name":"Designer","floor":44,"gold_loss":90,"cards_upgraded":["Deadly Poison"]}],"is_beta":false,"boss_relics":[{"not_picked":["Replay:Ancient Bell","ReplayTheSpireMod:DimensionalGlitch"],"picked":"Replay:Bronze Core"},{"not_picked":["SacredBark","WristBlade"],"picked":"Black Star"}],"items_purged_floors":[4,20,36],"is_endless":false,"potions_floor_spawned":[8,10,14,16,23,24,27,28,31,35,40,42,48],"ascension_level":1}}