{"host":"sum4dy402bbv9y4o","time":1613596383,"event":{"mods":["Aspiration","BaseMod","Conspire","Highlight Path","Minty Spire (QoL Compilation)","StSLib"],"gold_per_floor":[117,117,136,136,152,152,185,203,253,7,25,25,41,56,56,133,133,148,63,73,83,83,83,83],"floor_reached":23,"language":"ENG","playtime":758,"items_purged":["conspire:GhostlyStrike"],"score":515,"play_id":"b7eee77e-17d3-4a96-8c63-d344fead26cd","local_time":"20210218001303","is_ascension_mode":true,"campfire_choices":[{"data":"SashWhip","floor":6,"key":"SMITH"},{"data":"MentalFortress","floor":12,"key":"SMITH"},{"data":"WheelKick","floor":15,"key":"SMITH"}],"circlet_count":0,"master_deck":["AscendersBane","conspire:GhostlyStrike","conspire:GhostlyStrike","conspire:GhostlyStrike","conspire:GhostlyDefend","conspire:GhostlyDefend","conspire:GhostlyDefend","conspire:GhostlyDefend","Eruption+1","Vigilance","MentalFortress+1","SashWhip+1","Indignation","FlyingSleeves","LikeWater","WheelKick+1","FlyingSleeves","BowlingBash","Wallop","EmptyBody","conspire:ExplosiveBarrier+1","Sword Boomerang","Anger","SashWhip+1"],"relics":["PureWater","aspiration:Nostalgia","Burning Blood","conspire:Dentures","Omamori","aspiration:IroncladSkillbook","Orichalcum"],"acts_visited":["Exordium","TheCity"],"potions_floor_usage":[7,8,11,18,23],"damage_taken":[{"damage":0,"enemies":"Jaw Worm","floor":1,"turns":6},{"damage":1,"enemies":"Cultist","floor":3,"turns":4},{"damage":0,"enemies":"2 Louse","floor":5,"turns":2},{"damage":25,"enemies":"Lagavulin","floor":7,"turns":4},{"damage":1,"enemies":"Blue Slaver","floor":8,"turns":4},{"damage":2,"enemies":"Exordium Thugs","floor":11,"turns":2},{"damage":0,"enemies":"3 Louse","floor":13,"turns":1},{"damage":1,"enemies":"Looter","floor":14,"turns":4},{"damage":0,"enemies":"Slime Boss","floor":16,"turns":5},{"damage":5,"enemies":"Spheric Guardian","floor":18,"turns":3},{"damage":20,"enemies":"2 Thieves","floor":20,"turns":3},{"damage":44,"enemies":"Centurion and Healer","floor":21,"turns":6},{"damage":31,"enemies":"Book of Stabbing","floor":23,"turns":5}],"seed_played":"-449072525131291354","potions_obtained":[{"floor":1,"key":"DistilledChaos"},{"floor":7,"key":"Weak Potion"},{"floor":8,"key":"FearPotion"},{"floor":16,"key":"StancePotion"},{"floor":21,"key":"PowerPotion"}],"is_trial":false,"path_per_floor":["M","?","M","?","M","R","E","M","T","$","M","R","M","M","R","B",null,"M","?","M","M","?","E"],"character_chosen":"WATCHER","items_purchased":["LikeWater","WheelKick","FlyingSleeves"],"campfire_rested":0,"item_purchase_floors":[10,10,10],"current_hp_per_floor":[67,67,68,68,68,68,49,54,54,54,58,58,64,68,68,68,68,68,68,58,24,24,0,0],"gold":83,"neow_bonus":"NOSTALGIA","is_daily":false,"chose_seed":false,"campfire_upgraded":3,"win_rate":0.0,"timestamp":1613596383,"path_taken":["M","?","?","?","M","R","E","M","T","$","M","R","M","M","R","BOSS","M","?","M","M","?","E"],"items_purchased_type":["Card","Card","Card"],"build_version":"2020-12-22","purchased_purges":1,"victory":false,"max_hp_per_floor":[68,68,68,68,68,68,68,68,68,68,68,68,68,68,68,68,68,68,68,68,68,68,68,68],"card_choices":[{"not_picked":["Worship","Prostrate"],"picked":"MentalFortress","floor":1},{"not_picked":["PathToVictory","Worship","Pray"],"picked":"SKIP","floor":3},{"not_picked":["JustLucky","FlyingSleeves"],"picked":"SashWhip","floor":5},{"not_picked":["Nirvana","SandsOfTime"],"picked":"Indignation","floor":7},{"not_picked":["ClearTheMind","Protect"],"picked":"FlyingSleeves","floor":8},{"not_picked":["Crescendo","Study"],"picked":"BowlingBash","floor":11},{"not_picked":["Fasting2","FlyingSleeves"],"picked":"Wallop","floor":13},{"not_picked":["Wallop","InnerPeace"],"picked":"EmptyBody","floor":14},{"not_picked":["Clash","BowlingBash","SashWhip"],"picked":"conspire:ExplosiveBarrier+1","floor":18},{"not_picked":["Indignation","Nirvana+1","Body Slam"],"picked":"Sword Boomerang","floor":20},{"not_picked":["Second Wind","Shrug It Off","Heavy Blade"],"picked":"Anger","floor":21}],"player_experience":3112276,"relics_obtained":[{"floor":7,"key":"conspire:Dentures"},{"floor":9,"key":"Omamori"}],"event_choices":[{"damage_healed":0,"gold_gain":0,"player_choice":"Forge","damage_taken":0,"max_hp_gain":0,"max_hp_loss":0,"event_name":"Accursed Blacksmith","floor":2,"gold_loss":0,"cards_upgraded":["Eruption"]},{"damage_healed":0,"gold_gain":0,"player_choice":"Agree","damage_taken":0,"max_hp_gain":0,"max_hp_loss":0,"event_name":"conspire:LoneGhost","floor":4,"gold_loss":0},{"damage_healed":0,"gold_gain":0,"player_choice":"Obtained Relic","damage_taken":0,"relics_obtained":["Orichalcum"],"max_hp_gain":0,"max_hp_loss":0,"event_name":"Addict","floor":19,"gold_loss":85},{"damage_healed":0,"gold_gain":0,"player_choice":"Copied","damage_taken":0,"max_hp_gain":0,"max_hp_loss":0,"event_name":"Duplicator","floor":22,"gold_loss":0,"cards_obtained":["SashWhip"]}],"is_beta":false,"boss_relics":[{"not_picked":["aspiration:RandomNobGenerator","Pandora\u0027s Box"],"picked":"aspiration:IroncladSkillbook"}],"items_purged_floors":[10],"is_endless":false,"potions_floor_spawned":[1,7,8,16,21],"killed_by":"Book of Stabbing","ascension_level":20}}