{"host":"8u7tvcybuv0u72fd","time":1613535505,"event":{"mods":["BaseMod","BetterRewards","Colored Map","Colored Powertips","Minty Spire (QoL Compilation)","Quick Restart","Shop Mod"],"gold_per_floor":[116,116,126,126,138,138,156,156,156,175,187,197,226,226,226,328,328,338,158,73,86,99,99,99,114,114,114,74,87,116,126,126,223,223,235,253,253,253,265,265,279,124,124,142,142,168,168,178,178,178,178,178,78,105,105],"floor_reached":56,"language":"ENG","playtime":2508,"items_purged":["Strike_R","Strike_R"],"score":1578,"play_id":"3b40b960-0a0e-4ec1-b1b5-5548827e802a","local_time":"20210216231825","is_ascension_mode":false,"campfire_choices":[{"data":"Bash","floor":6.0,"key":"SMITH"},{"data":"Shrug It Off","floor":8.0,"key":"SMITH"},{"data":"Juggernaut","floor":15.0,"key":"SMITH"},{"data":"Headbutt","floor":23.0,"key":"SMITH"},{"data":"Defend_R","floor":27.0,"key":"SMITH"},{"data":"Searing Blow+1","floor":32,"key":"SMITH"},{"data":"Searing Blow+2","floor":40,"key":"SMITH"},{"floor":45,"key":"RECALL"},{"data":"Searing Blow+3","floor":47,"key":"SMITH"},{"data":"Searing Blow+4","floor":49,"key":"SMITH"},{"data":"Searing Blow+5","floor":52,"key":"SMITH"}],"circlet_count":0,"master_deck":["Strike_R","Strike_R","Strike_R","Defend_R+1","Defend_R","Defend_R","Bash+1","Shrug It Off+1","Headbutt+1","Juggernaut+1","Body Slam+1","Iron Wave+1","Flex+1","Metallicize","Searing Blow+6","Impervious+1","Pommel Strike+1"],"relics":["Burning Blood","TheAbacus","StoneCalendar","Pear","Mummified Hand","Toxic Egg 2","White Beast Statue","Molten Egg 2","Busted Crown","Sling","Paper Frog","Nilry\u0027s Codex","Eternal Feather","Pen Nib","Sozu","ClockworkSouvenir","InkBottle","Meat on the Bone","Red Skull"],"acts_visited":["Exordium","TheCity","TheBeyond","TheEnding"],"potions_floor_usage":[55,55,55],"damage_taken":[{"damage":1.0,"enemies":"2 Louse","floor":1.0,"turns":3.0},{"damage":0.0,"enemies":"Cultist","floor":3.0,"turns":4.0},{"damage":6.0,"enemies":"Jaw Worm","floor":5.0,"turns":4.0},{"damage":5.0,"enemies":"Red Slaver","floor":7.0,"turns":6.0},{"damage":9.0,"enemies":"2 Fungi Beasts","floor":10.0,"turns":3.0},{"damage":0.0,"enemies":"Blue Slaver","floor":11.0,"turns":3.0},{"damage":0.0,"enemies":"Looter","floor":12.0,"turns":3.0},{"damage":14.0,"enemies":"Gremlin Nob","floor":13.0,"turns":5.0},{"damage":24.0,"enemies":"The Guardian","floor":16.0,"turns":9.0},{"damage":10.0,"enemies":"Spheric Guardian","floor":18.0,"turns":4.0},{"damage":0.0,"enemies":"3 Byrds","floor":21.0,"turns":4.0},{"damage":23.0,"enemies":"Shelled Parasite and Fungi","floor":22.0,"turns":3.0},{"damage":21.0,"enemies":"Snake Plant","floor":25.0,"turns":3.0},{"damage":0.0,"enemies":"Cultist and Chosen","floor":29.0,"turns":4.0},{"damage":4.0,"enemies":"Book of Stabbing","floor":30.0,"turns":3.0},{"damage":0.0,"enemies":"Snecko","floor":31.0,"turns":3.0},{"damage":61,"enemies":"Automaton","floor":33,"turns":8},{"damage":2,"enemies":"3 Shapes","floor":35,"turns":3},{"damage":5,"enemies":"Orb Walker","floor":36,"turns":2},{"damage":0,"enemies":"Jaw Worm Horde","floor":39,"turns":4},{"damage":9,"enemies":"Sphere and 2 Shapes","floor":41,"turns":4},{"damage":2,"enemies":"4 Shapes","floor":44,"turns":5},{"damage":0,"enemies":"Giant Head","floor":46,"turns":5},{"damage":7,"enemies":"Maw","floor":48,"turns":7},{"damage":46,"enemies":"Time Eater","floor":50,"turns":6},{"damage":28,"enemies":"Shield and Spear","floor":54,"turns":4},{"damage":74,"enemies":"The Heart","floor":55,"turns":9}],"seed_played":"-399287802422355156","potions_obtained":[{"floor":1.0,"key":"FearPotion"},{"floor":7.0,"key":"FearPotion"},{"floor":12.0,"key":"ElixirPotion"},{"floor":13.0,"key":"Swift Potion"},{"floor":18.0,"key":"PowerPotion"},{"floor":22.0,"key":"Regen Potion"},{"floor":25.0,"key":"CultistPotion"},{"floor":30.0,"key":"Regen Potion"}],"is_trial":false,"path_per_floor":["M","?","M","?","M","R","M","R","T","M","M","M","E","T","R","B",null,"M","$","?","M","M","R","?","M","T","R","$","M","E","M","R","B",null,"M","M","?","$","M","R","M","$","T","M","R","E","R","M","R","B",null,"R","$","E","B",null],"character_chosen":"IRONCLAD","items_purchased":["TheAbacus","Pear","Mummified Hand","Shrug It Off","Toxic Egg 2","Regen Potion","Sling","Iron Wave+1","Metallicize","ClockworkSouvenir"],"campfire_rested":0,"item_purchase_floors":[0,0,0,0,0,0,19,19,28,42],"current_hp_per_floor":[47,47,53,53,53,53,54,54,54,51,57,63,55,55,55,37,90,86,86,86,90,73,73,57,51,51,57,57,63,74,80,89,34,90,90,90,90,90,90,90,87,87,87,90,90,90,90,89,90,62,90,90,90,68,27],"gold":105,"neow_bonus":"","is_daily":false,"chose_seed":false,"campfire_upgraded":10,"win_rate":0.0,"timestamp":1613535505,"path_taken":["M","?","?","?","M","R","M","R","T","M","M","M","E","?","R","BOSS","M","$","?","M","M","R","?","M","T","R","?","M","E","M","R","BOSS","M","M","?","?","M","R","M","$","T","M","R","E","R","M","R","BOSS","R","$","E","BOSS"],"items_purchased_type":["Relic","Relic","Relic","Card","Relic","Potion","Relic","Card","Card","Relic"],"build_version":"2020-12-22","purchased_purges":2,"victory":true,"max_hp_per_floor":[90,90,90,90,90,90,90,90,90,90,90,90,90,90,90,90,90,90,90,90,90,90,90,90,90,90,90,90,90,90,90,90,90,90,90,90,90,90,90,90,90,90,90,90,90,90,90,90,90,90,90,90,90,90,90],"card_choices":[{"not_picked":["True Grit+1","Disarm+1","Sword Boomerang"],"picked":"SKIP","floor":1.0},{"not_picked":["Burning Pact+1","Sever Soul","Infernal Blade+1"],"picked":"SKIP","floor":3.0},{"not_picked":["Twin Strike","Fire Breathing","Reckless Charge"],"picked":"SKIP","floor":5.0},{"not_picked":["Ghostly Armor+1","Clash"],"picked":"Headbutt","floor":7.0},{"not_picked":["Wild Strike","Power Through+1","Armaments+1"],"picked":"SKIP","floor":10.0},{"not_picked":["Pommel Strike","Sword Boomerang","Clothesline"],"picked":"SKIP","floor":11.0},{"not_picked":["Shrug It Off+1","Wild Strike","Flex+1"],"picked":"SKIP","floor":12.0},{"not_picked":["Armaments+1","Inflame"],"picked":"Juggernaut","floor":13.0},{"not_picked":[],"picked":"Body Slam+1","floor":18.0},{"not_picked":[],"picked":"Flex+1","floor":21.0},{"not_picked":["Carnage+1"],"picked":"SKIP","floor":22.0},{"not_picked":["Flex+1"],"picked":"SKIP","floor":25.0},{"not_picked":[],"picked":"Searing Blow+1","floor":29.0},{"not_picked":["Corruption"],"picked":"SKIP","floor":30.0},{"not_picked":["Havoc+1"],"picked":"SKIP","floor":31.0},{"not_picked":[],"picked":"Impervious+1","floor":33},{"not_picked":["Clash+1"],"picked":"SKIP","floor":35},{"not_picked":["Clash+1"],"picked":"SKIP","floor":35},{"not_picked":["Iron Wave+1"],"picked":"SKIP","floor":36},{"not_picked":[],"picked":"Pommel Strike+1","floor":39},{"not_picked":["Heavy Blade+1"],"picked":"SKIP","floor":41},{"not_picked":["Cleave+1"],"picked":"SKIP","floor":44},{"not_picked":["Heavy Blade+1"],"picked":"SKIP","floor":46},{"not_picked":["Warcry+1"],"picked":"SKIP","floor":48},{"not_picked":["Cleave+1"],"picked":"SKIP","floor":54}],"player_experience":1521738,"relics_obtained":[{"floor":13.0,"key":"White Beast Statue"},{"floor":14.0,"key":"Molten Egg 2"},{"floor":24.0,"key":"Nilry\u0027s Codex"},{"floor":26.0,"key":"Eternal Feather"},{"floor":30.0,"key":"Pen Nib"},{"floor":43,"key":"InkBottle"},{"floor":46,"key":"Meat on the Bone"},{"floor":54,"key":"Red Skull"}],"event_choices":[{"cards_removed":["Defend_R"],"damage_healed":0.0,"max_hp_gain":0.0,"max_hp_loss":0.0,"gold_gain":0.0,"event_name":"Purifier","player_choice":"Purged","floor":2.0,"gold_loss":0.0,"damage_taken":0.0},{"damage_healed":0.0,"max_hp_gain":0.0,"max_hp_loss":0.0,"gold_gain":0.0,"event_name":"Liars Game","player_choice":"Ignored","floor":4.0,"gold_loss":0.0,"damage_taken":0.0},{"damage_healed":0.0,"max_hp_gain":0.0,"max_hp_loss":0.0,"gold_gain":0.0,"event_name":"Addict","player_choice":"Obtained Relic","floor":20.0,"gold_loss":85.0,"damage_taken":0.0,"relics_obtained":["Paper Frog"]},{"damage_healed":0.0,"max_hp_gain":0.0,"max_hp_loss":0.0,"gold_gain":0.0,"event_name":"Cursed Tome","player_choice":"Obtained Book","floor":24.0,"gold_loss":0.0,"damage_taken":16.0},{"damage_healed":0,"gold_gain":0,"player_choice":"Bought 0 Potions","damage_taken":0,"max_hp_gain":0,"max_hp_loss":0,"event_name":"The Woman in Blue","floor":37,"gold_loss":0}],"is_beta":false,"boss_relics":[{"not_picked":["Mark of Pain","Empty Cage"],"picked":"Busted Crown"},{"not_picked":["Fusion Hammer","Philosopher\u0027s Stone"],"picked":"Sozu"}],"items_purged_floors":[0,53],"is_endless":false,"potions_floor_spawned":[1,7,12,13,16,18,21,22,25,29,30,31,33,35,36,39,41,44,46,48,54],"ascension_level":0}}