{"host":"6406jj8da6015sxr","time":1613588376,"event":{"mods":["AchievementEnabler","BaseMod","Colored Map","DeckTracker","Keyboard Shortcuts","Minty Spire (QoL Compilation)","Permanent Neow","Relic Stats","SuperFastMode","everything is the same but u backflip on backflip"],"gold_per_floor":[368,60,60,72,147,147,178,178,178,178,178,178,210,227,227,329,329,345,333,40,40,52,87,87,87,87,51,82,82,82,92,92,188,188,202,50,67,85,85,118,118,118,118,168,195,195,212,224,224,224,224,224,29,59,59],"floor_reached":56,"language":"KOR","playtime":2919,"items_purged":["Strike_G","Defend_G"],"score":1786,"play_id":"ffc9206e-89bc-4e5b-8ea2-172cab5cf265","local_time":"20210218035936","is_ascension_mode":true,"campfire_choices":[{"floor":6.0,"key":"REST"},{"data":"Apotheosis","floor":8.0,"key":"SMITH"},{"floor":10.0,"key":"REST"},{"floor":15.0,"key":"REST"},{"floor":24.0,"key":"REST"},{"data":"Acrobatics","floor":32.0,"key":"SMITH"},{"floor":41.0,"key":"REST"},{"floor":49.0,"key":"RECALL"},{"floor":52.0,"key":"REST"}],"circlet_count":0,"master_deck":["AscendersBane","Defend_G","Survivor","Neutralize","Cloak And Dagger","Apotheosis+1","Noxious Fumes","Dodge and Roll","Noxious Fumes","Burst","Deflect+1","Venomology+1","Dodge and Roll+1","Acrobatics+1","Flying Knee+1","Dagger Spray","Venomology+1","Catalyst","Bouncing Flask","Writhe","Footwork","Escape Plan","Bouncing Flask+1","After Image","Footwork","Adrenaline","Acrobatics+1","Secret Technique"],"relics":["Ring of the Snake","Ice Cream","MealTicket","Ornamental Fan","Astrolabe","Orichalcum","Ancient Tea Set","Anchor","Juzu Bracelet","Bag of Preparation","Empty Cage","Art of War","Happy Flower","Mango","Omamori","Bottled Lightning"],"acts_visited":["Exordium","TheCity","TheBeyond","TheEnding"],"potions_floor_usage":[54,55,55,55,55,55],"damage_taken":[{"damage":5.0,"enemies":"Cultist","floor":1.0,"turns":4.0},{"damage":4.0,"enemies":"2 Louse","floor":4.0,"turns":3.0},{"damage":2.0,"enemies":"Lagavulin","floor":7.0,"turns":9.0},{"damage":17.0,"enemies":"3 Sentries","floor":13.0,"turns":7.0},{"damage":2.0,"enemies":"Small Slimes","floor":14.0,"turns":4.0},{"damage":28.0,"enemies":"The Guardian","floor":16.0,"turns":10.0},{"damage":14.0,"enemies":"3 Byrds","floor":18.0,"turns":5.0},{"damage":6.0,"enemies":"2 Thieves","floor":19.0,"turns":5.0},{"damage":13.0,"enemies":"Sentry and Sphere","floor":22.0,"turns":7.0},{"damage":28.0,"enemies":"Gremlin Leader","floor":23.0,"turns":8.0},{"damage":15.0,"enemies":"Book of Stabbing","floor":28.0,"turns":6.0},{"damage":0.0,"enemies":"Centurion and Healer","floor":31.0,"turns":5.0},{"damage":2.0,"enemies":"Collector","floor":33.0,"turns":6.0},{"damage":10.0,"enemies":"3 Darklings","floor":35.0,"turns":10.0},{"damage":6.0,"enemies":"Orb Walker","floor":37.0,"turns":6.0},{"damage":29.0,"enemies":"Jaw Worm Horde","floor":38.0,"turns":7.0},{"damage":6.0,"enemies":"Reptomancer","floor":40.0,"turns":8.0},{"damage":0.0,"enemies":"Mind Bloom Boss Battle","floor":44.0,"turns":6.0},{"damage":0.0,"enemies":"Nemesis","floor":45.0,"turns":7.0},{"damage":2.0,"enemies":"3 Darklings","floor":47.0,"turns":5.0},{"damage":7.0,"enemies":"4 Shapes","floor":48.0,"turns":5.0},{"damage":26.0,"enemies":"Time Eater","floor":50.0,"turns":6.0},{"damage":13,"enemies":"Shield and Spear","floor":54,"turns":6},{"damage":59,"enemies":"The Heart","floor":55,"turns":8}],"seed_played":"-701290930795253112","potions_obtained":[{"floor":4.0,"key":"Poison Potion"},{"floor":13.0,"key":"Regen Potion"},{"floor":16.0,"key":"Fruit Juice"},{"floor":18.0,"key":"BlessingOfTheForge"},{"floor":23.0,"key":"GhostInAJar"},{"floor":31.0,"key":"SkillPotion"},{"floor":37.0,"key":"Block Potion"},{"floor":40.0,"key":"LiquidMemories"},{"floor":45.0,"key":"GamblersBrew"}],"is_trial":false,"path_per_floor":["M","$","?","M","?","R","E","R","T","R","?","?","E","M","R","B",null,"M","M","$","?","M","E","R","?","T","$","E","$","?","M","R","B",null,"M","$","M","M","?","E","R","?","T","?","E","?","M","M","R","B",null,"R","$","E","B",null],"character_chosen":"THE_SILENT","items_purchased":["Apotheosis","Noxious Fumes","Dagger Spray","Orichalcum","Footwork","Art of War","Secret Technique"],"campfire_rested":6,"item_purchase_floors":[2,2,20,20,27,36,53],"current_hp_per_floor":[40,40,33,29,18,39,37,37,37,58,58,58,41,39,60,47,64,50,44,59,59,51,23,45,45,45,60,45,60,60,60,60,58,71,61,75,69,40,40,34,56,56,56,70,70,70,68,61,61,35,76,89,89,76,17],"gold":59,"neow_bonus":"TWO_FIFTY_GOLD","is_daily":false,"chose_seed":false,"campfire_upgraded":2,"win_rate":0.0,"timestamp":1613588376,"path_taken":["M","$","?","M","?","R","E","R","T","R","?","?","E","M","R","BOSS","M","M","?","?","?","E","R","?","T","$","E","$","?","M","R","BOSS","M","$","M","M","?","E","R","?","T","?","E","?","M","M","R","BOSS","R","$","E","BOSS"],"items_purchased_type":["Card","Card","Card","Relic","Card","Relic","Card"],"build_version":"2020-12-22","purchased_purges":2,"victory":true,"max_hp_per_floor":[70,70,70,70,70,70,70,70,70,70,70,70,70,70,70,70,70,70,70,70,70,75,75,75,75,75,75,75,75,75,75,75,75,75,75,75,75,75,75,75,75,75,75,89,89,89,89,89,89,89,89,89,89,89,89],"relic_stats":{"Happy Flower":[14],"counters":[24,153],"Ornamental Fan":[80],"Astrolabe":["Deflect","Venomology","Dodge and Roll"],"MealTicket":59,"Juzu Bracelet":1,"Bag of Preparation":[26],"Art of War":[20],"Orichalcum":[66],"obtain_stats":[{"Ice Cream":7,"Happy Flower":40,"Astrolabe":17,"Mango":44,"Juzu Bracelet":26,"Bag of Preparation":28,"Omamori":45,"Orichalcum":20,"Ancient Tea Set":23,"Empty Cage":34,"Anchor":25,"Ornamental Fan":13,"MealTicket":9,"Art of War":36,"Bottled Lightning":54,"Ring of the Snake":0},{"Ice Cream":3,"Happy Flower":17,"Astrolabe":6,"Mango":18,"Juzu Bracelet":10,"Bag of Preparation":11,"Omamori":19,"Orichalcum":8,"Ancient Tea Set":10,"Empty Cage":13,"Anchor":10,"Ornamental Fan":4,"MealTicket":3,"Art of War":14,"Bottled Lightning":23,"Ring of the Snake":0},{"Ice Cream":16,"Happy Flower":110,"Astrolabe":37,"Mango":116,"Juzu Bracelet":62,"Bag of Preparation":68,"Omamori":123,"Orichalcum":47,"Ancient Tea Set":62,"Empty Cage":79,"Anchor":62,"Ornamental Fan":23,"MealTicket":16,"Art of War":89,"Bottled Lightning":145,"Ring of the Snake":0}],"Ring of the Snake":[48]},"card_choices":[{"not_picked":["Outmaneuver","Deadly Poison"],"picked":"Cloak And Dagger","floor":1.0},{"not_picked":["Sucker Punch","Endless Agony"],"picked":"Dodge and Roll","floor":4.0},{"not_picked":["Footwork","Flying Knee"],"picked":"Noxious Fumes","floor":7.0},{"not_picked":["A Thousand Cuts","Heel Hook"],"picked":"Terror","floor":13.0},{"not_picked":["Distraction","Deflect","Eviscerate"],"picked":"SKIP","floor":14.0},{"not_picked":["Unload","Corpse Explosion"],"picked":"Burst","floor":16.0},{"not_picked":["Outmaneuver+1","Tactician+1"],"picked":"Acrobatics","floor":18.0},{"not_picked":["Acrobatics","Backstab"],"picked":"Flying Knee+1","floor":19.0},{"not_picked":["Bouncing Flask","Underhanded Strike"],"picked":"Catalyst","floor":22.0},{"not_picked":["A Thousand Cuts","Acrobatics"],"picked":"Bouncing Flask","floor":23.0},{"not_picked":["Blade Dance+1","Accuracy+1"],"picked":"Escape Plan","floor":28.0},{"not_picked":["Deadly Poison","Poisoned Stab"],"picked":"Bouncing Flask+1","floor":31.0},{"not_picked":["Grand Finale","Glass Knife"],"picked":"After Image","floor":33.0},{"not_picked":["Blade Dance+1","Bane+1","Endless Agony"],"picked":"SKIP","floor":35.0},{"not_picked":["Terror","Backstab","Poisoned Stab+1"],"picked":"SKIP","floor":37.0},{"not_picked":["Eviscerate+1","Finisher+1","Riddle With Holes"],"picked":"SKIP","floor":38.0},{"not_picked":["Bane","Dagger Spray+1","Outmaneuver+1"],"picked":"SKIP","floor":40.0},{"not_picked":["Bane","Accuracy"],"picked":"Footwork","floor":44.0},{"not_picked":["Prepared","Dagger Throw"],"picked":"Adrenaline","floor":45.0},{"not_picked":["Poisoned Stab+1","Noxious Fumes"],"picked":"Acrobatics+1","floor":47.0},{"not_picked":["Cloak And Dagger","Terror","Distraction"],"picked":"SKIP","floor":48.0},{"not_picked":["Dodge and Roll","Bane+1","Crippling Poison"],"picked":"SKIP","floor":54}],"player_experience":43080,"relics_obtained":[{"floor":7.0,"key":"Ice Cream"},{"floor":9.0,"key":"MealTicket"},{"floor":13.0,"key":"Ornamental Fan"},{"floor":23.0,"key":"Ancient Tea Set"},{"floor":26.0,"key":"Juzu Bracelet"},{"floor":28.0,"key":"Bag of Preparation"},{"floor":40.0,"key":"Happy Flower"},{"floor":44.0,"key":"Mango"},{"floor":45.0,"key":"Omamori"},{"floor":54,"key":"Bottled Lightning"}],"event_choices":[{"cards_removed":["Defend_G"],"damage_healed":0.0,"max_hp_gain":0.0,"max_hp_loss":0.0,"gold_gain":0.0,"event_name":"Golden Wing","player_choice":"Card Removal","floor":3.0,"gold_loss":0.0,"damage_taken":7.0},{"damage_healed":0.0,"max_hp_gain":0.0,"max_hp_loss":0.0,"gold_gain":75.0,"event_name":"World of Goop","player_choice":"Gather Gold","floor":5.0,"gold_loss":0.0,"damage_taken":11.0},{"damage_healed":0.0,"max_hp_gain":0.0,"max_hp_loss":0.0,"gold_gain":0.0,"event_name":"Liars Game","player_choice":"Ignored","floor":11.0,"gold_loss":0.0,"damage_taken":0.0},{"cards_removed":["Defend_G"],"damage_healed":0.0,"max_hp_gain":0.0,"max_hp_loss":0.0,"gold_gain":0.0,"event_name":"Purifier","player_choice":"Purged","floor":12.0,"gold_loss":0.0,"damage_taken":0.0},{"damage_healed":0.0,"max_hp_gain":0.0,"max_hp_loss":0.0,"gold_gain":0.0,"event_name":"Duplicator","player_choice":"Copied","floor":21.0,"gold_loss":0.0,"damage_taken":0.0,"cards_obtained":["Venomology"]},{"damage_healed":0.0,"max_hp_gain":0.0,"max_hp_loss":0.0,"gold_gain":0.0,"event_name":"The Mausoleum","player_choice":"Opened","floor":25.0,"gold_loss":0.0,"damage_taken":0.0,"relics_obtained":["Anchor"],"cards_obtained":["Writhe"]},{"damage_healed":0.0,"max_hp_gain":0.0,"max_hp_loss":0.0,"gold_gain":0.0,"event_name":"SensoryStone","player_choice":"Memory 1","floor":39.0,"gold_loss":0.0,"damage_taken":0.0},{"cards_removed":["Terror"],"damage_healed":0.0,"max_hp_gain":0.0,"max_hp_loss":0.0,"gold_gain":0.0,"event_name":"Falling","player_choice":"Removed Skill","floor":42.0,"gold_loss":0.0,"damage_taken":0.0},{"damage_healed":0.0,"max_hp_gain":0.0,"max_hp_loss":0.0,"gold_gain":0.0,"event_name":"MindBloom","player_choice":"Fight","floor":44.0,"gold_loss":0.0,"damage_taken":0.0},{"damage_healed":0.0,"max_hp_gain":0.0,"max_hp_loss":0.0,"gold_gain":0.0,"event_name":"Tomb of Lord Red Mask","player_choice":"Ignored","floor":46.0,"gold_loss":0.0,"damage_taken":0.0}],"is_beta":false,"boss_relics":[{"not_picked":["Calling Bell","Tiny House"],"picked":"Astrolabe"},{"not_picked":["HoveringKite","Cursed Key"],"picked":"Empty Cage"}],"items_purged_floors":[2,20],"is_endless":false,"potions_floor_spawned":[4,13,16,18,23,31,37,40,44,45],"ascension_level":10}}