{"host":"b0l902yh1rk3g5bq","time":1613601036,"event":{"mods":["AchievementEnabler","Act Like it!","Aspiration","BaseMod","Better Match","Better Sensory Stone","Better Skull","Better Third Choice","BetterRewards","Challenge The Spire","Colored Map","Colored Powertips","Conspire","Downfall","Energized Spire","GifTheSpireLib","Halation","Hubris","Infinite Spire","Minty Spire (QoL Compilation)","Quick Restart","Rare Cards Sparkle","Reliquary","Replay The Spire","StSLib","Stuff the Spire","Trackpad","Virulent Crown","Wandering Minibosses","egg","everything is the same but u backflip on backflip"],"gold_per_floor":[111,111,111,122,122,148,179,205,253,286,321,354,380,407,407,507,507,519,519,519,125,40,69,69,103,103,132,132,163,190,217,217,313,313,343,352,361,234,275,326,394,479,479,555,555,645,741,857,857,871],"floor_reached":51,"language":"ENG","playtime":2316,"items_purged":["Leap","Chill","Barrage"],"score":1724,"play_id":"2eb9f3df-4e51-4022-a085-e4f9c95fbe91","local_time":"20210217233036","daily_mods":["Draft","Heirloom","Flight","DeadlyEvents","Elite Swarm"],"is_ascension_mode":true,"campfire_choices":[{"data":"Echo Form","floor":15,"key":"SMITH"},{"data":"Scrape","floor":24,"key":"SMITH"},{"data":"Coolheaded","floor":28,"key":"SMITH"},{"data":"infinitespire:Gouge","floor":32,"key":"SMITH"},{"data":"Machine Learning","floor":45,"key":"SMITH"},{"data":"Madness","floor":49,"key":"SMITH"}],"circlet_count":0,"master_deck":["Conserve Battery","Cold Snap","Genetic Algorithm","Conserve Battery","Gash","Cold Snap","Coolheaded+1","Gash","Leap","Chill+1","Conserve Battery+1","Sweeping Beam+1","Gash","Rip and Tear","Core Surge","Electrodynamics","Echo Form+1","Machine Learning+1","Scrape+1","infinitespire:Gouge+1","Madness+1","infinitespire:Execution","Finesse","Disarm","Berserk+1"],"relics":["Cracked Core","trackpad:ZombieHeart","Carrot","aspiration:HatOfInfinitePower","MealTicket","ReplayFunnel","StuffTheSpire:GrapeVine","Pondfish Scales","reliquary:PorcupineQuills","reliquary:TatteredRug","Prayer Wheel","trackpad:Mousetrap","hubris:ScarierMask","bronze:DonusWashers","ReplayTheSpireMod:TigerMarble","hexamod:CandleOfCauterizing","aspiration:HiddenCompartment","CeramicFish","Gremlin Food","Matryoshka","Smiling Mask","Ice Cream","Frozen Egg 2","infinitespire:Joker Card","infinitespire:EvilPickle","trackpad:Compendium","aspiration:IroncladSkillbook","Replay:Bandana","trackpad:CultistFigurine","Gambling Chip","Guardian:PocketSentry","trackpad:WritersBlock","StuffTheSpire:MayFlowers","StuffTheSpire:RubySignet","halation:PromiseList"],"acts_visited":["Exordium","TheCity","TheBeyond"],"potions_floor_usage":[50,50,50],"damage_taken":[{"damage":0,"enemies":"Jaw Worm","floor":1,"turns":3},{"damage":2,"enemies":"2 Louse","floor":4,"turns":1},{"damage":1,"enemies":"3 Sentries","floor":6,"turns":7},{"damage":1,"enemies":"Lagavulin","floor":7,"turns":5},{"damage":0,"enemies":"Gremlin Nob","floor":8,"turns":3},{"damage":0,"enemies":"3 Sentries","floor":10,"turns":4},{"damage":0,"enemies":"Lagavulin","floor":11,"turns":5},{"damage":0,"enemies":"3 Sentries","floor":12,"turns":3},{"damage":1,"enemies":"Lagavulin","floor":13,"turns":5},{"damage":0,"enemies":"3 Sentries","floor":14,"turns":5},{"damage":15,"enemies":"The Guardian","floor":16,"turns":8},{"damage":0,"enemies":"Spheric Guardian","floor":18,"turns":2},{"damage":1,"enemies":"Slavers","floor":23,"turns":3},{"damage":0,"enemies":"Book of Stabbing","floor":25,"turns":5},{"damage":1,"enemies":"conspire:SneckoGhost","floor":27,"turns":4},{"damage":0,"enemies":"Slavers","floor":29,"turns":2},{"damage":0,"enemies":"Replay:Snechameleon","floor":30,"turns":4},{"damage":1,"enemies":"Gremlin Leader","floor":31,"turns":4},{"damage":3,"enemies":"Pondfish","floor":33,"turns":7},{"damage":4,"enemies":"3 Darklings","floor":35,"turns":3},{"damage":1,"enemies":"Orb Walker","floor":39,"turns":2},{"damage":3,"enemies":"R_Hoarder","floor":40,"turns":5},{"damage":0,"enemies":"Nemesis","floor":41,"turns":5},{"damage":8,"enemies":"R_Hoarder","floor":42,"turns":5},{"damage":39,"enemies":"Nemesis","floor":44,"turns":5},{"damage":1,"enemies":"R_Hoarder","floor":46,"turns":3},{"damage":1,"enemies":"Nemesis","floor":47,"turns":5},{"damage":1,"enemies":"Giant Head","floor":48,"turns":4},{"damage":0,"enemies":"Awakened One","floor":50,"turns":6}],"seed_played":"4087362336579139677","potions_obtained":[{"floor":6,"key":"ColorlessPotion"},{"floor":7,"key":"Slimebound:ThreeZeroPotion"},{"floor":11,"key":"FocusPotion"},{"floor":18,"key":"CultistPotion"}],"is_trial":true,"path_per_floor":["M","?","?","M","?","E","E","E","T","E","E","E","E","E","R","B",null,"M","AVR","?","$","?","E","R","E","T","E","R","E","E","E","R","B",null,"M","?","AVR","$","M","E","E","E","T","E","R","E","E","E","R","B",null],"character_chosen":"DEFECT","items_purchased":["ReplayTheSpireMod:TigerMarble","hexamod:CandleOfCauterizing","Finesse"],"campfire_rested":0,"item_purchase_floors":[21,21,38],"current_hp_per_floor":[76,76,76,76,76,78,78,79,79,82,83,86,86,89,89,75,95,96,96,96,96,96,97,97,98,98,98,98,100,101,101,101,102,108,108,108,108,112,113,114,115,112,112,86,86,90,94,98,98,115],"gold":871,"neow_bonus":"","is_daily":false,"chose_seed":false,"campfire_upgraded":6,"win_rate":0.0,"timestamp":1613601036,"path_taken":["M","?","?","?","?","E","E","E","T","E","E","E","E","E","R","BOSS","M","AVR","?","$","?","E","R","E","T","E","R","E","E","E","R","BOSS","M","?","AVR","$","?","E","E","E","T","E","R","E","?","E","R","BOSS"],"items_purchased_type":["Relic","Relic","Card"],"build_version":"2020-12-22","purchased_purges":3,"victory":true,"max_hp_per_floor":[76,76,76,78,78,81,82,83,83,86,87,90,91,94,94,95,95,96,96,96,96,96,98,98,99,99,100,100,102,103,104,104,108,108,112,112,112,112,113,114,115,116,116,117,117,118,119,120,120,124],"card_choices":[{"not_picked":["Stack","StuffTheSpire:CleanHardDrive"],"picked":"Conserve Battery","floor":0},{"not_picked":["conspire:SharedLibrary","FIFO Queue"],"picked":"Cold Snap","floor":0},{"not_picked":["Storm","Barrage"],"picked":"Genetic Algorithm","floor":0},{"not_picked":["Rebound","ReplayTheSpireMod:System Scan"],"picked":"Conserve Battery","floor":0},{"not_picked":["Stack","ReplayTheSpireMod:Calculation Training"],"picked":"Barrage","floor":0},{"not_picked":["Panic Button","Cold Snap"],"picked":"Gash","floor":0},{"not_picked":["Go for the Eyes","ReplaySort"],"picked":"Cold Snap","floor":0},{"not_picked":["StuffTheSpire:NuclearReactor","StuffTheSpire:LoadUp"],"picked":"Coolheaded","floor":0},{"not_picked":["Steam","Panic Button"],"picked":"Gash","floor":0},{"not_picked":["Doom and Gloom","ReplayTheSpireMod:System Scan"],"picked":"Leap","floor":0},{"not_picked":["Hello World","ReplayTheSpireMod:Calculation Training"],"picked":"Leap","floor":0},{"not_picked":["StuffTheSpire:GlassShard","StuffTheSpire:LoadUp"],"picked":"Chill","floor":0},{"not_picked":["Consume","BasicCrystalCard"],"picked":"Chill","floor":0},{"not_picked":["Hologram","Streamline"],"picked":"Conserve Battery","floor":0},{"not_picked":["StuffTheSpire:SnapShoot","BasicCrystalCard"],"picked":"Sweeping Beam","floor":0},{"not_picked":["Redo","Hologram"],"picked":"Gash","floor":1},{"not_picked":["Stack","Steam"],"picked":"Rip and Tear","floor":4},{"not_picked":["hubris:SpecializedCircuitry","Thunder Strike"],"picked":"Core Surge","floor":6},{"not_picked":["Thunder Strike","Reboot"],"picked":"Electrodynamics","floor":7},{"not_picked":["Biased Cognition","Reboot","StuffTheSpire:EventHorizon"],"picked":"SKIP","floor":8},{"not_picked":["StuffTheSpire:EventHorizon","Biased Cognition"],"picked":"ReplayTheSpireMod:Fabricate Wheel","floor":10},{"not_picked":["StuffTheSpire:EventHorizon","Core Surge","Creative AI"],"picked":"SKIP","floor":11},{"not_picked":["StuffTheSpire:EventHorizon","hubris:Prefetch","hubris:SpecializedCircuitry"],"picked":"SKIP","floor":12},{"not_picked":["Electrodynamics","Rainbow"],"picked":"Echo Form","floor":13},{"not_picked":["Mirror Shield","Hyperbeam","ReplayTheSpireMod:Fabricate Wheel"],"picked":"SKIP","floor":14},{"not_picked":["hubris:SpecializedCircuitry","StuffTheSpire:Purify"],"picked":"Machine Learning","floor":16},{"not_picked":["Steam","Ball Lightning"],"picked":"Scrape","floor":18},{"not_picked":["Turbo","Genetic Algorithm","Ball Lightning+1"],"picked":"SKIP","floor":18},{"not_picked":["StuffTheSpire:EventHorizon","Thunder Strike","StuffTheSpire:Purify"],"picked":"SKIP","floor":23},{"not_picked":["Creative AI","ReplayTheSpireMod:Fabricate Wheel","Rainbow"],"picked":"SKIP","floor":25},{"not_picked":["Machine Learning","ReplayRNGCard","ReplayTheSpireMod:Omega Cannon"],"picked":"SKIP","floor":27},{"not_picked":["Rainbow","hubris:SpecializedCircuitry","Amplify"],"picked":"SKIP","floor":29},{"not_picked":["Electrodynamics+1","hubris:Prefetch","StuffTheSpire:EventHorizon"],"picked":"SKIP","floor":30},{"not_picked":["ReplayTheSpireMod:Fabricate Wheel","Electrodynamics+1","hubris:DoWhile"],"picked":"SKIP","floor":31},{"not_picked":["Panic Button+1","Go for the Eyes","ReplaySolidLightProjector+1"],"picked":"SKIP","floor":35},{"not_picked":["ReplayTheSpireMod:Reroute Power+1","Compile Driver","Consume+1"],"picked":"SKIP","floor":35},{"not_picked":["Replay:Parry","Midas Touch"],"picked":"Madness","floor":36},{"not_picked":["Conserve Battery+1","Reinforced Body+1","Intimidate+1"],"picked":"Disarm","floor":39},{"not_picked":["Chill","hubris:CleavingFinish","Streamline+1","ReplayTheSpireMod:LeadingStrike+1"],"picked":"SKIP","floor":39},{"not_picked":["Exhume","Rainbow","Eclipse","Multi-Cast"],"picked":"SKIP","floor":40},{"not_picked":["Core Surge","StuffTheSpire:EventHorizon","Biased Cognition+1","hubris:SpecializedCircuitry+1"],"picked":"SKIP","floor":41},{"not_picked":["Seek","Fiend Fire","Bludgeon","Buffer+1"],"picked":"SKIP","floor":42},{"not_picked":["Eclipse","Mirror Shield","Bludgeon","conspire:HitWhereItHurts"],"picked":"SKIP","floor":44},{"not_picked":["Rainbow","Machine Learning+1","Brutality+1","hubris:StunningStrike"],"picked":"SKIP","floor":46},{"not_picked":["ReplayRNGCard","conspire:HitWhereItHurts","Fission","Corruption+1"],"picked":"SKIP","floor":47},{"not_picked":["ReplayRNGCard","conspire:HitWhereItHurts","Fission","Corruption+1"],"picked":"SKIP","floor":47},{"not_picked":["Rainbow","Replay:Many Hands","All For One"],"picked":"Berserk+1","floor":48}],"player_experience":706971,"relics_obtained":[{"floor":6,"key":"Carrot"},{"floor":7,"key":"aspiration:HatOfInfinitePower"},{"floor":8,"key":"MealTicket"},{"floor":9,"key":"ReplayFunnel"},{"floor":10,"key":"StuffTheSpire:GrapeVine"},{"floor":11,"key":"Pondfish Scales"},{"floor":12,"key":"reliquary:PorcupineQuills"},{"floor":13,"key":"reliquary:TatteredRug"},{"floor":14,"key":"trackpad:Mousetrap"},{"floor":23,"key":"CeramicFish"},{"floor":25,"key":"Gremlin Food"},{"floor":26,"key":"Matryoshka"},{"floor":27,"key":"Smiling Mask"},{"floor":29,"key":"Ice Cream"},{"floor":30,"key":"Frozen Egg 2"},{"floor":31,"key":"infinitespire:Joker Card"},{"floor":40,"key":"Replay:Bandana"},{"floor":41,"key":"trackpad:CultistFigurine"},{"floor":42,"key":"Gambling Chip"},{"floor":43,"key":"Guardian:PocketSentry"},{"floor":43,"key":"trackpad:WritersBlock"},{"floor":44,"key":"StuffTheSpire:MayFlowers"},{"floor":46,"key":"StuffTheSpire:RubySignet"},{"floor":47,"key":"halation:PromiseList"}],"event_choices":[{"damage_healed":0,"gold_gain":0,"player_choice":"Upgraded","damage_taken":0,"max_hp_gain":0,"max_hp_loss":0,"event_name":"Upgrade Shrine","floor":3,"gold_loss":0,"cards_upgraded":["Sweeping Beam"]},{"damage_healed":0,"gold_gain":0,"player_choice":"Obtained Relic","damage_taken":0,"relics_obtained":["aspiration:HiddenCompartment"],"max_hp_gain":0,"max_hp_loss":0,"event_name":"Addict","floor":22,"gold_loss":85},{"damage_healed":0,"gold_gain":3,"player_choice":"1","damage_taken":0,"max_hp_gain":0,"max_hp_loss":0,"event_name":"betterStone:BetterStone","floor":36,"gold_loss":0}],"is_beta":false,"boss_relics":[{"not_picked":["ReplayTheSpireMod:DimensionalGlitch","Tiny House"],"picked":"hubris:ScarierMask"},{"not_picked":["ChewingGum","aspiration:RunicSpoon","Painkiller Herb"]}],"items_purged_floors":[19,37,38],"is_endless":false,"potions_floor_spawned":[6,7,11,12,14,16,18,30,31,33,35,40,47,48],"ascension_level":1}}