{"host":"5ffrjkuvgrxgllwx","time":1613592339,"event":{"mods":["AchievementEnabler","BaseMod","Colored Map","Colored Powertips","Minty Spire (QoL Compilation)","Quick Restart","Rare Cards Sparkle","StSLib","everything is the same but u backflip on backflip"],"gold_per_floor":[114,84,95,95,108,108,183,183,238,238,163,176,176,176,176,252,252,271,281,45,95,95,95,112,56,56,56,56,56,56,56],"floor_reached":30,"language":"ENG","playtime":837,"items_purged":[],"score":396,"play_id":"21a58d77-2e61-4ac7-946b-108b3db068b6","local_time":"20210217150539","is_ascension_mode":true,"campfire_choices":[{"data":"Eruption","floor":6.0,"key":"SMITH"},{"floor":8.0,"key":"REST"},{"data":"Wallop","floor":10.0,"key":"SMITH"},{"floor":15.0,"key":"REST"},{"floor":23,"key":"REST"}],"circlet_count":0,"master_deck":["AscendersBane","Defend_P+1","Defend_P+1","Defend_P+1","Defend_P+1","Eruption+1","Vigilance+1","Brilliance+1","Prostrate","Wallop+1","Prostrate+1","Worship","ConjureBlade","SashWhip+1","Devotion+1","WaveOfTheHand+1","Pray+1","Tantrum","Mayhem"],"relics":["PureWater","Juzu Bracelet","Mercury Hourglass","Astrolabe","StrikeDummy"],"acts_visited":["Exordium","TheCity"],"potions_floor_usage":[24,30],"damage_taken":[{"damage":3.0,"enemies":"2 Louse","floor":1.0,"turns":2.0},{"damage":0.0,"enemies":"Cultist","floor":3.0,"turns":3.0},{"damage":3.0,"enemies":"Small Slimes","floor":5.0,"turns":3.0},{"damage":0.0,"enemies":"2 Fungi Beasts","floor":12.0,"turns":2.0},{"damage":9.0,"enemies":"Slime Boss","floor":16.0,"turns":7.0},{"damage":6.0,"enemies":"2 Thieves","floor":18.0,"turns":4.0},{"damage":38,"enemies":"Chosen","floor":19,"turns":6},{"damage":18,"enemies":"Snake Plant","floor":24,"turns":4},{"damage":28,"enemies":"Chosen and Byrds","floor":30,"turns":3}],"seed_played":"-2016304972176133958","potions_obtained":[{"floor":2.0,"key":"EssenceOfSteel"},{"floor":2.0,"key":"PowerPotion"},{"floor":5.0,"key":"DistilledChaos"},{"floor":12.0,"key":"Fire Potion"},{"floor":19,"key":"ColorlessPotion"}],"is_trial":false,"path_per_floor":["M","?","M","?","M","R","?","R","T","R","?","M","?","?","R","B",null,"M","M","$","?","?","R","M","$","T","?","?","?","M"],"character_chosen":"WATCHER","items_purchased":["Tantrum","Mayhem","ColorlessPotion"],"campfire_rested":3,"item_purchase_floors":[20,20,25],"current_hp_per_floor":[58,58,58,58,55,55,44,64,64,64,64,64,53,33,53,44,62,56,18,18,18,18,38,20,20,20,20,20,20,0,0],"gold":56,"neow_bonus":"ONE_RANDOM_RARE_CARD","is_daily":false,"chose_seed":false,"campfire_upgraded":2,"win_rate":0.0,"timestamp":1613592339,"path_taken":["M","?","?","?","M","R","?","R","T","R","?","M","?","?","R","BOSS","M","M","$","?","?","R","M","?","T","?","?","?","M"],"items_purchased_type":["Card","Card","Potion"],"build_version":"2020-12-22","purchased_purges":0,"victory":false,"max_hp_per_floor":[68,68,68,68,68,68,68,68,68,68,68,68,68,68,68,68,68,68,68,68,68,68,68,68,68,68,68,68,68,68,68],"card_choices":[{"not_picked":["CutThroughFate","Nirvana"],"picked":"Prostrate","floor":1.0},{"not_picked":["ClearTheMind","CutThroughFate"],"picked":"Wallop","floor":3.0},{"not_picked":["FlurryOfBlows","SpiritShield"],"picked":"Prostrate","floor":5.0},{"not_picked":["SashWhip","WreathOfFlame"],"picked":"Worship","floor":12.0},{"not_picked":["Vault","Establishment"],"picked":"ConjureBlade","floor":16.0},{"not_picked":["Collect","EmptyFist"],"picked":"Pray+1","floor":18.0},{"not_picked":["SashWhip","JustLucky","EmptyFist"],"picked":"SKIP","floor":19},{"not_picked":["ClearTheMind","CutThroughFate","Evaluate"],"picked":"SKIP","floor":24}],"player_experience":1397819,"relics_obtained":[{"floor":9.0,"key":"Juzu Bracelet"},{"floor":26,"key":"StrikeDummy"}],"event_choices":[{"damage_healed":0.0,"max_hp_gain":0.0,"max_hp_loss":0.0,"gold_gain":0.0,"event_name":"The Woman in Blue","player_choice":"Bought 2 Potions","floor":2.0,"gold_loss":0.0,"damage_taken":0.0},{"damage_healed":0.0,"max_hp_gain":0.0,"max_hp_loss":0.0,"gold_gain":0.0,"event_name":"Living Wall","player_choice":"Grow","floor":4.0,"gold_loss":0.0,"damage_taken":0.0,"cards_upgraded":["Brilliance"]},{"damage_healed":0.0,"max_hp_gain":0.0,"max_hp_loss":0.0,"gold_gain":75.0,"event_name":"World of Goop","player_choice":"Gather Gold","floor":7.0,"gold_loss":0.0,"damage_taken":11.0},{"cards_removed":["Strike_P"],"damage_healed":0.0,"max_hp_gain":0.0,"max_hp_loss":0.0,"gold_gain":0.0,"event_name":"The Cleric","player_choice":"Card Removal","floor":11.0,"gold_loss":75.0,"damage_taken":0.0},{"damage_healed":0.0,"max_hp_gain":0.0,"max_hp_loss":0.0,"gold_gain":0.0,"event_name":"Scrap Ooze","player_choice":"Success","floor":13.0,"gold_loss":0.0,"damage_taken":11.0,"relics_obtained":["Mercury Hourglass"]},{"damage_healed":0.0,"max_hp_gain":0.0,"max_hp_loss":0.0,"gold_gain":0.0,"event_name":"Shining Light","player_choice":"Entered Light","floor":14.0,"gold_loss":0.0,"damage_taken":20.0,"cards_upgraded":["Vigilance","Prostrate"]},{"damage_healed":0,"gold_gain":50,"player_choice":"Stole From Cult","damage_taken":0,"max_hp_gain":0,"max_hp_loss":0,"event_name":"Nest","floor":21,"gold_loss":0},{"damage_healed":0,"gold_gain":0,"player_choice":"Ignored","damage_taken":0,"max_hp_gain":0,"max_hp_loss":0,"event_name":"Ghosts","floor":22,"gold_loss":0},{"damage_healed":0,"gold_gain":0,"player_choice":"Smashed Altar","damage_taken":0,"max_hp_gain":0,"max_hp_loss":0,"event_name":"Forgotten Altar","floor":27,"gold_loss":0,"cards_obtained":["Decay"]},{"cards_removed":["Decay"],"damage_healed":0,"gold_gain":0,"player_choice":"Purged","damage_taken":0,"max_hp_gain":0,"max_hp_loss":0,"event_name":"Purifier","floor":28,"gold_loss":0},{"damage_healed":0,"gold_gain":0,"player_choice":"Simplicity","damage_taken":0,"max_hp_gain":0,"max_hp_loss":0,"event_name":"Back to Basics","floor":29,"gold_loss":0,"cards_upgraded":["Defend_P","Defend_P","Defend_P","Defend_P"]}],"is_beta":false,"boss_relics":[{"not_picked":["Runic Pyramid","SacredBark"],"picked":"Astrolabe"}],"items_purged_floors":[],"is_endless":false,"potions_floor_spawned":[5,12,19],"killed_by":"Chosen and Byrds","ascension_level":17}}