{"host":"3geh3yhkfzzmefye","time":1613557854,"event":{"mods":["BaseMod","Beaked The Cultist","Conspire","Downfall","Friendly Minions","Hubris","Koishi","Minty Spire (QoL Compilation)","Replay The Spire","StSLib","The Construct","The Cursed"],"gold_per_floor":[99,116,26,39,39,24,24,24,24,24],"floor_reached":8,"language":"ENG","playtime":732,"items_purged":[],"score":44,"play_id":"38034a63-d45a-4a2d-9f8f-7ba168ab64ae","local_time":"20210217113054","is_ascension_mode":false,"campfire_choices":[{"data":"bronze:Replicate","floor":1,"key":"SMITH"}],"circlet_count":0,"master_deck":["bronze:Strike","bronze:Strike","bronze:Strike","bronze:Strike","bronze:Defend","bronze:Defend","bronze:Defend","bronze:Defend","bronze:Replicate+1","bronze:Goto","bronze:BurnOut","bronze:Separator+1","bronze:Backtrace+1","bronze:Backtrace","bronze:ChosenStrike","conspire:NecroticWound","bronze:Turbo"],"relics":["bronze:BronzeCore","Bottled Lightning"],"acts_visited":["Exordium"],"potions_floor_usage":[8],"damage_taken":[{"damage":0,"enemies":"Small Slimes","floor":2,"turns":3},{"damage":10,"enemies":"downfall:FleeingMerchant","floor":3,"turns":4},{"damage":1,"enemies":"Jaw Worm","floor":4,"turns":2},{"damage":15,"enemies":"downfall:FleeingMerchant","floor":6,"turns":4},{"damage":47,"enemies":"Lagavulin","floor":8,"turns":5}],"seed_played":"-6306291955407899675","potions_obtained":[{"floor":4,"key":"Swift Potion"}],"is_trial":false,"path_per_floor":["R","M","$","M","?","$","T","E"],"character_chosen":"THE_AUTOMATON","items_purchased":["bronze:Backtrace"],"campfire_rested":0,"item_purchase_floors":[3],"current_hp_per_floor":[70,70,60,59,59,44,44,0,0,0],"gold":24,"neow_bonus":"ONE_RANDOM_RARE_CARD","is_daily":false,"chose_seed":false,"campfire_upgraded":1,"win_rate":0.0,"timestamp":1613557854,"path_taken":["R","M","$","M","?","?","T","E"],"items_purchased_type":["Card"],"build_version":"2020-12-22","purchased_purges":0,"victory":false,"max_hp_per_floor":[70,70,70,70,70,70,70,70,70,70],"card_choices":[{"not_picked":["bronze:BitShift","bronze:Shield"],"picked":"bronze:Separator","floor":2},{"not_picked":["bronze:Overheat","bronze:ClassDefault"],"picked":"bronze:Backtrace","floor":3},{"not_picked":["bronze:NullPointer","bronze:FineTuning"],"picked":"bronze:ChosenStrike","floor":4},{"not_picked":["bronze:WildBeam","bronze:Frontload"],"picked":"bronze:Turbo","floor":6}],"player_experience":5585944,"relics_obtained":[{"floor":7,"key":"Bottled Lightning"}],"event_choices":[],"is_beta":false,"boss_relics":[],"items_purged_floors":[],"is_endless":false,"potions_floor_spawned":[4],"killed_by":"Lagavulin","ascension_level":0}}