{"host":"yaxsefyig1et0yi2","time":1613530006,"event":{"mods":["Aspiration","BaseMod","BetterRewards","Colored Powertips","Conspire","Displayed Cursed Tome","Downfall","Halation","Hubris","Infinite Spire","Jorbs\u0027s Wanderer Trilogy","Minty Spire (QoL Compilation)","Quick Restart","RatMod","Replay The Spire","Reworked Bosses","Spikes Relics","StSLib","The Bladedancer","The Jungle"],"gold_per_floor":[117,128,143,163,183,183,199,199,199,199,199,217,116,131,131,131,131],"floor_reached":16,"language":"ENG","playtime":958,"items_purged":[],"score":96,"play_id":"676f7414-8f8b-4369-af5e-63a853d488d2","local_time":"20210216214646","is_ascension_mode":false,"campfire_choices":[{"data":"blademaster:AwakeningStrike","floor":6,"key":"SMITH"},{"data":"blademaster:AspectOfWind","floor":8,"key":"SMITH"},{"floor":15,"key":"REST"}],"circlet_count":0,"master_deck":["blademaster:Strike","blademaster:Strike","blademaster:Strike","blademaster:Strike","blademaster:Defend","blademaster:Defend","blademaster:Defend","blademaster:Defend","blademaster:RagingBlow","blademaster:HighVoltage","blademaster:Quickstep","blademaster:Breeze","blademaster:LeechingStrike","blademaster:Discharge","blademaster:AspectOfLightning","blademaster:AwakeningStrike+1","blademaster:AspectOfWind+1","blademaster:Flurry","blademaster:FuriousStrike","blademaster:Rupture","blademaster:Blindside"],"relics":["blademaster:DancersAmulet","Bag of Marbles","hubris:Towel"],"acts_visited":["Exordium"],"potions_floor_usage":[16,16],"damage_taken":[{"damage":6,"enemies":"Jaw Worm","floor":1,"turns":3},{"damage":0,"enemies":"2 Louse","floor":2,"turns":2},{"damage":14,"enemies":"Cultist","floor":3,"turns":6},{"damage":10,"enemies":"Exordium Wildlife","floor":4,"turns":4},{"damage":7,"enemies":"3 Louse","floor":5,"turns":4},{"damage":0,"enemies":"Large Slime","floor":7,"turns":5},{"damage":0,"enemies":"Blue Slaver","floor":12,"turns":3},{"damage":16,"enemies":"3 Louse","floor":14,"turns":4},{"damage":50,"enemies":"The Guardian","floor":16,"turns":12}],"seed_played":"-423580987305753336","potions_obtained":[{"floor":1,"key":"champ:CounterPotion"},{"floor":4,"key":"Weak Potion"},{"floor":7,"key":"SpeedPotion"},{"floor":12,"key":"Elixir"}],"is_trial":false,"path_per_floor":["M","M","M","M","M","R","M","R","T","?","?","M","$","M","R","B"],"character_chosen":"THE_BLADEMASTER","items_purchased":["blademaster:FuriousStrike","blademaster:Rupture"],"campfire_rested":1,"item_purchase_floors":[13,13],"current_hp_per_floor":[69,69,55,45,41,41,41,41,41,41,41,41,41,28,50,0,0],"gold":131,"neow_bonus":"THREE_CARDS","is_daily":false,"chose_seed":false,"campfire_upgraded":2,"win_rate":0.0,"timestamp":1613530006,"path_taken":["M","M","M","M","M","R","M","R","T","?","?","M","$","M","R","BOSS"],"items_purchased_type":["Card","Card"],"build_version":"2020-12-22","purchased_purges":0,"victory":false,"max_hp_per_floor":[75,75,75,75,75,75,75,75,75,75,75,75,75,75,75,75,75],"card_choices":[{"not_picked":["blademaster:AwakeningDefend","blademaster:DragonStrike"],"picked":"blademaster:Quickstep","floor":0},{"not_picked":["blademaster:Overcharge","blademaster:Hailwind"],"picked":"blademaster:Breeze","floor":1},{"not_picked":["blademaster:Stability","blademaster:ChargingUp"],"picked":"blademaster:LeechingStrike","floor":2},{"not_picked":["blademaster:Frenzy","blademaster:Thrust"],"picked":"blademaster:Discharge","floor":3},{"not_picked":["blademaster:DaggerAndCloak","blademaster:CloudOfSteel"],"picked":"blademaster:AspectOfLightning","floor":4},{"not_picked":["blademaster:EyeOfTheTornado","blademaster:SlyStabs"],"picked":"blademaster:AwakeningStrike","floor":5},{"not_picked":["blademaster:AspectOfLightning","blademaster:SlyStabs"],"picked":"blademaster:AspectOfWind","floor":7},{"not_picked":["blademaster:Safeguard","blademaster:DaggerAndCloak"],"picked":"blademaster:Flurry","floor":12},{"not_picked":["blademaster:Overcharge","blademaster:ChargingUp"],"picked":"blademaster:Blindside","floor":14}],"player_experience":268705,"relics_obtained":[{"floor":9,"key":"Bag of Marbles"}],"event_choices":[{"damage_healed":0,"gold_gain":0,"player_choice":"Ignored","damage_taken":0,"max_hp_gain":0,"max_hp_loss":0,"event_name":"Golden Wing","floor":11,"gold_loss":0}],"is_beta":false,"boss_relics":[],"items_purged_floors":[],"is_endless":false,"potions_floor_spawned":[1,4,7,12],"killed_by":"The Guardian","ascension_level":0}}