{"host":"4ussnu3btygo6jwa","time":1613532205,"event":{"mods":["BaseMod","Block Reminder","Colored Powertips","Highlight Path","Minty Spire (QoL Compilation)","StSLib"],"gold_per_floor":[112,128,128,203,25,61,61,77,102,125,125,125],"floor_reached":11,"language":"ENG","playtime":571,"items_purged":["Strike_G"],"score":95,"play_id":"7d397323-e763-4803-b4ea-2137ce5e1d8f","local_time":"20210216222325","is_ascension_mode":true,"campfire_choices":[{"floor":7,"key":"REST"}],"circlet_count":0,"master_deck":["Strike_G","Strike_G","Strike_G","Strike_G","Defend_G","Defend_G","Defend_G","Defend_G","Defend_G","Survivor","Neutralize","Slice","Backflip","Injury","Well Laid Plans","Crippling Poison","Caltrops","All Out Attack","Escape Plan"],"relics":["Black Star","Golden Idol","Oddly Smooth Stone","Lantern","Juzu Bracelet"],"acts_visited":["Exordium"],"potions_floor_usage":[6,11],"damage_taken":[{"damage":3.0,"enemies":"2 Louse","floor":1.0,"turns":4.0},{"damage":3.0,"enemies":"Jaw Worm","floor":2.0,"turns":6.0},{"damage":24,"enemies":"3 Sentries","floor":6,"turns":12},{"damage":1,"enemies":"Cultist","floor":8,"turns":4},{"damage":14,"enemies":"Large Slime","floor":10,"turns":7},{"damage":24,"enemies":"Gremlin Nob","floor":11,"turns":5}],"seed_played":"180340417307247317","potions_obtained":[{"floor":1.0,"key":"Strength Potion"},{"floor":2.0,"key":"LiquidBronze"},{"floor":8,"key":"SpeedPotion"}],"is_trial":false,"path_per_floor":["M","M","?","?","$","E","R","M","T","M","E"],"character_chosen":"THE_SILENT","items_purchased":["Well Laid Plans","Crippling Poison"],"campfire_rested":1,"item_purchase_floors":[5,5],"current_hp_per_floor":[60,57,57,46,46,22,43,42,42,28,4,4],"gold":125,"neow_bonus":"BOSS_RELIC","is_daily":false,"chose_seed":false,"campfire_upgraded":0,"win_rate":0.0,"timestamp":1613532205,"path_taken":["M","M","?","?","?","E","R","?","T","M","E"],"items_purchased_type":["Card","Card"],"build_version":"2020-12-22","purchased_purges":1,"victory":false,"max_hp_per_floor":[70,70,70,70,70,70,70,70,70,70,70,70],"card_choices":[{"not_picked":["Caltrops","Concentrate"],"picked":"Slice","floor":1.0},{"not_picked":["Quick Slash","Endless Agony"],"picked":"Backflip","floor":2.0},{"not_picked":["Underhanded Strike","All Out Attack"],"picked":"Caltrops","floor":6},{"not_picked":["Prepared","Accuracy"],"picked":"All Out Attack","floor":8},{"not_picked":["Dagger Throw","Cloak And Dagger"],"picked":"Escape Plan","floor":10}],"player_experience":326013,"relics_obtained":[{"floor":6,"key":"Oddly Smooth Stone"},{"floor":6,"key":"Lantern"},{"floor":9,"key":"Juzu Bracelet"}],"event_choices":[{"damage_healed":0.0,"max_hp_gain":0.0,"max_hp_loss":0.0,"gold_gain":0.0,"event_name":"Golden Idol","player_choice":"Take Wound","floor":3.0,"gold_loss":0.0,"damage_taken":0.0,"relics_obtained":["Golden Idol"],"cards_obtained":["Injury"]},{"damage_healed":0.0,"max_hp_gain":0.0,"max_hp_loss":0.0,"gold_gain":75.0,"event_name":"World of Goop","player_choice":"Gather Gold","floor":4.0,"gold_loss":0.0,"damage_taken":11.0}],"is_beta":false,"boss_relics":[],"items_purged_floors":[5],"is_endless":false,"potions_floor_spawned":[1,2,8],"killed_by":"Gremlin Nob","ascension_level":6}}