{"host":"8z3t04jhmmneumck","time":1613583379,"event":{"mods":["AchievementEnabler","BaseMod","Colored Map","Colored Powertips","Downfall","Googly Eyes","Hermit","Marisa????????","Minty Spire (QoL Compilation)","StSLib","The Animator","The Bug Knight","The Cursed","The Servant 0.9.4"],"gold_per_floor":[115,126,126,126,140,86,86,86,112,112,130,144,144,144,144,144,144],"floor_reached":16,"language":"ENG","playtime":893,"items_purged":[],"score":90,"play_id":"6bbf68f7-f657-457e-bfba-8e984b9972e0","local_time":"20210217123619","is_ascension_mode":false,"campfire_choices":[{"data":"Exchange","floor":8,"key":"SMITH"},{"floor":15,"key":"REST"}],"circlet_count":0,"master_deck":["Strike_S+1","Strike_S+1","Strike_S","Strike_S+1","Defend_S","Defend_S","Defend_S","Defend_S","KidneyShot","Exchange+1","Moonlight","ReturningBlade","TimeWarp+1","Rearm","Defy","Ricochet","Parasite"],"relics":["Uniform","NeowsBlessing","Whetstone","Torii"],"acts_visited":["Exordium"],"potions_floor_usage":[],"damage_taken":[{"damage":0,"enemies":"2 Louse","floor":1,"turns":1},{"damage":0,"enemies":"Small Slimes","floor":2,"turns":1},{"damage":0,"enemies":"Jaw Worm","floor":5,"turns":1},{"damage":44,"enemies":"Lots of Slimes","floor":11,"turns":5},{"damage":3,"enemies":"2 Fungi Beasts","floor":12,"turns":4},{"damage":64,"enemies":"The Guardian","floor":16,"turns":12}],"seed_played":"-5994079142791135091","potions_obtained":[{"floor":1,"key":"Weak Potion"},{"floor":11,"key":"bronze:BurnAndBuffPotion"}],"is_trial":false,"path_per_floor":["M","M","?","?","M","$","?","R","T","?","M","M","?","T","R","B"],"character_chosen":"THE_SERVANT","items_purchased":["Rearm"],"campfire_rested":1,"item_purchase_floors":[6],"current_hp_per_floor":[65,65,65,65,65,65,52,52,52,52,8,5,21,21,40,0,0],"gold":144,"neow_bonus":"THREE_ENEMY_KILL","is_daily":false,"chose_seed":false,"campfire_upgraded":1,"win_rate":0.0,"timestamp":1613583379,"path_taken":["M","M","?","?","M","$","?","R","T","?","M","M","?","?","R","BOSS"],"items_purchased_type":["Card"],"build_version":"2020-12-22","purchased_purges":0,"victory":false,"max_hp_per_floor":[65,65,65,65,65,65,65,65,65,65,65,65,65,65,65,65,65],"card_choices":[{"not_picked":["Barrier","DualDimension"],"picked":"Moonlight","floor":1},{"not_picked":["FastForward","MoonPhase"],"picked":"ReturningBlade","floor":2},{"not_picked":["FastForward","Rearm"],"picked":"TimeWarp","floor":5},{"not_picked":["Rearm","Unruled"],"picked":"Defy","floor":11},{"not_picked":["DoubleEdge","BestPractice"],"picked":"Ricochet","floor":12}],"player_experience":12492,"relics_obtained":[{"floor":9,"key":"Whetstone"},{"floor":14,"key":"Torii"}],"event_choices":[{"damage_healed":0,"gold_gain":0,"player_choice":"Ignored","damage_taken":0,"max_hp_gain":0,"max_hp_loss":0,"event_name":"Golden Wing","floor":3,"gold_loss":0},{"damage_healed":0,"gold_gain":0,"player_choice":"Leave","damage_taken":0,"max_hp_gain":0,"max_hp_loss":0,"event_name":"The Cleric","floor":4,"gold_loss":0},{"damage_healed":0,"gold_gain":0,"player_choice":"Entered Light","damage_taken":13,"max_hp_gain":0,"max_hp_loss":0,"event_name":"Shining Light","floor":7,"gold_loss":0,"cards_upgraded":["Strike_S","Strike_S"]},{"damage_healed":0,"gold_gain":0,"player_choice":"Ignored","damage_taken":0,"max_hp_gain":0,"max_hp_loss":0,"event_name":"Golden Idol","floor":10,"gold_loss":0},{"damage_healed":16,"gold_gain":0,"player_choice":"Healed and dodged fight","damage_taken":0,"max_hp_gain":0,"max_hp_loss":0,"event_name":"Mushrooms","floor":13,"gold_loss":0,"cards_obtained":["Parasite"]}],"is_beta":false,"boss_relics":[],"items_purged_floors":[],"is_endless":false,"potions_floor_spawned":[1,11],"killed_by":"The Guardian","ascension_level":0}}