{"host":"ypzi5hvah0ucsg44","time":1613532945,"event":{"mods":["BaseMod","Colored Map","Downfall","Googly Eyes","Minty Spire (QoL Compilation)","Quick Restart","Replay The Spire","StSLib","The Construct"],"gold_per_floor":[99,109,57,76,91,110,110,128,161,177,177,277,293,320,332,433,433,433,452,452,198,208,221,221,221,236,269,269,369,369,42,56,153,153,153,153,353,353,367,34,34,54,81,93,93,121,121,138,150,150],"floor_reached":51,"language":"ENG","playtime":6360,"items_purged":["CommonCold"],"score":841,"play_id":"eb193f86-ea96-497c-86ac-1efd88157f23","local_time":"20210216193545","is_ascension_mode":false,"campfire_choices":[{"data":"Slimebound:Split","floor":1,"key":"SMITH"},{"data":"Slimebound:PrepareCrush","floor":18,"key":"SMITH"},{"floor":25,"key":"RECALL"},{"data":"Replay:SS_forest_2","floor":45,"key":"SMITH"},{"data":"Slimebound:DouseInSlime","floor":47,"key":"SMITH"}],"circlet_count":0,"master_deck":["Slimebound:Tackle","Slimebound:Defend_Slimebound","Slimebound:Defend_Slimebound","Slimebound:Split+1","Slimebound:CorrosiveSpit","Slimebound:SplitLeeching","Slimebound:PrepareCrush+1","Slimebound:SlimeSpikes+1","Slimebound:GoopSpray","Slimebound:RejuvenatingLick","Slimebound:GoopSpray","Slimebound:FormOfPuddle","Slimebound:MegaLick","Slimebound:SpikyOuterGoop","Slimebound:GrowthPunch+1","Slimebound:RollThrough+1","Slimebound:TagTeam+1","Slimebound:Nibble+1","Slimebound:Repurpose+1","Slimebound:ViciousTackle+1","Slimebound:GoopSpray","Slimebound:OozeBath","Master of Strategy","Slimebound:Repurpose","Slimebound:SlimeBarrage+1","Slimebound:HungryTackle+1","Slimebound:DisruptingSlam+1","Slimebound:Dissolve","Slimebound:WasteNot","J.A.X.","Slimebound:Chomp+1","Slimebound:BestDefense+1","Slimebound:Equalize+1","Slimebound:DouseInSlime+1","Slimebound:SplitMire","Slimebound:SlimeBrawl","Replay:SS_forest_2+1","expansioncontent:YouAreMine","expansioncontent:Chronoboost","Slimebound:RollThrough+1","Pot Of Greed","Pot Of Greed","Pot Of Greed","Pot Of Greed","Slimebound:FinishingTackle+1","Slimebound:ViciousTackle+1","Slimebound:SelfFormingGoo","Slimebound:SamplingLick+1","Slimebound:FinishingTackle+1"],"relics":["Slimebound:AbsorbEndCombat","ReplayTheSpireMod:TigerMarble","Meat on the Bone","Orichalcum","Molten Egg 2","Astrolabe","Pear","ReplayTheSpireMod:CursedCoin","ReplayTheSpireMod:Ninjato","White Beast Statue","MutagenicStrength","FossilizedHelix","Painkiller Herb","ReplayFunnel","Grinning Jar","construct:FoamFinger","Pet Ghost"],"acts_visited":["Exordium","TheCity","TheBeyond"],"potions_floor_usage":[26,50,50],"damage_taken":[{"damage":9,"enemies":"Cultist","floor":2,"turns":4},{"damage":8,"enemies":"downfall:FleeingMerchant","floor":3,"turns":4},{"damage":0,"enemies":"Jaw Worm","floor":4,"turns":3},{"damage":2,"enemies":"Small Slimes","floor":5,"turns":2},{"damage":0,"enemies":"Red Slaver","floor":6,"turns":3},{"damage":9,"enemies":"Exordium Wildlife","floor":8,"turns":5},{"damage":2,"enemies":"Gremlin Nob","floor":9,"turns":5},{"damage":0,"enemies":"Large Slime","floor":10,"turns":3},{"damage":2,"enemies":"2 Fungi Beasts","floor":13,"turns":3},{"damage":12,"enemies":"Lagavulin","floor":14,"turns":6},{"damage":4,"enemies":"downfall:LooterAlt","floor":15,"turns":2},{"damage":0,"enemies":"SI_SHIV_ARCHETYPE","floor":16,"turns":10},{"damage":1,"enemies":"Chosen","floor":19,"turns":3},{"damage":9,"enemies":"downfall:FleeingMerchant","floor":21,"turns":4},{"damage":9,"enemies":"3 Byrds","floor":22,"turns":6},{"damage":0,"enemies":"Snecko","floor":23,"turns":5},{"damage":4,"enemies":"Sentry and Sphere","floor":26,"turns":3},{"damage":26,"enemies":"Slavers","floor":27,"turns":5},{"damage":32,"enemies":"downfall:Augmenter","floor":29,"turns":5},{"damage":9,"enemies":"downfall:FleeingMerchant","floor":31,"turns":4},{"damage":3,"enemies":"3 Cultists","floor":32,"turns":4},{"damage":28,"enemies":"WA_ARCHETYPE_CALM","floor":33,"turns":8},{"damage":9,"enemies":"downfall:FleeingMerchant","floor":37,"turns":4},{"damage":19,"enemies":"3 Darklings","floor":39,"turns":5},{"damage":3,"enemies":"Orb Walker","floor":42,"turns":4},{"damage":93,"enemies":"Reptomancer","floor":43,"turns":5},{"damage":17,"enemies":"3 Darklings","floor":44,"turns":4},{"damage":6,"enemies":"Nemesis","floor":46,"turns":3},{"damage":15,"enemies":"Maw","floor":48,"turns":5},{"damage":3,"enemies":"Transient","floor":49,"turns":5},{"damage":59,"enemies":"IC_BLOCK_ARCHETYPE","floor":50,"turns":10}],"seed_played":"-8607358729845557731","potions_obtained":[{"floor":4,"key":"PowerPotion"},{"floor":6,"key":"Fire Potion"},{"floor":10,"key":"Explosive Potion"},{"floor":26,"key":"Fruit Juice"},{"floor":27,"key":"FairyPotion"},{"floor":29,"key":"Toxic Potion"},{"floor":37,"key":"Slimebound:SpawnSlimePotion"},{"floor":39,"key":"Slimebound:ThreeZeroPotion"},{"floor":43,"key":"champ:CounterPotion"}],"is_trial":false,"path_per_floor":["R","M","$","M","M","M","T","M","E","M","?","?","M","E","M","B",null,"R_BF","M","T","$","M","M","T","R","M","E","?","?","?","$","M","B",null,"T","?","T","?","?","?","T","?","E","?","T","E","T","?","?","B",null],"character_chosen":"SLIMEBOUND","items_purchased":["Slimebound:SlimeSpikes+1","ReplayTheSpireMod:CursedCoin","Slimebound:OozeBath","Master of Strategy","FossilizedHelix","ReplayFunnel"],"campfire_rested":0,"item_purchase_floors":[3,21,21,21,31,37],"current_hp_per_floor":[65,56,54,54,56,60,60,57,60,64,61,61,63,55,55,63,68,68,68,78,75,72,76,76,76,81,63,63,49,49,46,51,43,83,83,83,78,68,63,93,93,92,57,58,58,72,72,77,82,43],"gold":150,"neow_bonus":"RANDOM_COMMON_RELIC","is_daily":false,"chose_seed":false,"campfire_upgraded":4,"win_rate":0.0,"timestamp":1613532945,"path_taken":["R","M","?","?","M","M","T","M","E","M","?","?","M","E","M","BOSS","R_BF","M","?","$","M","M","T","R","M","E","?","?","?","?","M","BOSS","T","?","T","?","?","?","T","?","E","?","T","E","T","?","?","BOSS"],"items_purchased_type":["Card","Relic","Card","Card","Relic","Relic"],"build_version":"2020-12-22","purchased_purges":1,"victory":true,"max_hp_per_floor":[65,65,65,65,65,65,65,65,68,68,68,68,68,68,68,68,68,68,68,78,78,78,78,78,78,83,83,83,83,83,83,83,83,83,83,83,83,83,83,93,93,93,93,93,93,93,93,93,93,93],"card_choices":[{"not_picked":["Slimebound:Prepare","Slimebound:Grow"],"picked":"Slimebound:SplitLeeching","floor":2},{"not_picked":["Slimebound:Prepare","Slimebound:ForwardTackle"],"picked":"Slimebound:PrepareCrush","floor":3},{"not_picked":["Slimebound:LeadByExample","Slimebound:SplitLeeching"],"picked":"Slimebound:GoopSpray","floor":4},{"not_picked":["Slimebound:Schlurp","Slimebound:LeechingTouch"],"picked":"Slimebound:RejuvenatingLick","floor":5},{"not_picked":["Slimebound:GoopTackle","Slimebound:RollThrough"],"picked":"Slimebound:GoopSpray","floor":6},{"not_picked":["Slimebound:LivingWall","Slimebound:GoopTackle"],"picked":"Slimebound:FormOfPuddle","floor":8},{"not_picked":["Slimebound:PressTheAttack","Slimebound:GoopSpray"],"picked":"Slimebound:MegaLick","floor":9},{"not_picked":["Slimebound:Schlurp","Slimebound:OneTwoCombo"],"picked":"Slimebound:SpikyOuterGoop","floor":10},{"not_picked":["Slimebound:LeadByExample","Slimebound:ServeAndProtect"],"picked":"Slimebound:SpikyOuterGoop","floor":13},{"not_picked":["Slimebound:SlimeSpikes","Slimebound:RollThrough+1"],"picked":"Slimebound:GrowthPunch+1","floor":14},{"not_picked":["Slimebound:LeechingTouch+1","Slimebound:SlimeSpikes"],"picked":"Slimebound:RollThrough+1","floor":15},{"not_picked":["Slimebound:OozeBath","Slimebound:SlimeSlap+1"],"picked":"Slimebound:TagTeam+1","floor":16},{"not_picked":["Slimebound:ProtectTheBoss+1","Slimebound:BestDefense"],"picked":"Slimebound:ViciousTackle+1","floor":19},{"not_picked":["Slimebound:SplitAcid","Slimebound:Teamwork"],"picked":"Slimebound:GoopSpray","floor":21},{"not_picked":["Slimebound:Schlurp","Slimebound:SplitBruiser"],"picked":"Slimebound:Repurpose","floor":22},{"not_picked":["Slimebound:LivingWall","Slimebound:SamplingLick"],"picked":"Slimebound:SlimeBarrage+1","floor":23},{"not_picked":["Slimebound:LeechingTouch+1","Slimebound:ComboTackle+1"],"picked":"Slimebound:HungryTackle+1","floor":26},{"not_picked":["Slimebound:PressTheAttack+1","Slimebound:ItLooksTasty+1"],"picked":"Slimebound:DisruptingSlam+1","floor":27},{"not_picked":[],"picked":"J.A.X.","floor":29},{"not_picked":["Slimebound:LeadByExample","Slimebound:LeechingTouch+1"],"picked":"Slimebound:Chomp+1","floor":29},{"not_picked":["Slimebound:PressTheAttack+1","Slimebound:FinishingTackle+1"],"picked":"Slimebound:BestDefense+1","floor":31},{"not_picked":["Slimebound:GoopTackle+1","Slimebound:Recycling"],"picked":"Slimebound:Equalize+1","floor":32},{"not_picked":["Slimebound:MassFeed+1","Slimebound:PrepareCrush"],"picked":"Slimebound:DouseInSlime","floor":33},{"not_picked":["Slimebound:HauntingLick","Slimebound:GoopSpray"],"picked":"Slimebound:SlimeBrawl","floor":37},{"not_picked":["expansioncontent:YouAreMine","expansioncontent:AwakenDeath"],"picked":"Replay:SS_forest_2","floor":38},{"not_picked":["expansioncontent:Hexaburn","expansioncontent:HyperBeam"],"picked":"expansioncontent:YouAreMine","floor":38},{"not_picked":["expansioncontent:LastStand","expansioncontent:HyperBeam"],"picked":"expansioncontent:Chronoboost","floor":38},{"not_picked":["Slimebound:HauntingLick","Slimebound:LeechingTouch+1"],"picked":"Slimebound:RollThrough+1","floor":39},{"not_picked":["Slimebound:Recollect+1","Slimebound:RollThrough+1","Slimebound:SlimeSpikes"],"picked":"SKIP","floor":42},{"not_picked":["Slimebound:SplitBruiser","Slimebound:LeechingTouch+1"],"picked":"Slimebound:FinishingTackle+1","floor":43},{"not_picked":["Slimebound:Grow+1","Slimebound:ServeAndProtect+1"],"picked":"Slimebound:ViciousTackle+1","floor":44},{"not_picked":["Slimebound:Replication","Slimebound:Repurpose+1"],"picked":"Slimebound:SelfFormingGoo","floor":46},{"not_picked":["Slimebound:LeechingTouch+1","Slimebound:LivingWall"],"picked":"Slimebound:SamplingLick+1","floor":48},{"not_picked":["Slimebound:LeechingTouch+1","Slimebound:PressTheAttack+1"],"picked":"Slimebound:FinishingTackle+1","floor":49}],"player_experience":137923,"relics_obtained":[{"floor":9,"key":"Meat on the Bone"},{"floor":14,"key":"Molten Egg 2"},{"floor":20,"key":"Pear"},{"floor":24,"key":"ReplayTheSpireMod:Ninjato"},{"floor":27,"key":"White Beast Statue"},{"floor":29,"key":"MutagenicStrength"},{"floor":41,"key":"Grinning Jar"},{"floor":43,"key":"construct:FoamFinger"},{"floor":46,"key":"Pet Ghost"}],"event_choices":[{"damage_healed":0,"gold_gain":0,"player_choice":"Success","damage_taken":3,"relics_obtained":["Orichalcum"],"max_hp_gain":0,"max_hp_loss":0,"event_name":"Scrap Ooze","floor":11,"gold_loss":0},{"cards_removed":["Slimebound:SpikyOuterGoop"],"damage_healed":0,"gold_gain":0,"player_choice":"Removed Power","damage_taken":0,"max_hp_gain":0,"max_hp_loss":0,"event_name":"Falling","floor":36,"gold_loss":0}],"is_beta":false,"boss_relics":[{"not_picked":["Kintsugi","Slimebound:AbsorbEndCombatUpgraded"],"picked":"Astrolabe"},{"not_picked":["Tiny House","Ring of Chaos"],"picked":"Painkiller Herb"}],"items_purged_floors":[21],"is_endless":false,"potions_floor_spawned":[4,6,10,14,16,23,26,27,29,31,32,33,37,39,42,43,44,46,48,49],"ascension_level":0}}