{"host":"f9ntswufr8mq3t4y","time":1613580743,"event":{"mods":["AchievementEnabler","BaseMod","Best Route Mod","Block Reminder","Colored Map","Colored Powertips","Curses Come First","DeckTracker","Displayed Cursed Tome","Highlight Path","Minty Spire (QoL Compilation)","Permanent Neow","Quick Restart","Slay-I","StSLib"],"gold_per_floor":[116,135,145,162,176,176,176,176,176,192,210,210,210,233,233,233,233],"floor_reached":16,"language":"ENG","playtime":932,"items_purged":[],"score":118,"play_id":"60cf1a5f-bda2-465a-b596-7665dcfcc62c","local_time":"20210217195223","is_ascension_mode":true,"campfire_choices":[{"floor":6,"key":"REST"},{"floor":8,"key":"REST"},{"data":"Eruption","floor":12,"key":"SMITH"},{"data":"Establishment","floor":15,"key":"SMITH"}],"circlet_count":0,"master_deck":["Strike_P","Strike_P","Strike_P","Strike_P+1","Defend_P","Defend_P+1","Defend_P+1","Defend_P+1","Eruption+1","Vigilance","LessonLearned","CutThroughFate","Swivel+1","DeceiveReality","Sanctity","Dramatic Entrance","Establishment+1"],"relics":["PureWater","StrikeDummy","Tiny Chest"],"acts_visited":["Exordium"],"potions_floor_usage":[16,16],"damage_taken":[{"damage":5,"enemies":"2 Louse","floor":1,"turns":4},{"damage":2,"enemies":"Cultist","floor":2,"turns":4},{"damage":0,"enemies":"Jaw Worm","floor":3,"turns":5},{"damage":14,"enemies":"Exordium Thugs","floor":4,"turns":5},{"damage":4,"enemies":"Exordium Wildlife","floor":5,"turns":3},{"damage":0,"enemies":"Large Slime","floor":10,"turns":3},{"damage":0,"enemies":"3 Louse","floor":11,"turns":5},{"damage":62,"enemies":"Hexaghost","floor":16,"turns":16}],"seed_played":"5491007189602871058","potions_obtained":[{"floor":4,"key":"Regen Potion"},{"floor":5,"key":"BlessingOfTheForge"},{"floor":11,"key":"Weak Potion"}],"is_trial":false,"path_per_floor":["M","M","M","M","M","R","?","R","T","M","M","R","?","T","R","B"],"character_chosen":"WATCHER","items_purchased":[],"campfire_rested":2,"item_purchase_floors":[],"current_hp_per_floor":[60,58,58,44,40,59,59,65,65,65,65,65,58,58,58,0,0],"gold":233,"neow_bonus":"THREE_RARE_CARDS","is_daily":false,"chose_seed":false,"campfire_upgraded":2,"win_rate":0.0,"timestamp":1613580743,"path_taken":["M","M","M","M","M","R","?","R","T","?","M","R","?","?","R","BOSS"],"items_purchased_type":[],"build_version":"2020-12-22","purchased_purges":0,"victory":false,"max_hp_per_floor":[65,65,65,65,65,65,65,65,65,65,65,65,65,65,65,65,65],"card_choices":[{"not_picked":["Wish","Establishment"],"picked":"LessonLearned","floor":0},{"not_picked":["EmptyBody","CrushJoints"],"picked":"CutThroughFate","floor":1},{"not_picked":["WheelKick","JustLucky"],"picked":"Swivel","floor":2},{"not_picked":["SashWhip","ClearTheMind","ThirdEye"],"picked":"SKIP","floor":3},{"not_picked":["FlurryOfBlows","DevaForm","FollowUp"],"picked":"SKIP","floor":4},{"not_picked":["Study","SashWhip"],"picked":"DeceiveReality","floor":5},{"not_picked":["WaveOfTheHand","Halt","LikeWater"],"picked":"SKIP","floor":10},{"not_picked":["EmptyBody","EmptyFist"],"picked":"Establishment","floor":11}],"player_experience":450132,"relics_obtained":[{"floor":9,"key":"StrikeDummy"},{"floor":14,"key":"Tiny Chest"}],"event_choices":[{"damage_healed":0,"gold_gain":0,"player_choice":"3 cards matched","damage_taken":0,"max_hp_gain":0,"max_hp_loss":0,"event_name":"Match and Keep!","floor":7,"gold_loss":0,"cards_obtained":["Sanctity","Dramatic Entrance","Eruption"]},{"cards_removed":["Eruption"],"damage_healed":0,"gold_gain":0,"player_choice":"Card Removal","damage_taken":7,"max_hp_gain":0,"max_hp_loss":0,"event_name":"Golden Wing","floor":13,"gold_loss":0}],"is_beta":false,"boss_relics":[],"items_purged_floors":[],"is_endless":false,"potions_floor_spawned":[4,5,11],"killed_by":"Hexaghost","ascension_level":5}}