{"host":"xr2w6q7a088fu8w2","time":1613534414,"event":{"mods":["AchievementEnabler","BaseMod","Colored Powertips","Mimic Mod","Minty Spire (QoL Compilation)","MostiFishMod","Relic Filter Mod","Reliquary","StSLib","UnlockEverythingMod"],"gold_per_floor":[115,115,40,53,71,71,146,146,146,158,192,207,218,229,229,229,229],"floor_reached":16,"language":"ZHS","playtime":627,"items_purged":["Defend_G"],"score":208,"play_id":"4a25c700-2835-482a-9ff4-b111b5710b06","local_time":"20210217120014","is_ascension_mode":true,"campfire_choices":[{"data":"Poisoned Stab","floor":6,"key":"SMITH"},{"floor":8,"key":"REST"},{"floor":15,"key":"REST"}],"circlet_count":0,"master_deck":["AscendersBane","Strike_G","Strike_G","Strike_G","Strike_G","Strike_G","Defend_G","Defend_G","Defend_G","Defend_G","Survivor","Neutralize","Flying Knee","Poisoned Stab+1","Dash","Dagger Throw","Heel Hook","Quick Slash","Bane"],"relics":["Ring of the Snake","DaveBox","SynthV:TestCard","Snake Skull","Akabeko"],"acts_visited":["Exordium"],"potions_floor_usage":[11,13,14],"damage_taken":[{"damage":2,"enemies":"Jaw Worm","floor":1,"turns":6},{"damage":8,"enemies":"Small Slimes","floor":4,"turns":3},{"damage":2,"enemies":"2 Louse","floor":5,"turns":3},{"damage":56,"enemies":"Gremlin Gang","floor":10,"turns":6},{"damage":12,"enemies":"Lagavulin","floor":11,"turns":5},{"damage":0,"enemies":"Large Slime","floor":12,"turns":4},{"damage":0,"enemies":"Looter","floor":13,"turns":1},{"damage":0,"enemies":"Red Slaver","floor":14,"turns":2},{"damage":32,"enemies":"Hexaghost","floor":16,"turns":8}],"seed_played":"-2042339473904398931","potions_obtained":[{"floor":10,"key":"SkillPotion"},{"floor":11,"key":"Energy Potion"},{"floor":13,"key":"SkillPotion"}],"is_trial":false,"path_per_floor":["M","?","$","M","M","R","?","R","T","M","E","M","M","M","R","B"],"character_chosen":"THE_SILENT","items_purchased":[],"campfire_rested":2,"item_purchase_floors":[],"current_hp_per_floor":[63,68,68,60,58,58,47,70,70,14,2,2,2,2,25,0,0],"gold":229,"neow_bonus":"TEN_PERCENT_HP_BONUS","is_daily":false,"chose_seed":false,"campfire_upgraded":1,"win_rate":0.0,"timestamp":1613534414,"path_taken":["M","?","$","M","M","R","?","R","T","M","E","?","M","M","R","BOSS"],"items_purchased_type":[],"build_version":"2020-12-22","purchased_purges":1,"victory":false,"max_hp_per_floor":[72,77,77,77,77,77,77,77,77,77,77,77,77,77,77,77,77],"card_choices":[{"not_picked":["Accuracy","Sucker Punch"],"picked":"Flying Knee","floor":1},{"not_picked":["Footwork","Acrobatics","Quick Slash","Bane"],"picked":"Poisoned Stab","floor":4},{"not_picked":["Choke","Poisoned Stab","Flechettes","Slice"],"picked":"Dash","floor":5},{"not_picked":["MostiFishMod:WinterMarkForm","Cloak And Dagger","Flechettes","Prepared","Concentrate"],"picked":"SKIP","floor":10},{"not_picked":["Caltrops","Reflex","Flying Knee","Underhanded Strike"],"picked":"Dagger Throw","floor":11},{"not_picked":["Reflex","Footwork","Acrobatics","Poisoned Stab"],"picked":"Heel Hook","floor":12},{"not_picked":["Deadly Poison","Acrobatics","Backflip","Caltrops"],"picked":"Quick Slash","floor":13},{"not_picked":["Tools of the Trade","Choke","Blade Dance","Poisoned Stab"],"picked":"Bane","floor":14}],"player_experience":97626,"relics_obtained":[{"floor":1,"key":"SynthV:TestCard"},{"floor":9,"key":"Snake Skull"},{"floor":11,"key":"Akabeko"}],"event_choices":[{"damage_healed":0,"gold_gain":0,"player_choice":"Donut","damage_taken":0,"max_hp_gain":5,"max_hp_loss":0,"event_name":"Big Fish","floor":2,"gold_loss":0},{"damage_healed":0,"gold_gain":75,"player_choice":"Gather Gold","damage_taken":11,"max_hp_gain":0,"max_hp_loss":0,"event_name":"World of Goop","floor":7,"gold_loss":0}],"is_beta":false,"boss_relics":[],"items_purged_floors":[3],"is_endless":false,"potions_floor_spawned":[10,11,13],"killed_by":"Hexaghost","ascension_level":20}}