{"host":"ufl0k2so27eic2iy","time":1613593589,"event":{"mods":["BaseMod","Downfall","Minty Spire (QoL Compilation)","StSLib","The Animator"],"gold_per_floor":[99,117,117,27,41,41,41,73,88,73,73,73,103,138,154,253,253,153,172,182,21,31,31,31,64,49,77,77,94,94,128,147,243,243,43,62,112,384,384,384,461,476,476,494,494,494,336,349,361,361,361,361,361,361],"floor_reached":52,"language":"ENG","playtime":3186,"items_purged":["bronze:Defend","bronze:Defend"],"score":1014,"play_id":"b5598840-2085-4016-ba90-540d18a19d26","local_time":"20210217202629","is_ascension_mode":true,"campfire_choices":[{"data":"bronze:Replicate","floor":1.0,"key":"SMITH"},{"data":"bronze:InfiniteLoop","floor":6.0,"key":"SMITH"},{"floor":11.0,"key":"REST"},{"data":"bronze:Philosophize","floor":18,"key":"SMITH"},{"floor":23,"key":"RECALL"},{"data":"bronze:Repair","floor":28,"key":"SMITH"},{"data":"bronze:Fortify","floor":30,"key":"SMITH"},{"data":"bronze:Strike","floor":35,"key":"PURGE"},{"data":"bronze:Verify","floor":43,"key":"SMITH"},{"data":"expansioncontent:YouAreMine","floor":46,"key":"SMITH"}],"circlet_count":0,"master_deck":["bronze:Defend","bronze:Replicate+1","bronze:Goto","bronze:ForLoop","bronze:DelayedGuard","bronze:InfiniteLoop+1","bronze:Iterate","bronze:Philosophize+1","bronze:GetLatest","bronze:DelayedSlice","bronze:Repair+1","bronze:Shell","bronze:DelayedGuard","bronze:Verify+1","bronze:DelayedGuard+1","bronze:WhirlingStrike+1","bronze:Overload","bronze:SpaghettiCode","bronze:ForceShield","bronze:Branch+1","bronze:Fortify+1","bronze:FindAndReplace","bronze:Deprecate+1","bronze:SpaghettiCode","bronze:Return+1","bronze:DelayedGuard","bronze:Constructor+1","bronze:Fortify","expansioncontent:PrepareCrush","expansioncontent:Chronoboost","expansioncontent:YouAreMine+1","bronze:ClassDefault","bronze:ChildClass","expansioncontent:DashGenerateEvil","bronze:ForceShield"],"relics":["bronze:BronzeCore","WingedGreaves","Ornamental Fan","Peace Pipe","Centennial Puzzle","Sozu","downfall:HeartBlessingGreen","Membership Card","Pen Nib","Singing Bowl","White Beast Statue","Runic Pyramid","downfall:HeartBlessingRed","downfall:HeartBlessingBlue","Ice Cream","Eternal Feather"],"acts_visited":["Exordium","TheCity","TheBeyond","TheEnding"],"potions_floor_usage":[17,25,25],"damage_taken":[{"damage":7.0,"enemies":"Jaw Worm","floor":2.0,"turns":3.0},{"damage":0.0,"enemies":"downfall:FleeingMerchant","floor":4.0,"turns":4.0},{"damage":4.0,"enemies":"2 Louse","floor":5.0,"turns":3.0},{"damage":6.0,"enemies":"3 Sentries","floor":8.0,"turns":6.0},{"damage":0.0,"enemies":"Cultist","floor":9.0,"turns":2.0},{"damage":15.0,"enemies":"downfall:FleeingMerchant","floor":10.0,"turns":4.0},{"damage":16.0,"enemies":"Lagavulin","floor":13.0,"turns":4.0},{"damage":8.0,"enemies":"3 Sentries","floor":14.0,"turns":7.0},{"damage":0.0,"enemies":"Blue Slaver","floor":15.0,"turns":3.0},{"damage":54.0,"enemies":"IC_STATUS_ARCHETYPE","floor":16.0,"turns":9.0},{"damage":0,"enemies":"3 Byrds","floor":19,"turns":3},{"damage":22,"enemies":"downfall:LooterAlt2","floor":20,"turns":4},{"damage":4,"enemies":"downfall:FleeingMerchant","floor":21,"turns":4},{"damage":3,"enemies":"Chosen and Byrds","floor":22,"turns":6},{"damage":0,"enemies":"Gremlin Leader","floor":25,"turns":6},{"damage":13,"enemies":"downfall:FleeingMerchant","floor":26,"turns":4},{"damage":1,"enemies":"Book of Stabbing","floor":27,"turns":4},{"damage":0,"enemies":"3 Cultists","floor":29,"turns":3},{"damage":13,"enemies":"Gremlin Leader","floor":31,"turns":7},{"damage":7,"enemies":"Snecko","floor":32,"turns":5},{"damage":7,"enemies":"SI_MIRROR_ARCHETYPE","floor":33,"turns":9},{"damage":14,"enemies":"3 Darklings","floor":36,"turns":8},{"damage":4,"enemies":"3 Darklings","floor":37,"turns":6},{"damage":0,"enemies":"downfall:FleeingMerchant","floor":38,"turns":1},{"damage":0,"enemies":"Orb Walker","floor":42,"turns":4},{"damage":20,"enemies":"3 Darklings","floor":44,"turns":8},{"damage":13,"enemies":"Spire Growth","floor":48,"turns":5},{"damage":0,"enemies":"Maw","floor":49,"turns":7},{"damage":38,"enemies":"DF_ARCHETYPE_ORBS","floor":50,"turns":13},{"damage":112,"enemies":"downfall:CharBossMerchant","floor":52,"turns":8}],"seed_played":"9163865066884337165","potions_obtained":[{"floor":5.0,"key":"bronze:BurnAndBuffPotion"},{"floor":8.0,"key":"EssenceOfSteel"},{"floor":16.0,"key":"EntropicBrew"}],"is_trial":false,"path_per_floor":["R","M","?","$","M","R","T","E","M","$","R","?","E","E","M","B",null,"R","M","M","$","M","R","T","E","$","E","R","M","R","E","M","B",null,"R","M","?","$","?","?","T","M","R","M","?","R","$","M","M","B",null,"E"],"character_chosen":"THE_AUTOMATON","items_purchased":["Membership Card","bronze:Fortify","bronze:ClassDefault","bronze:ChildClass","expansioncontent:DashGenerateEvil"],"campfire_rested":1,"item_purchase_floors":[21,38,47,47,47],"current_hp_per_floor":[63,56,56,56,52,52,52,46,46,31,52,52,36,35,42,2,53,53,60,45,48,52,52,52,59,46,54,54,64,64,61,64,67,71,81,69,75,82,82,82,82,84,84,67,57,75,75,74,84,56,80,0,0,0],"gold":361,"neow_bonus":"TRANSFORM_CARD","is_daily":false,"chose_seed":false,"campfire_upgraded":7,"win_rate":0.0,"timestamp":1613593589,"path_taken":["R","M","?","$","M","R","T","E","M","$","R","?","E","E","M","BOSS","R","M","M","$","?","R","T","E","$","E","R","M","R","E","M","BOSS","R","M","?","$","?","?","T","?","R","M","?","R","$","M","M","BOSS","E"],"items_purchased_type":["Relic","Card","Card","Card","Card"],"build_version":"2020-12-22","purchased_purges":2,"victory":false,"max_hp_per_floor":[70,70,70,70,70,70,70,70,70,70,70,70,70,70,70,70,70,70,70,70,70,70,70,70,70,70,72,72,72,72,72,72,72,72,82,82,82,82,82,82,82,84,84,86,86,86,86,88,88,88,88,88,88,88],"card_choices":[{"not_picked":["bronze:OilSpill","bronze:DelayedSlice"],"picked":"bronze:DelayedGuard","floor":2.0},{"not_picked":["bronze:Library","bronze:Turbo"],"picked":"bronze:InfiniteLoop","floor":4.0},{"not_picked":["bronze:Overheat","bronze:Frontload"],"picked":"bronze:Iterate","floor":5.0},{"not_picked":["bronze:NullPointer","bronze:SpaghettiCode"],"picked":"bronze:Philosophize","floor":8.0},{"not_picked":["bronze:InfiniteBeams","bronze:BitShift"],"picked":"bronze:GetLatest","floor":9.0},{"not_picked":["bronze:Turbo","bronze:Mutator"],"picked":"bronze:DelayedSlice","floor":10.0},{"not_picked":["bronze:ShipIt","bronze:Iterate"],"picked":"bronze:Repair","floor":13.0},{"not_picked":["bronze:Backtrace","bronze:Separator"],"picked":"bronze:Shell","floor":14.0},{"not_picked":["bronze:BuggyMess","bronze:MaxOutput"],"picked":"bronze:DelayedGuard","floor":15.0},{"not_picked":["bronze:SpaghettiCode","bronze:Break"],"picked":"bronze:Verify","floor":16.0},{"not_picked":["bronze:ChildClass","bronze:Repulsor"],"picked":"bronze:DelayedGuard+1","floor":19},{"not_picked":["bronze:CloningBeam+1","bronze:Constructor"],"picked":"bronze:WhirlingStrike+1","floor":20},{"not_picked":["bronze:Repulsor","bronze:Terminator"],"picked":"bronze:Overload","floor":21},{"not_picked":["bronze:Constructor+1","bronze:Branch"],"picked":"bronze:SpaghettiCode","floor":22},{"not_picked":["bronze:Return","bronze:FineTuning"],"picked":"bronze:ForceShield","floor":25},{"not_picked":["bronze:Turbo","bronze:BuggyMess"],"picked":"bronze:Branch+1","floor":26},{"not_picked":["bronze:WildBeam+1","bronze:WhirlingStrike","bronze:BitShift"],"picked":"Singing Bowl","floor":27},{"not_picked":["bronze:WildBeam","bronze:Constructor"],"picked":"bronze:Fortify","floor":29},{"not_picked":["bronze:BitShift+1","bronze:CloningBeam"],"picked":"bronze:FindAndReplace","floor":31},{"not_picked":["bronze:Turbo","bronze:Branch"],"picked":"bronze:Deprecate+1","floor":32},{"not_picked":["bronze:RecursiveStrike","bronze:Hardcode"],"picked":"bronze:SpaghettiCode","floor":33},{"not_picked":["bronze:CutThrough","bronze:BitShift"],"picked":"bronze:Return+1","floor":36},{"not_picked":["bronze:Turbo+1","bronze:Safeguard+1"],"picked":"bronze:DelayedGuard","floor":37},{"not_picked":["bronze:WildBeam","bronze:Turbo"],"picked":"bronze:Constructor+1","floor":38},{"not_picked":["bronze:RecursiveStrike","bronze:WildBeam+1","bronze:Separator"],"picked":"Singing Bowl","floor":42},{"not_picked":["bronze:WildBeam","bronze:Frontload","bronze:InfiniteBeams"],"picked":"Singing Bowl","floor":44},{"not_picked":["expansioncontent:Chronoboost","expansioncontent:AwakenDeath"],"picked":"expansioncontent:PrepareCrush","floor":45},{"not_picked":["expansioncontent:Hexaburn","expansioncontent:GuardianWhirl"],"picked":"expansioncontent:Chronoboost","floor":45},{"not_picked":["expansioncontent:Hexaburn","expansioncontent:AwakenDeath"],"picked":"expansioncontent:YouAreMine","floor":45},{"not_picked":["bronze:RecursiveStrike","bronze:Fortify","bronze:BitShift+1"],"picked":"Singing Bowl","floor":48},{"not_picked":["bronze:Turbo+1","bronze:DelayedGuard"],"picked":"bronze:ForceShield","floor":49}],"player_experience":2824410,"relics_obtained":[{"floor":7.0,"key":"WingedGreaves"},{"floor":8.0,"key":"Ornamental Fan"},{"floor":13.0,"key":"Peace Pipe"},{"floor":14.0,"key":"Centennial Puzzle"},{"floor":25,"key":"Pen Nib"},{"floor":27,"key":"Singing Bowl"},{"floor":31,"key":"White Beast Statue"},{"floor":37,"key":"Ice Cream"},{"floor":41,"key":"Eternal Feather"}],"event_choices":[{"cards_removed":["bronze:Strike"],"damage_healed":0.0,"max_hp_gain":0.0,"max_hp_loss":0.0,"gold_gain":0.0,"event_name":"The Cleric","player_choice":"Card Removal","floor":3.0,"gold_loss":0.0,"damage_taken":0.0}],"is_beta":false,"boss_relics":[{"not_picked":["Coffee Dripper","Snecko Eye"],"picked":"Sozu"},{"not_picked":["bronze:PlatinumCore","Black Star"],"picked":"Runic Pyramid"}],"items_purged_floors":[4,38],"is_endless":false,"potions_floor_spawned":[5,8,16,22,25,27,31,32,33,36,37,38,42,44,48,49],"killed_by":"downfall:CharBossMerchant","ascension_level":6}}