{"host":"ndpbn7fqb3wjbd7p","time":1613585863,"event":{"mods":["AchievementEnabler","Act Like it!","AlwaysNeverKeys","BaseMod","Better Vampires","Block Reminder","Colored Powertips","DeckTracker","Defuse TimeMaze Blight","Friendly Minions","Highlight Path","MarisaÅiñ∂âJÅ@ñÇóùçπÅj","Minty Spire (QoL Compilation)","Permanent Neow","Shade Mod","StSLib","SuperFastMode","Synergy Search","The Mystic","Unceasing Turn Reminder","Wandering Minibosses"],"gold_per_floor":[113,127,58,58,58,97,97,22,49,49,23,23,45,67,67,67,67],"floor_reached":16,"language":"ENG","playtime":425,"items_purged":["Strike_B"],"score":162,"play_id":"6e240327-7d10-4ac2-a731-5aed5fc62e27","local_time":"20210217191743","is_ascension_mode":true,"campfire_choices":[{"data":"Defragment","floor":7,"key":"SMITH"},{"data":"Defragment","floor":12,"key":"SMITH"},{"data":"Zap","floor":15,"key":"SMITH"}],"circlet_count":0,"master_deck":["AscendersBane","Strike_B","Strike_B","Defend_B","Defend_B","Defend_B","Defend_B","Zap+1","Dualcast","Beam Cell","Defragment+1","Heatsinks","Defragment+1","Coolheaded","Heatsinks","Heatsinks","Recycle"],"relics":["Cracked Core","CeramicFish","Centennial Puzzle"],"acts_visited":["Exordium"],"potions_floor_usage":[6,14,14],"damage_taken":[{"damage":1,"enemies":"Cultist","floor":1,"turns":3},{"damage":9,"enemies":"Jaw Worm","floor":2,"turns":3},{"damage":20,"enemies":"Lagavulin","floor":6,"turns":6},{"damage":1,"enemies":"Small Slimes","floor":13,"turns":3},{"damage":3,"enemies":"Blue Slaver","floor":14,"turns":3},{"damage":28,"enemies":"Hexaghost","floor":16,"turns":9}],"seed_played":"-2504138325147066622","potions_obtained":[{"floor":1,"key":"DistilledChaos"},{"floor":6,"key":"Energy Potion"},{"floor":13,"key":"Energy Potion"}],"is_trial":false,"path_per_floor":["M","M","$","?","$","E","R","$","T","?","$","R","M","M","R","B"],"character_chosen":"DEFECT","items_purchased":["Defragment","Heatsinks"],"campfire_rested":0,"item_purchase_floors":[3,11],"current_hp_per_floor":[67,58,58,51,51,31,31,31,31,31,31,31,30,27,27,0,0],"gold":67,"neow_bonus":"THREE_CARDS","is_daily":false,"chose_seed":false,"campfire_upgraded":3,"win_rate":0.0,"timestamp":1613585863,"path_taken":["M","M","?","?","$","E","R","$","T","?","?","R","?","M","R","BOSS"],"items_purchased_type":["Card","Card"],"build_version":"2020-12-22","purchased_purges":1,"victory":false,"max_hp_per_floor":[75,75,75,75,75,75,75,75,75,75,75,75,75,75,75,75,75],"card_choices":[{"not_picked":["Conserve Battery","Redo"],"picked":"Beam Cell","floor":0},{"not_picked":["Coolheaded","Melter"],"picked":"Defragment","floor":1},{"not_picked":["Darkness","Stack"],"picked":"Heatsinks","floor":2},{"not_picked":["Stack","Leap"],"picked":"Coolheaded","floor":6},{"not_picked":["Beam Cell","Go for the Eyes"],"picked":"Heatsinks","floor":13},{"not_picked":["Turbo","Sweeping Beam"],"picked":"Recycle","floor":14}],"player_experience":1223757,"relics_obtained":[{"floor":6,"key":"CeramicFish"},{"floor":9,"key":"Centennial Puzzle"}],"event_choices":[{"cards_removed":["Strike_B"],"damage_healed":0,"gold_gain":0,"player_choice":"Card Removal","damage_taken":7,"max_hp_gain":0,"max_hp_loss":0,"event_name":"Golden Wing","floor":4,"gold_loss":0},{"damage_healed":0,"gold_gain":0,"player_choice":"Ignored","damage_taken":0,"max_hp_gain":0,"max_hp_loss":0,"event_name":"Liars Game","floor":10,"gold_loss":0}],"is_beta":false,"boss_relics":[],"items_purged_floors":[8],"is_endless":false,"potions_floor_spawned":[1,6,13],"killed_by":"Hexaghost","ascension_level":13}}