{"host":"ga4s3hj9m6nkn6gp","time":1613597347,"event":{"mods":["AchievementEnabler","BaseMod","Bestiary","Colored Powertips","Highlight Path","Minty Spire (QoL Compilation)","Relic Stats","everything is the same but u backflip on backflip"],"gold_per_floor":[117,82,82,94,105,105,122,155,155,155,74,108,124,158,158,158,158],"floor_reached":16,"language":"ENG","playtime":846,"items_purged":[],"score":240,"play_id":"955340f1-e6a9-45ae-b47e-18c9239b69aa","local_time":"20210217222907","is_ascension_mode":true,"campfire_choices":[{"data":"Blade Dance","floor":6,"key":"SMITH"},{"data":"Flying Knee","floor":10,"key":"SMITH"},{"data":"Finisher","floor":15,"key":"SMITH"}],"circlet_count":0,"master_deck":["AscendersBane","Strike_G","Strike_G","Strike_G","Strike_G","Strike_G","Defend_G","Defend_G","Defend_G","Defend_G","Defend_G","Survivor","Neutralize","Flying Knee+1","Blade Dance+1","Well Laid Plans","Finisher+1"],"relics":["SlaversCollar","MealTicket","Orichalcum","HornCleat","CeramicFish"],"acts_visited":["Exordium"],"potions_floor_usage":[8,8,16,16],"damage_taken":[{"damage":9,"enemies":"Jaw Worm","floor":1,"turns":6},{"damage":3,"enemies":"2 Louse","floor":4,"turns":3},{"damage":1,"enemies":"Cultist","floor":5,"turns":4},{"damage":16,"enemies":"3 Louse","floor":7,"turns":3},{"damage":2,"enemies":"Lagavulin","floor":8,"turns":5},{"damage":11,"enemies":"3 Sentries","floor":12,"turns":7},{"damage":9,"enemies":"Red Slaver","floor":13,"turns":2},{"damage":19,"enemies":"Gremlin Nob","floor":14,"turns":4},{"damage":29,"enemies":"Slime Boss","floor":16,"turns":7}],"seed_played":"-1484363205373956493","potions_obtained":[{"floor":4,"key":"BlessingOfTheForge"},{"floor":7,"key":"Swift Potion"},{"floor":8,"key":"EssenceOfSteel"},{"floor":12,"key":"Dexterity Potion"},{"floor":14,"key":"Block Potion"}],"is_trial":false,"path_per_floor":["M","?","?","M","M","R","M","E","T","R","$","E","M","E","R","B"],"character_chosen":"THE_SILENT","items_purchased":["Finisher"],"campfire_rested":0,"item_purchase_floors":[11],"current_hp_per_floor":[50,66,71,68,67,67,51,49,49,49,64,53,44,25,25,0,0],"gold":158,"neow_bonus":"BOSS_RELIC","is_daily":false,"chose_seed":false,"campfire_upgraded":3,"win_rate":0.0,"timestamp":1613597347,"path_taken":["M","?","?","M","M","R","M","E","T","R","?","E","M","E","R","BOSS"],"items_purchased_type":["Card"],"build_version":"2020-12-22","purchased_purges":0,"victory":false,"max_hp_per_floor":[66,66,71,71,71,71,71,71,71,71,71,71,71,71,71,71,71],"relic_stats":{"counters":[9,41],"CeramicFish":0,"MealTicket":15,"Orichalcum":[48],"obtain_stats":[{"SlaversCollar":0,"HornCleat":12,"CeramicFish":14,"MealTicket":8,"Orichalcum":9,"Ring of the Snake":0},{"SlaversCollar":0,"HornCleat":6,"CeramicFish":8,"MealTicket":5,"Orichalcum":5,"Ring of the Snake":0},{"SlaversCollar":0,"HornCleat":28,"CeramicFish":34,"MealTicket":21,"Orichalcum":21,"Ring of the Snake":0}]},"card_choices":[{"not_picked":["Poisoned Stab","Noxious Fumes"],"picked":"Flying Knee","floor":1},{"not_picked":["PiercingWail","Dodge and Roll"],"picked":"Blade Dance","floor":4},{"not_picked":["Cloak And Dagger","Storm of Steel"],"picked":"Well Laid Plans","floor":5},{"not_picked":["PiercingWail","Deflect","Heel Hook"],"picked":"SKIP","floor":7},{"not_picked":["Distraction","Outmaneuver","Deflect"],"picked":"SKIP","floor":8},{"not_picked":["Prepared","Escape Plan","Bane"],"picked":"SKIP","floor":12},{"not_picked":["Deadly Poison","Catalyst","Deflect"],"picked":"SKIP","floor":13},{"not_picked":["Cloak And Dagger","Dodge and Roll","Deadly Poison"],"picked":"SKIP","floor":14}],"player_experience":781950,"relics_obtained":[{"floor":8,"key":"MealTicket"},{"floor":9,"key":"Orichalcum"},{"floor":12,"key":"HornCleat"},{"floor":14,"key":"CeramicFish"}],"event_choices":[{"damage_healed":16,"gold_gain":0,"player_choice":"Healed","damage_taken":0,"max_hp_gain":0,"max_hp_loss":0,"event_name":"The Cleric","floor":2,"gold_loss":35},{"damage_healed":0,"gold_gain":0,"player_choice":"Donut","damage_taken":0,"max_hp_gain":5,"max_hp_loss":0,"event_name":"Big Fish","floor":3,"gold_loss":0}],"is_beta":false,"boss_relics":[],"items_purged_floors":[],"is_endless":false,"potions_floor_spawned":[4,7,8,12,14],"killed_by":"Slime Boss","ascension_level":20}}