{"host":"johnydays","time":1613600023,"event":{"mods":["BaseMod","Bestiary","Block Reminder","Colored Map","Colored Powertips","Curses Come First","DeckTracker","Highlight Path","Minty Spire (QoL Compilation)","Relic Sorter","Relic Stats","StSLib","SuperFastMode","Weighted Paths"],"gold_per_floor":[110,110,110,30,30,69,69,90,90,90,106,106,122,141,141,270,270,289,289,289,306,306,306,306],"floor_reached":23,"language":"ENG","playtime":1187,"items_purged":[],"score":252,"play_id":"631212dd-1afd-46aa-9017-e88a9051b65a","local_time":"20210217221343","is_ascension_mode":true,"campfire_choices":[{"data":"LikeWater","floor":10.0,"key":"SMITH"},{"floor":12,"key":"REST"},{"floor":15,"key":"REST"}],"circlet_count":0,"master_deck":["Strike_P","Strike_P","Defend_P","Defend_P","Defend_P","Eruption","Vigilance","ClearTheMind","DevaForm+1","InnerPeace+1","LikeWater+1","TalkToTheHand","EmptyBody","CarveReality","Omniscience","JustLucky+1","Ghostly","Ghostly","Ghostly","Ghostly","Ghostly","CutThroughFate","Devotion"],"relics":["Empty Cage","Bloody Idol","Pantograph","Shuriken","SlaversCollar"],"acts_visited":["Exordium","TheCity"],"potions_floor_usage":[14,21,23,23],"damage_taken":[{"damage":1.0,"enemies":"Small Slimes","floor":1.0,"turns":4.0},{"damage":32.0,"enemies":"Gremlin Nob","floor":6.0,"turns":5.0},{"damage":4.0,"enemies":"2 Louse","floor":8.0,"turns":3.0},{"damage":0.0,"enemies":"Cultist","floor":11.0,"turns":4.0},{"damage":7,"enemies":"Large Slime","floor":13,"turns":10},{"damage":13,"enemies":"Exordium Thugs","floor":14,"turns":13},{"damage":11,"enemies":"Hexaghost","floor":16,"turns":11},{"damage":4,"enemies":"Shell Parasite","floor":18,"turns":9},{"damage":5,"enemies":"Chosen","floor":21,"turns":7},{"damage":43,"enemies":"Slavers","floor":23,"turns":10}],"seed_played":"3615890729325336748","potions_obtained":[{"floor":6.0,"key":"Swift Potion"},{"floor":8.0,"key":"Ancient Potion"},{"floor":13,"key":"Block Potion"},{"floor":16,"key":"LiquidMemories"},{"floor":21,"key":"DistilledChaos"}],"is_trial":false,"path_per_floor":["M","?","?","$","?","E","?","M","T","R","M","R","M","M","R","B",null,"M","?","?","M","?","E"],"character_chosen":"WATCHER","items_purchased":["DevaForm"],"campfire_rested":2,"item_purchase_floors":[4],"current_hp_per_floor":[71,76,57,57,57,25,10,6,6,6,6,29,22,9,32,46,77,73,73,38,38,38,0,0],"gold":306,"neow_bonus":"BOSS_RELIC","is_daily":false,"chose_seed":false,"campfire_upgraded":1,"win_rate":0.0,"timestamp":1613600023,"path_taken":["M","?","?","$","?","E","?","M","T","R","M","R","M","M","R","BOSS","M","?","?","M","?","E"],"items_purchased_type":["Card"],"build_version":"2020-12-18","purchased_purges":0,"victory":false,"max_hp_per_floor":[72,77,77,77,77,77,77,77,77,77,77,77,77,77,77,77,77,77,77,38,38,38,38,38],"relic_stats":{"counters":[10,76],"Shuriken":[17],"Bloody Idol":5,"Pantograph":25,"obtain_stats":[{"SlaversCollar":17,"Golden Idol":3,"Shuriken":9,"Pantograph":6,"Bloody Idol":19,"PureWater":0,"Empty Cage":0},{"SlaversCollar":7,"Golden Idol":1,"Shuriken":3,"Pantograph":2,"Bloody Idol":8,"PureWater":0,"Empty Cage":0},{"SlaversCollar":50,"Golden Idol":4,"Shuriken":12,"Pantograph":9,"Bloody Idol":59,"PureWater":0,"Empty Cage":0}]},"card_choices":[{"not_picked":["FlyingSleeves","CutThroughFate"],"picked":"ClearTheMind","floor":1.0},{"not_picked":["FlurryOfBlows","FlyingSleeves"],"picked":"InnerPeace","floor":6.0},{"not_picked":["FlurryOfBlows","JustLucky"],"picked":"LikeWater","floor":8.0},{"not_picked":["Prostrate","CutThroughFate"],"picked":"TalkToTheHand","floor":11.0},{"not_picked":["WheelKick","SashWhip"],"picked":"EmptyBody","floor":13},{"not_picked":["Worship","JustLucky"],"picked":"CarveReality","floor":14},{"not_picked":["SpiritShield","Alpha"],"picked":"Omniscience","floor":16},{"not_picked":["PathToVictory","Evaluate"],"picked":"JustLucky+1","floor":18},{"not_picked":["ClearTheMind","SashWhip"],"picked":"CutThroughFate","floor":21}],"player_experience":535855,"relics_obtained":[{"floor":6.0,"key":"Pantograph"},{"floor":9.0,"key":"Shuriken"}],"event_choices":[{"damage_healed":0.0,"max_hp_gain":5.0,"max_hp_loss":0.0,"gold_gain":0.0,"event_name":"Big Fish","player_choice":"Donut","floor":2.0,"gold_loss":0.0,"damage_taken":0.0},{"damage_healed":0.0,"max_hp_gain":0.0,"max_hp_loss":0.0,"gold_gain":0.0,"event_name":"Golden Idol","player_choice":"Take Damage","floor":3.0,"gold_loss":0.0,"damage_taken":19.0,"relics_obtained":["Golden Idol"]},{"damage_healed":0.0,"max_hp_gain":0.0,"max_hp_loss":0.0,"gold_gain":0.0,"event_name":"Liars Game","player_choice":"Ignored","floor":5.0,"gold_loss":0.0,"damage_taken":0.0},{"damage_healed":0.0,"max_hp_gain":0.0,"max_hp_loss":0.0,"gold_gain":0.0,"event_name":"Shining Light","player_choice":"Entered Light","floor":7.0,"gold_loss":0.0,"damage_taken":15.0,"cards_upgraded":["InnerPeace","DevaForm"]},{"damage_healed":0,"gold_gain":0,"player_choice":"Gave Idol","damage_taken":0,"relics_obtained":["Bloody Idol"],"max_hp_gain":0,"max_hp_loss":0,"event_name":"Forgotten Altar","floor":19,"relics_lost":["Golden Idol"],"gold_loss":0},{"damage_healed":0,"gold_gain":0,"player_choice":"Became a Ghost","damage_taken":0,"max_hp_gain":0,"max_hp_loss":39,"event_name":"Ghosts","floor":20,"gold_loss":0,"cards_obtained":["Ghostly","Ghostly","Ghostly","Ghostly","Ghostly"]},{"damage_healed":0,"gold_gain":0,"cards_transformed":["Strike_P"],"player_choice":"Transformed","damage_taken":0,"max_hp_gain":0,"max_hp_loss":0,"event_name":"Transmorgrifier","floor":22,"gold_loss":0,"cards_obtained":["Devotion"]}],"is_beta":true,"boss_relics":[{"not_picked":["VioletLotus","Busted Crown"],"picked":"SlaversCollar"}],"items_purged_floors":[],"is_endless":false,"potions_floor_spawned":[6,8,13,16,18,21],"killed_by":"Slavers","ascension_level":4}}