{"host":"vk2xyavtylxbvrfq","time":1613591156,"event":{"mods":["Bard","BaseMod","Bestiary","Better Altar","Better Match","Better Note","Better Sensory Stone","Better Skull","Better Vampires","Block Reminder","Bossed Relics","Colored Map","Curses Come First","Displayed Cursed Tome","Downfall","Fox Events","Hermit","Ironclad Rager","Marked Mod","Minty Spire (QoL Compilation)","Quick Restart","Rare Cards Sparkle","Relic Sorter","Reliquary","Robot Space Explorer","StSLib","The Hayseed","The Runesmith","TheSurvivalist","Unceasing Turn Reminder"],"gold_per_floor":[130,164,191,216,226,226,226],"floor_reached":6,"language":"ENG","playtime":360,"items_purged":[],"score":52,"play_id":"80339eb1-f8a5-4757-8ea5-badd18e5ef55","local_time":"20210217144556","is_ascension_mode":true,"campfire_choices":[],"circlet_count":0,"master_deck":["hermit:Strike_Hermit","hermit:Strike_Hermit","hermit:Strike_Hermit","hermit:Strike_Hermit","hermit:Defend_Hermit","hermit:Defend_Hermit","hermit:Defend_Hermit","hermit:Defend_Hermit","hermit:Snapshot","hermit:Covet","hermit:DeadOrAlive","hermit:GoldenBullet","hermit:CalledShot","hermit:Determination","hermit:CursedWeapon","hermit:Quickdraw"],"relics":["hermit:Momento"],"acts_visited":["Exordium"],"potions_floor_usage":[],"damage_taken":[{"damage":0,"enemies":"Cultist","floor":1,"turns":3},{"damage":4,"enemies":"Small Slimes","floor":2,"turns":4},{"damage":13,"enemies":"Jaw Worm","floor":3,"turns":4},{"damage":17,"enemies":"3 Louse","floor":4,"turns":3},{"damage":15,"enemies":"Red Slaver","floor":5,"turns":3},{"damage":0,"enemies":"3 Sentries","floor":6,"turns":1}],"seed_played":"4281227289121230776","potions_obtained":[{"floor":2,"key":"SmokeBomb"},{"floor":3,"key":"Strength Potion"},{"floor":4,"key":"SpeedPotion"}],"is_trial":false,"path_per_floor":["M","M","M","M","M","E"],"character_chosen":"HERMIT","items_purchased":[],"campfire_rested":0,"item_purchase_floors":[],"current_hp_per_floor":[68,64,51,34,19,19,19],"gold":226,"neow_bonus":"ONE_RANDOM_RARE_CARD","is_daily":false,"chose_seed":false,"campfire_upgraded":0,"win_rate":0.0,"timestamp":1613591156,"path_taken":["M","?","M","?","M","E"],"items_purchased_type":[],"build_version":"2020-12-22","purchased_purges":0,"victory":false,"max_hp_per_floor":[75,75,75,75,75,75,75],"card_choices":[{"not_picked":["hermit:Spite","hermit:ShadowCloak"],"picked":"hermit:GoldenBullet","floor":1},{"not_picked":["hermit:WideOpen","hermit:Vantage"],"picked":"hermit:CalledShot","floor":2},{"not_picked":["hermit:WideOpen","hermit:Headshot"],"picked":"hermit:Determination","floor":3},{"not_picked":["hermit:LowProfile","hermit:Grudge"],"picked":"hermit:CursedWeapon","floor":4},{"not_picked":["hermit:Midnight","hermit:Grudge"],"picked":"hermit:Quickdraw","floor":5}],"player_experience":1409578,"relics_obtained":[],"event_choices":[],"is_beta":false,"boss_relics":[],"items_purged_floors":[],"is_endless":false,"potions_floor_spawned":[2,3,4],"killed_by":"3 Sentries","ascension_level":6}}