{"host":"vxgtqwpb0ulpisda","time":1613530518,"event":{"mods":["BaseMod","Bestiary","Minty Spire (QoL Compilation)","Relic Stats","ojb\u0027s Info Mod"],"gold_per_floor":[109,123,123,142,56,56,89,89,157,2,30,105,156,156,156,156,156],"floor_reached":16,"language":"ENG","playtime":822,"items_purged":[],"score":133,"play_id":"c02204ea-7376-4c1a-a554-30ff7686f521","local_time":"20210216215518","is_ascension_mode":true,"campfire_choices":[{"data":"Zap","floor":6,"key":"SMITH"},{"data":"White Noise","floor":8,"key":"SMITH"},{"data":"Seek","floor":15,"key":"SMITH"}],"circlet_count":0,"master_deck":["Strike_B","Strike_B","Strike_B","Defend_B","Defend_B","Defend_B","Defend_B","Zap+1","Dualcast","Cold Snap","Blizzard","Storm","Stack","Beam Cell","White Noise+1","Seek+1","Biased Cognition+1","Amplify"],"relics":["Cracked Core","Bronze Scales","Mummified Hand","Regal Pillow","Happy Flower"],"acts_visited":["Exordium"],"potions_floor_usage":[7,16],"damage_taken":[{"damage":5,"enemies":"Small Slimes","floor":1,"turns":3},{"damage":0,"enemies":"Cultist","floor":2,"turns":3},{"damage":7,"enemies":"Jaw Worm","floor":4,"turns":4},{"damage":6,"enemies":"Gremlin Nob","floor":7,"turns":3},{"damage":12,"enemies":"Lagavulin","floor":11,"turns":5},{"damage":44,"enemies":"Slime Boss","floor":16,"turns":9}],"seed_played":"6810161123747879685","potions_obtained":[{"floor":1,"key":"Strength Potion"},{"floor":4,"key":"Block Potion"}],"is_trial":false,"path_per_floor":["M","M","?","M","$","R","E","R","T","$","E","?","T","?","R","B"],"character_chosen":"DEFECT","items_purchased":["Beam Cell","White Noise","Biased Cognition"],"campfire_rested":0,"item_purchase_floors":[5,5,10],"current_hp_per_floor":[77,77,77,70,70,70,64,64,64,64,52,41,41,41,41,0,0],"gold":156,"neow_bonus":"TEN_PERCENT_HP_BONUS","is_daily":false,"chose_seed":false,"campfire_upgraded":3,"win_rate":0.0,"timestamp":1613530518,"path_taken":["M","M","?","?","?","R","E","R","T","$","E","?","?","?","R","BOSS"],"items_purchased_type":["Card","Card","Card"],"build_version":"2020-12-22","purchased_purges":0,"victory":false,"max_hp_per_floor":[82,82,82,82,82,82,82,82,82,82,82,82,82,82,82,82,82],"relic_stats":{"Regal Pillow":0,"Happy Flower":[3],"counters":[6,27],"Mummified Hand":[7],"Bronze Scales":[26],"obtain_stats":[{"Regal Pillow":11,"Happy Flower":13,"Mummified Hand":9,"Bronze Scales":7,"Cracked Core":0},{"Regal Pillow":5,"Happy Flower":5,"Mummified Hand":4,"Bronze Scales":4,"Cracked Core":0},{"Regal Pillow":18,"Happy Flower":18,"Mummified Hand":13,"Bronze Scales":13,"Cracked Core":0}]},"card_choices":[{"not_picked":["Turbo","Steam"],"picked":"Cold Snap","floor":1},{"not_picked":["Leap","Melter"],"picked":"Blizzard","floor":2},{"not_picked":["Conserve Battery","Rip and Tear"],"picked":"Stack","floor":4},{"not_picked":["Loop","Chaos"],"picked":"Seek","floor":7},{"not_picked":["Storm","Stack"],"picked":"Amplify","floor":11}],"player_experience":410642,"relics_obtained":[{"floor":7,"key":"Bronze Scales"},{"floor":9,"key":"Mummified Hand"},{"floor":11,"key":"Regal Pillow"},{"floor":13,"key":"Happy Flower"}],"event_choices":[{"damage_healed":0,"gold_gain":0,"cards_transformed":["Strike_B"],"player_choice":"Transformed","damage_taken":0,"max_hp_gain":0,"max_hp_loss":0,"event_name":"Transmorgrifier","floor":3,"gold_loss":0,"cards_obtained":["Storm"]},{"damage_healed":0,"gold_gain":75,"player_choice":"Gather Gold","damage_taken":11,"max_hp_gain":0,"max_hp_loss":0,"event_name":"World of Goop","floor":12,"gold_loss":0},{"damage_healed":0,"gold_gain":0,"player_choice":"Upgraded","damage_taken":0,"max_hp_gain":0,"max_hp_loss":0,"event_name":"Upgrade Shrine","floor":14,"gold_loss":0,"cards_upgraded":["Biased Cognition"]}],"is_beta":false,"boss_relics":[],"items_purged_floors":[],"is_endless":false,"potions_floor_spawned":[1,4],"killed_by":"Slime Boss","ascension_level":5}}