{"host":"io90toq331y73m30","time":1613572374,"event":{"mods":["BaseMod","Downfall","Minty Spire (QoL Compilation)","StSLib"],"gold_per_floor":[99,116,116,116,116,129,198,225,62,81,81,92,127,147,159,264,264,264,129,129,142,161,161,187,202,222,222,422,67,67,77,88,191,191,91,103,119,138,138,138,163,195,195,213,13,13,48,99,113,113,113,144,4,4,4,4,4,4],"floor_reached":56,"language":"ENG","playtime":4703,"items_purged":["Slimebound:Defend_Slimebound","Slimebound:Strike_Slimebound"],"score":819,"play_id":"46e5d502-ed5f-4780-93c1-7b4e36b317d6","local_time":"20210217143254","is_ascension_mode":false,"campfire_choices":[{"data":"Slimebound:Split","floor":1.0,"key":"SMITH"},{"floor":11,"key":"REST"},{"data":"Slimebound:MassRepurpose","floor":18,"key":"SMITH"},{"data":"Slimebound:OozeBath","floor":30,"key":"SMITH"},{"data":"Slimebound:CorrosiveSpit","floor":35,"key":"SMITH"},{"floor":40,"key":"RECALL"},{"floor":45,"key":"REST"},{"floor":54,"key":"REST"}],"circlet_count":0,"master_deck":["Slimebound:Defend_Slimebound+1","Slimebound:Defend_Slimebound+1","Slimebound:Split+1","Slimebound:CorrosiveSpit+1","Slimebound:LeechingTouch","Slimebound:ItLooksTasty","Slimebound:Gluttony","Slimebound:MegaLick","Slimebound:HauntingLick","Slimebound:SplitLeeching","Slimebound:LevelUp+1","Slimebound:SplitMire","Slimebound:LeechingTouch","Slimebound:OozeBath+1","Slimebound:GoopSpray","Slimebound:SamplingLick","Slimebound:GrowthPunch","Slimebound:LeadByExample+1","Slimebound:SamplingLick+1","Slimebound:TongueLash","Slimebound:Repurpose","Slimebound:MassFeed","Slimebound:Gluttony+1","Slimebound:Darklings","Slimebound:Schlurp","Slimebound:SpikyOuterGoop+1","Slimebound:SamplingLick","Slimebound:HauntingLick","Slimebound:HauntingLick","expansioncontent:AwakenDeath+1"],"relics":["Slimebound:AbsorbEndCombat","Blue Candle","Shuriken","War Paint","Orrery","Frozen Egg 2","Empty Cage","Slimebound:AggressiveSlimeRelic","Eternal Feather","Busted Crown","downfall:HeartBlessingBlue","Toy Ornithopter","Question Card","downfall:HeartBlessingGreen","downfall:HeartBlessingRed","Ice Cream","Anchor"],"acts_visited":["Exordium","TheCity","TheBeyond","TheEnding"],"potions_floor_usage":[15,16,16,19,26,33,33,38,42,44,48,50,50,50],"damage_taken":[{"damage":10.0,"enemies":"Small Slimes","floor":2.0,"turns":3.0},{"damage":1.0,"enemies":"2 Louse","floor":6.0,"turns":3.0},{"damage":39,"enemies":"3 Sentries","floor":8,"turns":7},{"damage":10,"enemies":"downfall:FleeingMerchant","floor":9,"turns":4},{"damage":0,"enemies":"Jaw Worm","floor":10,"turns":2},{"damage":13,"enemies":"Lots of Slimes","floor":12,"turns":4},{"damage":11,"enemies":"Lagavulin","floor":13,"turns":5},{"damage":27,"enemies":"Exordium Thugs","floor":14,"turns":4},{"damage":0,"enemies":"Blue Slaver","floor":15,"turns":4},{"damage":29,"enemies":"DF_ARCHETYPE_STREAMLINE","floor":16,"turns":9},{"damage":4,"enemies":"downfall:FleeingMerchant","floor":19,"turns":4},{"damage":7,"enemies":"3 Byrds","floor":21,"turns":6},{"damage":14,"enemies":"Spheric Guardian","floor":22,"turns":4},{"damage":7,"enemies":"Shelled Parasite and Fungi","floor":25,"turns":4},{"damage":14,"enemies":"Snake Plant","floor":26,"turns":4},{"damage":0,"enemies":"Snake Plant","floor":28,"turns":6},{"damage":8,"enemies":"downfall:FleeingMerchant","floor":29,"turns":4},{"damage":11,"enemies":"Centurion and Healer","floor":31,"turns":6},{"damage":9,"enemies":"Chosen and Byrds","floor":32,"turns":4},{"damage":15,"enemies":"IC_MUSHROOM_ARCHETYPE","floor":33,"turns":7},{"damage":20,"enemies":"Orb Walker","floor":36,"turns":4},{"damage":23,"enemies":"3 Darklings","floor":37,"turns":5},{"damage":16,"enemies":"Spire Growth","floor":38,"turns":5},{"damage":42,"enemies":"Reptomancer","floor":42,"turns":6},{"damage":18,"enemies":"Maw","floor":44,"turns":5},{"damage":23,"enemies":"Giant Head","floor":47,"turns":7},{"damage":0,"enemies":"downfall:FleeingMerchant","floor":48,"turns":4},{"damage":21,"enemies":"Transient","floor":49,"turns":5},{"damage":29,"enemies":"SI_POISON_ARCHETYPE","floor":50,"turns":8},{"damage":78,"enemies":"downfall:CharBossMerchant","floor":52,"turns":8},{"damage":60,"enemies":"downfall:NeowBoss","floor":55,"turns":18},{"damage":48,"enemies":"downfall:NeowBossFinal","floor":56,"turns":3}],"seed_played":"6902745461406115425","potions_obtained":[{"floor":10,"key":"Dexterity Potion"},{"floor":12,"key":"Explosive Potion"},{"floor":13,"key":"Block Potion"},{"floor":15,"key":"Block Potion"},{"floor":16,"key":"AttackPotion"},{"floor":21,"key":"Ancient Potion"},{"floor":22,"key":"DistilledChaos"},{"floor":23,"key":"CultistPotion"},{"floor":26,"key":"PowerPotion"},{"floor":33,"key":"DuplicationPotion"},{"floor":37,"key":"Regen Potion"},{"floor":38,"key":"hexamod:SoulburnPotion"},{"floor":42,"key":"AttackPotion"}],"is_trial":false,"path_per_floor":["R","M","?","?","?","M","T","E","$","M","R","M","E","M","M","B",null,"R","$","?","M","M","?","T","M","M","T","?","$","R","M","M","B",null,"R","M","M","M","?","R","T","E","?","M","R","?","E","$","M","B",null,"E","$","R","B","B"],"character_chosen":"SLIMEBOUND","items_purchased":["Orrery","Slimebound:SamplingLick","Eternal Feather","CultistPotion","Slimebound:SpawnSlimePotion","Slimebound:SamplingLick","Slimebound:HauntingLick","Slimebound:HauntingLick","expansioncontent:AwakenDeath"],"campfire_rested":3,"item_purchase_floors":[9,19,29,48,48,48,48,53,53],"current_hp_per_floor":[71,63,63,63,58,61,61,30,28,32,53,48,43,24,28,7,71,71,69,69,66,56,56,56,57,47,47,55,55,67,62,61,54,71,81,63,46,44,44,56,56,27,27,22,61,61,46,62,49,43,84,14,14,57,5,0,0,0],"gold":4,"neow_bonus":"TEN_PERCENT_HP_BONUS","is_daily":false,"chose_seed":false,"campfire_upgraded":4,"win_rate":0.0,"timestamp":1613572374,"path_taken":["R","M","?","?","?","M","T","E","$","M","R","M","E","?","M","BOSS","R","?","?","M","M","?","T","M","M","?","?","?","R","M","M","BOSS","R","M","M","M","?","R","T","E","?","M","R","?","E","?","M","BOSS","E","$","R","BOSS","BOSS"],"items_purchased_type":["Relic","Card","Relic","Potion","Potion","Card","Card","Card","Card"],"build_version":"2020-12-22","purchased_purges":2,"victory":false,"max_hp_per_floor":[71,71,71,71,71,71,71,71,71,71,71,71,71,71,71,71,71,71,71,71,71,71,71,71,71,71,71,71,71,71,71,71,71,71,81,81,81,81,81,81,81,81,81,81,81,81,81,84,84,84,84,84,84,84,84,84,84,84],"card_choices":[{"not_picked":["Slimebound:Prepare","Slimebound:FinishingTackle"],"picked":"Slimebound:LeechingTouch","floor":2.0},{"not_picked":["Slimebound:GoopTackle","Slimebound:Prepare"],"picked":"Slimebound:ItLooksTasty","floor":6.0},{"not_picked":["Slimebound:ComboTackle","Slimebound:Chomp","Slimebound:PressTheAttack"],"picked":"SKIP","floor":8},{"not_picked":["Slimebound:GoopTackle","Slimebound:SplitBruiser"],"picked":"Slimebound:MassRepurpose","floor":9},{"not_picked":["Slimebound:LeechingTouch","Slimebound:FinishingTackle"],"picked":"Slimebound:Gluttony","floor":9},{"not_picked":["Slimebound:LevelUp","Slimebound:ProtectTheBoss"],"picked":"Slimebound:MegaLick","floor":9},{"not_picked":["Slimebound:SpikyOuterGoop","Slimebound:GoopTackle"],"picked":"Slimebound:HauntingLick","floor":9},{"not_picked":["Slimebound:DuplicatedForm","Slimebound:Repurpose"],"picked":"Slimebound:SplitLeeching","floor":9},{"not_picked":["Slimebound:GoopTackle","Slimebound:LivingWall","Slimebound:Equalize"],"picked":"SKIP","floor":10},{"not_picked":["Slimebound:LivingWall","Slimebound:Chomp","Slimebound:ComboTackle"],"picked":"SKIP","floor":12},{"not_picked":["Slimebound:Gluttony+1","Slimebound:Dissolve"],"picked":"Slimebound:LevelUp+1","floor":13},{"not_picked":["Slimebound:SplitBruiser","Slimebound:HauntingLick"],"picked":"Slimebound:SplitMire","floor":14},{"not_picked":["Slimebound:FlameTackle","Slimebound:LivingWall"],"picked":"Slimebound:LeechingTouch","floor":15},{"not_picked":["Slimebound:WasteNot","Slimebound:SlimeSlap"],"picked":"Slimebound:OozeBath","floor":16},{"not_picked":["Slimebound:ComboTackle","Slimebound:Prepare+1"],"picked":"Slimebound:GoopSpray","floor":19},{"not_picked":["Slimebound:RollThrough","Slimebound:ProtectTheBoss+1"],"picked":"Slimebound:GrowthPunch","floor":21},{"not_picked":["Slimebound:SlimeSpikes+1","Slimebound:Repurpose"],"picked":"Slimebound:AcidTongue+1","floor":22},{"not_picked":["Slimebound:SlimeBrawl+1","Slimebound:SlimeBarrage+1","Slimebound:LeechEnergy"],"picked":"SKIP","floor":25},{"not_picked":["Slimebound:SplitBruiser","Slimebound:SplitAcid"],"picked":"Slimebound:LeadByExample+1","floor":26},{"not_picked":["Slimebound:PressTheAttack","Slimebound:FlameTackle+1"],"picked":"Slimebound:SamplingLick+1","floor":29},{"not_picked":["Slimebound:SlimeBrawl","Slimebound:FinishingTackle+1"],"picked":"Slimebound:TongueLash","floor":31},{"not_picked":["Slimebound:GoopSpray+1","Slimebound:RollThrough"],"picked":"Slimebound:Repurpose","floor":32},{"not_picked":["Slimebound:SlimeSlap","Slimebound:PrepareCrush"],"picked":"Slimebound:MassFeed","floor":33},{"not_picked":["Slimebound:FormOfPuddle+1"],"picked":"SKIP","floor":36},{"not_picked":["Slimebound:ProtectTheBoss+1"],"picked":"SKIP","floor":37},{"not_picked":["Slimebound:Prepare"],"picked":"SKIP","floor":38},{"not_picked":[],"picked":"Slimebound:Gluttony+1","floor":42},{"not_picked":["Slimebound:ViciousTackle+1"],"picked":"Slimebound:Schlurp","floor":44},{"not_picked":["Slimebound:SlimeSpikes+1","Slimebound:LeechEnergy"],"picked":"SKIP","floor":47},{"not_picked":["Slimebound:FlameTackle+1"],"picked":"Slimebound:SpikyOuterGoop+1","floor":48},{"not_picked":["Slimebound:GrowthPunch+1","Slimebound:GoopTackle"],"picked":"SKIP","floor":49},{"not_picked":["Slimebound:Dissolve","Slimebound:Chomp"],"picked":"SKIP","floor":52}],"player_experience":57576,"relics_obtained":[{"floor":7.0,"key":"Shuriken"},{"floor":8,"key":"War Paint"},{"floor":13,"key":"Frozen Egg 2"},{"floor":27,"key":"Slimebound:AggressiveSlimeRelic"},{"floor":41,"key":"Toy Ornithopter"},{"floor":42,"key":"Question Card"},{"floor":47,"key":"Ice Cream"},{"floor":52,"key":"Anchor"}],"event_choices":[{"cards_removed":["Slimebound:Defend_Slimebound"],"damage_healed":0.0,"max_hp_gain":0.0,"max_hp_loss":0.0,"gold_gain":0.0,"event_name":"The Cleric","player_choice":"Card Removal","floor":4.0,"gold_loss":0.0,"damage_taken":0.0},{"damage_healed":0,"gold_gain":0,"player_choice":"Ignored","damage_taken":0,"max_hp_gain":0,"max_hp_loss":0,"event_name":"Vampires","floor":20,"gold_loss":0},{"cards_removed":["Slimebound:AcidTongue"],"damage_healed":0,"gold_gain":0,"player_choice":"Removed Power","damage_taken":0,"max_hp_gain":0,"max_hp_loss":0,"event_name":"Falling","floor":39,"gold_loss":0}],"is_beta":false,"boss_relics":[{"not_picked":["Pandora\u0027s Box","Runic Dome"],"picked":"Empty Cage"},{"not_picked":["SacredBark","Tiny House"],"picked":"Busted Crown"}],"items_purged_floors":[19,29],"is_endless":false,"potions_floor_spawned":[10,12,13,15,16,21,22,26,31,33,37,38,42],"killed_by":"downfall:NeowBossFinal","ascension_level":0}}