{"host":"f76wcztdlwlduum6","time":1613539025,"event":{"mods":["BaseMod","BetterRewards","Colored Powertips","Minty Spire (QoL Compilation)","Quick Restart","Rare Cards Sparkle","Relic Stats","StSLib","SuperFastMode","everything is the same but u backflip on backflip"],"gold_per_floor":[109,126,126,51,126,126,454,467,467,467,496,510,510,528,528,602,602,622,642,658,658,487,487,518,518,544,644,673,691,720,732,732,808,808,821,821,299,299,312,342,367,367,390,405,405,233,244,261,261,261,261,261,261,45,76,76,76],"floor_reached":56,"language":"ENG","playtime":773,"items_purged":["Strike_R","Defend_R"],"score":2365,"play_id":"55ba678d-6732-4257-8b49-5f31ee8a444b","local_time":"20210216231705","is_ascension_mode":true,"campfire_choices":[{"data":"1","floor":6,"key":"LIFT"},{"data":"2","floor":10,"key":"LIFT"},{"data":"3","floor":13,"key":"LIFT"},{"floor":15,"key":"RECALL"},{"data":"Limit Break","floor":23,"key":"SMITH"},{"data":"Impatience","floor":25,"key":"SMITH"},{"data":"Defend_R","floor":32,"key":"PURGE"},{"floor":42,"key":"REST"},{"data":"Impatience+1","floor":49,"key":"PURGE"},{"floor":53,"key":"REST"}],"circlet_count":0,"master_deck":["AscendersBane","Whirlwind+1","Limit Break+1","Double Tap+1"],"relics":["Burning Blood","Girya","Chemical X","Old Coin","Mango","Centennial Puzzle","Vajra","Brimstone","Philosopher\u0027s Stone","MutagenicStrength","Bird Faced Urn","Peace Pipe","Pantograph","Unceasing Top","Ginger","Cursed Key","Anchor","Self Forming Clay","Pocketwatch","Thread and Needle","Bag of Marbles","Nunchaku","HandDrill","Blue Candle"],"acts_visited":["Exordium","TheCity","TheBeyond","TheEnding"],"potions_floor_usage":[50,51,56],"damage_taken":[{"damage":2,"enemies":"Jaw Worm","floor":1,"turns":2},{"damage":7,"enemies":"Small Slimes","floor":2,"turns":2},{"damage":0,"enemies":"Gremlin Nob","floor":7,"turns":2},{"damage":0,"enemies":"2 Louse","floor":8,"turns":1},{"damage":20,"enemies":"Lagavulin","floor":11,"turns":3},{"damage":13,"enemies":"Blue Slaver","floor":12,"turns":2},{"damage":11,"enemies":"Exordium Thugs","floor":14,"turns":2},{"damage":42,"enemies":"The Guardian","floor":16,"turns":4},{"damage":0,"enemies":"2 Thieves","floor":18,"turns":1},{"damage":13,"enemies":"Shell Parasite","floor":19,"turns":2},{"damage":0,"enemies":"Centurion and Healer","floor":20,"turns":1},{"damage":0,"enemies":"Slavers","floor":24,"turns":1},{"damage":0,"enemies":"Colosseum Slavers","floor":27,"turns":1},{"damage":0,"enemies":"Colosseum Nobs","floor":27,"turns":1},{"damage":0,"enemies":"Book of Stabbing","floor":28,"turns":1},{"damage":0,"enemies":"Snecko","floor":29,"turns":1},{"damage":0,"enemies":"Slavers","floor":30,"turns":1},{"damage":0,"enemies":"Snake Plant","floor":31,"turns":1},{"damage":16,"enemies":"Champ","floor":33,"turns":2},{"damage":0,"enemies":"Orb Walker","floor":35,"turns":1},{"damage":11,"enemies":"3 Shapes","floor":39,"turns":1},{"damage":0,"enemies":"Nemesis","floor":40,"turns":1},{"damage":0,"enemies":"Mind Bloom Boss Battle","floor":41,"turns":1},{"damage":0,"enemies":"3 Darklings","floor":44,"turns":1},{"damage":0,"enemies":"Sphere and 2 Shapes","floor":47,"turns":1},{"damage":0,"enemies":"Writhing Mass","floor":48,"turns":1},{"damage":0,"enemies":"Donu and Deca","floor":50,"turns":1},{"damage":0,"enemies":"Time Eater","floor":51,"turns":1},{"damage":0,"enemies":"Shield and Spear","floor":55,"turns":1},{"damage":90,"enemies":"The Heart","floor":56,"turns":3}],"seed_played":"8605052857743161304","potions_obtained":[{"floor":8,"key":"Weak Potion"},{"floor":11,"key":"ColorlessPotion"},{"floor":16,"key":"PowerPotion"},{"floor":19,"key":"Energy Potion"},{"floor":29,"key":"DuplicationPotion"}],"is_trial":false,"path_per_floor":["M","M","?","?","?","R","E","M","T","R","E","M","R","M","R","B",null,"M","M","M","?","$","R","E","R","T","?","E","M","E","M","R","B",null,"M","?","$","$","M","E","?","R","T","M","?","$","M","M","R","B","B",null,"R","$","E","B"],"character_chosen":"IRONCLAD","items_purchased":["Girya","Impatience","Anchor","Self Forming Clay","Nunchaku","HandDrill","PowerPotion"],"campfire_rested":2,"item_purchase_floors":[0,22,37,37,46,54,54],"current_hp_per_floor":[72,71,71,71,60,60,66,72,86,86,72,65,65,60,60,24,73,79,72,78,78,78,78,84,84,84,89,89,89,89,89,89,79,87,89,89,89,89,84,89,89,89,89,89,89,89,89,89,89,89,89,89,89,89,89,0,0],"gold":76,"neow_bonus":"","is_daily":false,"chose_seed":false,"campfire_upgraded":2,"win_rate":0.0,"timestamp":1613539025,"path_taken":["M","M","?","?","?","R","E","M","T","R","E","M","R","M","R","BOSS","M","M","M","?","$","R","E","R","T","?","E","M","E","M","R","BOSS","M","?","?","$","?","E","?","R","T","M","?","$","?","M","R","BOSS","BOSS","R","$","E","BOSS"],"items_purchased_type":["Relic","Card","Relic","Relic","Relic","Relic","Potion"],"build_version":"2020-12-22","purchased_purges":2,"victory":false,"max_hp_per_floor":[75,75,75,75,75,75,75,75,89,89,89,89,89,89,89,89,89,89,89,89,89,89,89,89,89,89,89,89,89,89,89,89,89,89,89,89,89,89,89,89,89,89,89,89,89,89,89,89,89,89,89,89,89,89,89,89,89],"relic_stats":{"counters":[35,72],"Self Forming Clay":[18],"Blue Candle":[1],"Ginger":[13],"Cursed Key":1,"Burning Blood":120,"Peace Pipe":2,"Centennial Puzzle":[18],"Nunchaku":[1],"Bird Faced Urn":[0],"Pantograph":0,"HandDrill":[0],"Chemical X":[52],"obtain_stats":[{"Girya":0,"Self Forming Clay":37,"Blue Candle":55,"Vajra":14,"Mango":9,"Thread and Needle":41,"Ginger":30,"Cursed Key":34,"Burning Blood":0,"Old Coin":7,"Peace Pipe":27,"Centennial Puzzle":11,"Anchor":37,"Nunchaku":46,"Brimstone":14,"MutagenicStrength":21,"Bird Faced Urn":24,"Pantograph":27,"Philosopher\u0027s Stone":17,"Bag of Marbles":43,"HandDrill":54,"Chemical X":0,"Unceasing Top":28,"Pocketwatch":40},{"Girya":5,"Self Forming Clay":25,"Blue Candle":34,"Vajra":12,"Mango":9,"Thread and Needle":28,"Ginger":22,"Cursed Key":24,"Burning Blood":0,"Old Coin":8,"Peace Pipe":19,"Centennial Puzzle":10,"Anchor":25,"Nunchaku":29,"Brimstone":12,"MutagenicStrength":16,"Bird Faced Urn":17,"Pantograph":19,"Philosopher\u0027s Stone":13,"Bag of Marbles":28,"HandDrill":33,"Chemical X":5,"Unceasing Top":20,"Pocketwatch":27},{"Girya":28,"Self Forming Clay":60,"Blue Candle":69,"Vajra":42,"Mango":35,"Thread and Needle":63,"Ginger":56,"Cursed Key":59,"Burning Blood":0,"Old Coin":34,"Peace Pipe":53,"Centennial Puzzle":38,"Anchor":60,"Nunchaku":64,"Brimstone":42,"MutagenicStrength":50,"Bird Faced Urn":51,"Pantograph":53,"Philosopher\u0027s Stone":46,"Bag of Marbles":63,"HandDrill":68,"Chemical X":28,"Unceasing Top":54,"Pocketwatch":62}],"Unceasing Top":[0],"Pocketwatch":[0]},"card_choices":[{"not_picked":["Infernal Blade","Flame Barrier","Battle Trance"],"picked":"SKIP","floor":1},{"not_picked":["Thunderclap","Reckless Charge","Disarm"],"picked":"SKIP","floor":2},{"not_picked":["Clash","Battle Trance","Perfected Strike"],"picked":"SKIP","floor":7},{"not_picked":["True Grit","Combust","Perfected Strike"],"picked":"SKIP","floor":8},{"not_picked":["Clothesline","Rage","Barricade"],"picked":"SKIP","floor":11},{"not_picked":["Wild Strike","Shrug It Off","Iron Wave"],"picked":"SKIP","floor":12},{"not_picked":["Sword Boomerang","Clothesline","True Grit"],"picked":"SKIP","floor":14},{"not_picked":["Brutality","Demon Form"],"picked":"Limit Break","floor":16},{"not_picked":["Sentinel","Power Through","Thunderclap"],"picked":"SKIP","floor":18},{"not_picked":["Clash","Headbutt","Second Wind+1"],"picked":"SKIP","floor":19},{"not_picked":["Searing Blow","Flame Barrier","Thunderclap"],"picked":"SKIP","floor":20},{"not_picked":["Bludgeon","Dropkick","Clothesline"],"picked":"SKIP","floor":24},{"not_picked":["Twin Strike","Exhume","Shrug It Off"],"picked":"SKIP","floor":28},{"not_picked":["Carnage","Combust","Headbutt"],"picked":"SKIP","floor":29},{"not_picked":["Thunderclap","Twin Strike","Seeing Red"],"picked":"SKIP","floor":30},{"not_picked":["Shockwave","Twin Strike+1","True Grit"],"picked":"SKIP","floor":31},{"not_picked":["Offering","Exhume"],"picked":"Double Tap","floor":33},{"not_picked":["Clothesline","Flex","Headbutt+1"],"picked":"SKIP","floor":35},{"not_picked":["Sword Boomerang","Searing Blow","Shrug It Off+1"],"picked":"SKIP","floor":39},{"not_picked":["Perfected Strike+1","Thunderclap","Cleave+1"],"picked":"SKIP","floor":40},{"not_picked":["Thunderclap","True Grit","Sentinel+1"],"picked":"SKIP","floor":44},{"not_picked":["Searing Blow+1","Armaments","Wild Strike+1"],"picked":"SKIP","floor":47},{"not_picked":["Blood for Blood+1","Entrench","Clothesline"],"picked":"SKIP","floor":48},{"not_picked":["Armaments","Limit Break","Reckless Charge"],"picked":"SKIP","floor":55}],"player_experience":344777,"relics_obtained":[{"floor":7,"key":"Old Coin"},{"floor":9,"key":"Mango"},{"floor":11,"key":"Centennial Puzzle"},{"floor":24,"key":"Bird Faced Urn"},{"floor":27,"key":"Peace Pipe"},{"floor":27,"key":"Pantograph"},{"floor":28,"key":"Unceasing Top"},{"floor":30,"key":"Ginger"},{"floor":40,"key":"Pocketwatch"},{"floor":41,"key":"Thread and Needle"},{"floor":43,"key":"Bag of Marbles"},{"floor":55,"key":"Blue Candle"}],"event_choices":[{"cards_removed":["Strike_R"],"damage_healed":0,"gold_gain":0,"player_choice":"Forget","damage_taken":0,"max_hp_gain":0,"max_hp_loss":0,"event_name":"Living Wall","floor":3,"gold_loss":0},{"cards_removed":["Defend_R"],"damage_healed":0,"gold_gain":0,"player_choice":"Card Removal","damage_taken":0,"max_hp_gain":0,"max_hp_loss":0,"event_name":"The Cleric","floor":4,"gold_loss":75},{"damage_healed":0,"gold_gain":75,"player_choice":"Gather Gold","damage_taken":11,"max_hp_gain":0,"max_hp_loss":0,"event_name":"World of Goop","floor":5,"gold_loss":0},{"damage_healed":0,"gold_gain":0,"player_choice":"Inject Mutagens","damage_taken":0,"relics_obtained":["MutagenicStrength"],"max_hp_gain":0,"max_hp_loss":0,"event_name":"Drug Dealer","floor":21,"gold_loss":0},{"damage_healed":0,"gold_gain":0,"player_choice":"Fight","damage_taken":0,"max_hp_gain":0,"max_hp_loss":0,"event_name":"Colosseum","floor":27,"gold_loss":0},{"damage_healed":0,"gold_gain":0,"player_choice":"Fought Nobs","damage_taken":0,"max_hp_gain":0,"max_hp_loss":0,"event_name":"Colosseum","floor":27,"gold_loss":0},{"damage_healed":0,"gold_gain":0,"player_choice":"Forge","damage_taken":0,"max_hp_gain":0,"max_hp_loss":0,"event_name":"Accursed Blacksmith","floor":36,"gold_loss":0,"cards_upgraded":["Double Tap"]},{"damage_healed":0,"gold_gain":0,"player_choice":"Fight","damage_taken":0,"max_hp_gain":0,"max_hp_loss":0,"event_name":"MindBloom","floor":41,"gold_loss":0},{"cards_removed":["Normality"],"damage_healed":0,"gold_gain":0,"player_choice":"Removed Curses","damage_taken":0,"max_hp_gain":0,"max_hp_loss":0,"event_name":"Fountain of Cleansing","floor":45,"gold_loss":0}],"is_beta":false,"boss_relics":[{"not_picked":["Busted Crown","SlaversCollar"],"picked":"Philosopher\u0027s Stone"},{"not_picked":["Pandora\u0027s Box","Tiny House"],"picked":"Cursed Key"}],"items_purged_floors":[22,37],"is_endless":false,"potions_floor_spawned":[8,11,16,19,20,24,27,28,29,39,47],"killed_by":"The Heart","ascension_level":20}}