{"host":"w3q5ijqu8eoknil3","time":1613520416,"event":{"mods":["AchievementEnabler","BaseMod","Block Reminder","Colored Map","Colored Powertips","Curses Come First","Dark Map","Minty Spire (QoL Compilation)","Quick Restart","Relic Stats","StSLib","ojb\u0027s Better Paths Mod","ojb\u0027s Info Mod","slay the spire mod where everything is the same but ironclad has a cowboy hat"],"gold_per_floor":[211,226,1,33,33,33,67,67,67,92,128,155,155,175,175,251,251,265,279,279,279],"floor_reached":20,"language":"ENG","playtime":597,"items_purged":[],"score":363,"play_id":"842bc84d-93e8-43c8-9240-04092e23c764","local_time":"20210217000656","is_ascension_mode":true,"campfire_choices":[{"data":"Dagger Spray","floor":6,"key":"SMITH"},{"data":"Doppelganger","floor":8,"key":"SMITH"},{"data":"Crippling Poison","floor":13,"key":"SMITH"},{"floor":15,"key":"REST"}],"circlet_count":0,"master_deck":["AscendersBane","Strike_G","Strike_G","Strike_G","Strike_G","Defend_G","Defend_G","Defend_G","Defend_G","Defend_G","Survivor","Neutralize","Terror","Dagger Spray+1","Flying Knee","Blur","Doppelganger+1","Crippling Poison+1","Dagger Spray","Poisoned Stab","Dagger Spray","Phantasmal Killer","Footwork+1","PiercingWail"],"relics":["Ring of the Snake","Toolbox","Mercury Hourglass","Bag of Preparation","PreservedInsect","Coffee Dripper"],"acts_visited":["Exordium","TheCity"],"potions_floor_usage":[10,12,16,16],"damage_taken":[{"damage":0,"enemies":"2 Louse","floor":1,"turns":3},{"damage":1,"enemies":"Cultist","floor":2,"turns":3},{"damage":5,"enemies":"Small Slimes","floor":4,"turns":4},{"damage":7,"enemies":"3 Louse","floor":7,"turns":2},{"damage":6,"enemies":"Lagavulin","floor":10,"turns":6},{"damage":0,"enemies":"2 Fungi Beasts","floor":11,"turns":2},{"damage":14,"enemies":"Gremlin Nob","floor":12,"turns":3},{"damage":9,"enemies":"Gremlin Gang","floor":14,"turns":2},{"damage":23,"enemies":"Slime Boss","floor":16,"turns":7},{"damage":19,"enemies":"2 Thieves","floor":18,"turns":4},{"damage":18,"enemies":"Shell Parasite","floor":19,"turns":4},{"damage":23,"enemies":"Masked Bandits","floor":20,"turns":3}],"seed_played":"1161091426634143560","potions_obtained":[{"floor":1,"key":"Dexterity Potion"},{"floor":11,"key":"PowerPotion"},{"floor":12,"key":"Explosive Potion"},{"floor":14,"key":"AttackPotion"}],"is_trial":false,"path_per_floor":["M","M","$","M","?","R","M","R","T","E","M","E","R","M","R","B",null,"M","M","?"],"character_chosen":"THE_SILENT","items_purchased":["Toolbox","Dagger Spray"],"campfire_rested":1,"item_purchase_floors":[3,3],"current_hp_per_floor":[59,58,58,53,53,53,46,46,46,40,40,26,26,17,36,13,53,34,16,0,0],"gold":279,"neow_bonus":"HUNDRED_GOLD","is_daily":false,"chose_seed":false,"campfire_upgraded":3,"win_rate":0.0,"timestamp":1613520416,"path_taken":["M","M","$","M","?","R","?","R","T","E","M","E","R","M","R","BOSS","M","M","?"],"items_purchased_type":["Relic","Card"],"build_version":"2020-12-22","purchased_purges":0,"victory":false,"max_hp_per_floor":[66,66,66,66,66,66,66,66,66,66,66,66,66,66,66,66,66,66,66,66,66],"relic_stats":{"counters":[12,42],"PreservedInsect":0,"Bag of Preparation":[14],"obtain_stats":[{"Toolbox":3,"PreservedInsect":12,"Bag of Preparation":10,"Coffee Dripper":17,"Ring of the Snake":0,"Mercury Hourglass":9},{"Toolbox":2,"PreservedInsect":7,"Bag of Preparation":5,"Coffee Dripper":9,"Ring of the Snake":0,"Mercury Hourglass":4},{"Toolbox":6,"PreservedInsect":23,"Bag of Preparation":18,"Coffee Dripper":32,"Ring of the Snake":0,"Mercury Hourglass":12}],"Ring of the Snake":[24],"Mercury Hourglass":[112]},"card_choices":[{"not_picked":["Expertise","Dodge and Roll"],"picked":"Terror","floor":1},{"not_picked":["Flechettes","Quick Slash","Accuracy"],"picked":"SKIP","floor":2},{"not_picked":["Underhanded Strike","Deadly Poison"],"picked":"Flying Knee","floor":4},{"not_picked":["Well Laid Plans","Bane"],"picked":"Doppelganger","floor":7},{"not_picked":["Bane","Slice"],"picked":"Crippling Poison","floor":10},{"not_picked":["Deflect","Backflip"],"picked":"Dagger Spray","floor":11},{"not_picked":["Prepared","Slice"],"picked":"Poisoned Stab","floor":12},{"not_picked":["Eviscerate","Dagger Throw"],"picked":"Dagger Spray","floor":14},{"not_picked":["Envenom","Burst"],"picked":"Phantasmal Killer","floor":16},{"not_picked":["Sucker Punch","Dagger Throw"],"picked":"Footwork+1","floor":18},{"not_picked":["Quick Slash","Terror"],"picked":"PiercingWail","floor":19}],"player_experience":1052661,"relics_obtained":[{"floor":9,"key":"Mercury Hourglass"},{"floor":10,"key":"Bag of Preparation"},{"floor":12,"key":"PreservedInsect"}],"event_choices":[{"damage_healed":0,"gold_gain":0,"cards_transformed":["Strike_G"],"player_choice":"Transformed","damage_taken":0,"max_hp_gain":0,"max_hp_loss":0,"event_name":"Transmorgrifier","floor":5,"gold_loss":0,"cards_obtained":["Blur"]},{"damage_healed":0,"gold_gain":0,"player_choice":"Fought Bandits","damage_taken":0,"max_hp_gain":0,"max_hp_loss":0,"event_name":"Masked Bandits","floor":20,"gold_loss":0}],"is_beta":false,"boss_relics":[{"not_picked":["Sozu","Runic Pyramid"],"picked":"Coffee Dripper"}],"items_purged_floors":[],"is_endless":false,"potions_floor_spawned":[1,11,12,14],"killed_by":"Masked Bandits","ascension_level":19}}