{"host":"5h6e4l6hpn0p5lap","time":1613571179,"event":{"mods":["AchievementEnabler","BaseMod","Better Altar","Better Match","Better Sensory Stone","Better Skull","Better Third Choice","Colored Map","Filter the Spire","Minty Spire (QoL Compilation)","StSLib"],"gold_per_floor":[118,118,118,68,16,43,43,56,56,56,79,79,122,143,143,267,267,291,311,311,213,228,228,282,294,306,318,245,298,107,128,128,249,249,272,272,92,92,112,112,112],"floor_reached":40,"language":"ENG","playtime":1311,"items_purged":["Strike_B","Regret","Writhe"],"score":660,"play_id":"cd7f4aa3-ff2f-4093-87eb-e38e01f75666","local_time":"20210217091259","is_ascension_mode":true,"campfire_choices":[{"data":"Zap","floor":10,"key":"SMITH"},{"data":"Dualcast","floor":12,"key":"SMITH"},{"data":"Ball Lightning","floor":15,"key":"SMITH"},{"floor":23,"key":"REST"},{"floor":25,"key":"REST"},{"floor":32,"key":"REST"}],"circlet_count":0,"master_deck":["Strike_B","Strike_B","Strike_B","Defend_B","Defend_B","Defend_B","Zap+1","Dualcast+1","Glacier","Ball Lightning+1","Go for the Eyes","Leap","Loop","Coolheaded","Thunder Strike","Doom and Gloom","Chill+1","Magnetism","Stack","Self Repair","BootSequence","Melter+1","Capacitor","Consume","Capacitor","Machine Learning","Aggregate+1","Defragment","Leap","Writhe"],"relics":["Cracked Core","NeowsBlessing","Art of War","Golden Idol","Letter Opener","Lizard Tail","Cursed Key","MawBank","Blood Vial","Shuriken","Regal Pillow","Smiling Mask","Sozu"],"acts_visited":["Exordium","TheCity","TheBeyond"],"potions_floor_usage":[13,18,19,33],"damage_taken":[{"damage":0,"enemies":"Jaw Worm","floor":1,"turns":1},{"damage":0,"enemies":"Gremlin Nob","floor":6,"turns":1},{"damage":0,"enemies":"2 Louse","floor":8,"turns":1},{"damage":3,"enemies":"Small Slimes","floor":11,"turns":3},{"damage":6,"enemies":"Lagavulin","floor":13,"turns":6},{"damage":6,"enemies":"Exordium Wildlife","floor":14,"turns":4},{"damage":20,"enemies":"The Guardian","floor":16,"turns":13},{"damage":16,"enemies":"3 Byrds","floor":18,"turns":4},{"damage":17,"enemies":"2 Thieves","floor":19,"turns":4},{"damage":19,"enemies":"Sentry and Sphere","floor":22,"turns":6},{"damage":50,"enemies":"Slavers","floor":24,"turns":7},{"damage":27,"enemies":"Book of Stabbing","floor":29,"turns":7},{"damage":24,"enemies":"Cultist and Chosen","floor":31,"turns":7},{"damage":56,"enemies":"Collector","floor":33,"turns":12},{"damage":35,"enemies":"Orb Walker","floor":35,"turns":6},{"damage":27,"enemies":"3 Darklings","floor":39,"turns":8},{"damage":50,"enemies":"Nemesis","floor":40,"turns":2}],"seed_played":"2517288251456716546","potions_obtained":[{"floor":1,"key":"AttackPotion"},{"floor":6,"key":"SkillPotion"},{"floor":14,"key":"Explosive Potion"},{"floor":19,"key":"SpeedPotion"},{"floor":31,"key":"Strength Potion"}],"is_trial":false,"path_per_floor":["M","?","$","?","$","E","?","M","T","R","M","R","E","M","R","B",null,"M","M","?","$","M","R","E","R","T","?","?","E","$","M","R","B",null,"M","?","$","?","M","E"],"character_chosen":"DEFECT","items_purchased":["Ball Lightning","Stack","Capacitor","Consume","Defragment","Leap"],"campfire_rested":3,"item_purchase_floors":[5,21,30,30,37,37],"current_hp_per_floor":[68,73,73,73,73,73,73,73,73,73,70,70,64,58,58,38,65,49,32,32,32,13,35,31,53,53,53,53,35,35,20,57,10,58,32,32,32,51,33,0,0],"gold":112,"neow_bonus":"THREE_ENEMY_KILL","is_daily":false,"chose_seed":false,"campfire_upgraded":3,"win_rate":0.0,"timestamp":1613571179,"path_taken":["M","?","$","?","$","E","?","M","T","R","M","R","E","?","R","BOSS","M","M","?","$","M","R","E","R","T","?","?","E","$","M","R","BOSS","M","?","$","?","M","E"],"items_purchased_type":["Card","Card","Card","Card","Card","Card"],"build_version":"2020-12-22","purchased_purges":3,"victory":false,"max_hp_per_floor":[75,80,80,80,80,80,74,74,74,74,74,74,74,74,74,74,74,74,74,74,74,74,74,74,74,74,74,74,74,74,74,74,74,74,74,74,74,74,74,74,74],"card_choices":[{"not_picked":["Storm","Hologram"],"picked":"Glacier","floor":1},{"not_picked":["Skim","Hello World","Beam Cell"],"picked":"SKIP","floor":6},{"not_picked":["Auto Shields","Redo"],"picked":"Go for the Eyes","floor":8},{"not_picked":["Storm","Chill"],"picked":"Leap","floor":11},{"not_picked":["FTL","Streamline"],"picked":"Loop","floor":13},{"not_picked":["Turbo","Barrage"],"picked":"Coolheaded","floor":14},{"not_picked":["All For One","Machine Learning"],"picked":"Thunder Strike","floor":16},{"not_picked":["Coolheaded","Hologram"],"picked":"Doom and Gloom","floor":18},{"not_picked":["Heatsinks","Rip and Tear"],"picked":"Chill+1","floor":19},{"not_picked":["Dark Shackles","Secret Weapon"],"picked":"Magnetism","floor":20},{"not_picked":["Rip and Tear","Cold Snap"],"picked":"Self Repair","floor":22},{"not_picked":["Sweeping Beam","Heatsinks+1"],"picked":"BootSequence","floor":24},{"not_picked":["Rebound","Barrage+1"],"picked":"Melter+1","floor":29},{"not_picked":["Steam+1","Coolheaded"],"picked":"Capacitor","floor":31},{"not_picked":["Echo Form","Thunder Strike"],"picked":"Machine Learning","floor":33},{"not_picked":["Stack","Gash"],"picked":"Aggregate+1","floor":35},{"not_picked":["Redo","Turbo","Hello World+1"],"picked":"SKIP","floor":39}],"player_experience":1127846,"relics_obtained":[{"floor":6,"key":"Art of War"},{"floor":9,"key":"Letter Opener"},{"floor":13,"key":"Lizard Tail"},{"floor":24,"key":"MawBank"},{"floor":26,"key":"Blood Vial"},{"floor":29,"key":"Smiling Mask"}],"event_choices":[{"damage_healed":0,"gold_gain":0,"player_choice":"Donut","damage_taken":0,"max_hp_gain":5,"max_hp_loss":0,"event_name":"Big Fish","floor":2,"gold_loss":0},{"cards_removed":["Defend_B"],"damage_healed":0,"gold_gain":0,"player_choice":"Card Removal","damage_taken":0,"max_hp_gain":0,"max_hp_loss":0,"event_name":"The Cleric","floor":4,"gold_loss":50},{"damage_healed":0,"gold_gain":0,"player_choice":"Lose Max HP","damage_taken":0,"relics_obtained":["Golden Idol"],"max_hp_gain":0,"max_hp_loss":6,"event_name":"Golden Idol","floor":7,"gold_loss":0},{"damage_healed":0,"gold_gain":2,"player_choice":"1","damage_taken":0,"max_hp_gain":0,"max_hp_loss":0,"event_name":"betterStone:BetterStone","floor":20,"gold_loss":0},{"damage_healed":0,"gold_gain":0,"player_choice":"Opened","damage_taken":0,"relics_obtained":["Shuriken"],"max_hp_gain":0,"max_hp_loss":0,"event_name":"The Mausoleum","floor":27,"gold_loss":0,"cards_obtained":["Writhe"]},{"damage_healed":0,"gold_gain":0,"player_choice":"Obtained Relic","damage_taken":0,"relics_obtained":["Regal Pillow"],"max_hp_gain":0,"max_hp_loss":0,"event_name":"Addict","floor":28,"gold_loss":85},{"damage_healed":0,"gold_gain":0,"player_choice":"Ignored","damage_taken":0,"max_hp_gain":0,"max_hp_loss":0,"event_name":"Mysterious Sphere","floor":36,"gold_loss":0},{"damage_healed":19,"gold_gain":0,"player_choice":"Writhe","damage_taken":0,"max_hp_gain":0,"max_hp_loss":0,"event_name":"Winding Halls","floor":38,"gold_loss":0,"cards_obtained":["Writhe"]}],"is_beta":false,"boss_relics":[{"not_picked":["Nuclear Battery","Pandora\u0027s Box"],"picked":"Cursed Key"},{"not_picked":["Empty Cage","FrozenCore"],"picked":"Sozu"}],"items_purged_floors":[21,30,37],"is_endless":false,"potions_floor_spawned":[1,6,14,19,29,31],"killed_by":"Nemesis","ascension_level":9}}