{"host":"oehe2dxjvdgux73m","time":1613571920,"event":{"mods":["AchievementEnabler","BaseMod","Colored Map","Colored Powertips","DeckTracker","Keyboard Shortcuts","Minty Spire (QoL Compilation)","Permanent Neow","Quick Restart","StSLib","SuperFastMode"],"gold_per_floor":[119,139,139,150,52,52,87,87,87,87,112,130,130,157,157,157,157],"floor_reached":16,"language":"KOR","playtime":265,"items_purged":[],"score":179,"play_id":"e0372a93-1193-4575-93e6-d36d33904163","local_time":"20210217232520","is_ascension_mode":true,"campfire_choices":[{"data":"Eruption","floor":6.0,"key":"SMITH"},{"data":"EmptyMind","floor":8.0,"key":"SMITH"},{"data":"MentalFortress","floor":13.0,"key":"SMITH"},{"data":"Flash of Steel","floor":15.0,"key":"SMITH"}],"circlet_count":0,"master_deck":["Strike_P","Strike_P","Strike_P","Defend_P","Defend_P","Eruption+1","Vigilance","FlurryOfBlows","EmptyMind+1","MentalFortress+1","Flash of Steel+1"],"relics":["PureWater","Letter Opener","Yang","StoneCalendar","Blue Candle"],"acts_visited":["Exordium"],"potions_floor_usage":[],"damage_taken":[{"damage":1.0,"enemies":"2 Louse","floor":1.0,"turns":2.0},{"damage":4.0,"enemies":"Jaw Worm","floor":2.0,"turns":3.0},{"damage":0.0,"enemies":"Cultist","floor":4.0,"turns":2.0},{"damage":18.0,"enemies":"Lagavulin","floor":7.0,"turns":5.0},{"damage":6.0,"enemies":"Gremlin Nob","floor":11.0,"turns":3.0},{"damage":0.0,"enemies":"2 Fungi Beasts","floor":12.0,"turns":2.0},{"damage":0.0,"enemies":"3 Sentries","floor":14.0,"turns":3.0},{"damage":14,"enemies":"The Guardian","floor":16,"turns":5}],"seed_played":"-46751049276864614","potions_obtained":[{"floor":1.0,"key":"AttackPotion"},{"floor":7.0,"key":"AttackPotion"},{"floor":12.0,"key":"PowerPotion"},{"floor":14.0,"key":"Energy Potion"}],"is_trial":false,"path_per_floor":["M","M","?","M","$","R","E","R","T","?","E","M","R","E","R","B"],"character_chosen":"WATCHER","items_purchased":["Flash of Steel"],"campfire_rested":0,"item_purchase_floors":[5],"current_hp_per_floor":[64,60,53,53,53,53,35,35,35,35,29,29,29,29,29,15,15],"gold":157,"neow_bonus":"REMOVE_TWO","is_daily":false,"chose_seed":false,"campfire_upgraded":4,"win_rate":0.0,"timestamp":1613571920,"path_taken":["M","M","?","M","$","R","E","R","T","?","E","M","R","E","R","BOSS"],"items_purchased_type":["Card"],"build_version":"2020-12-22","purchased_purges":0,"victory":false,"max_hp_per_floor":[65,65,65,65,65,65,65,65,65,65,65,65,65,65,65,65,65],"card_choices":[{"not_picked":["LikeWater","Crescendo"],"picked":"FlurryOfBlows","floor":1.0},{"not_picked":["BowlingBash","ClearTheMind"],"picked":"EmptyMind","floor":2.0},{"not_picked":["EmptyBody","CrushJoints"],"picked":"MentalFortress","floor":4.0},{"not_picked":["Alpha","Swivel","Evaluate"],"picked":"SKIP","floor":7.0},{"not_picked":["WreathOfFlame","DevaForm","Collect"],"picked":"SKIP","floor":11.0},{"not_picked":["EmptyMind","Prostrate","WindmillStrike"],"picked":"SKIP","floor":12.0},{"not_picked":["CutThroughFate","EmptyFist","Perseverance"],"picked":"SKIP","floor":14.0}],"player_experience":470605,"relics_obtained":[{"floor":7.0,"key":"Letter Opener"},{"floor":9.0,"key":"Yang"},{"floor":11.0,"key":"StoneCalendar"},{"floor":14.0,"key":"Blue Candle"}],"event_choices":[{"cards_removed":["Defend_P"],"damage_healed":0.0,"max_hp_gain":0.0,"max_hp_loss":0.0,"gold_gain":0.0,"event_name":"Golden Wing","player_choice":"Card Removal","floor":3.0,"gold_loss":0.0,"damage_taken":7.0},{"damage_healed":0.0,"max_hp_gain":0.0,"max_hp_loss":0.0,"gold_gain":0.0,"event_name":"Liars Game","player_choice":"Ignored","floor":10.0,"gold_loss":0.0,"damage_taken":0.0}],"is_beta":false,"boss_relics":[],"items_purged_floors":[],"is_endless":false,"potions_floor_spawned":[1,7,12,14],"killed_by":"The Guardian","ascension_level":5}}