{"host":"pj05r22d3fegil3v","time":1613536065,"event":{"mods":["BaseMod","Better Altar","Better Match","Better Note","Better Sensory Stone","Better Skull","Better Third Choice","BetterRewards","Card Filter","Colored Powertips","Curses Come First","Custom Start","DeckTracker","Displayed Cursed Tome","Evolution","Minty Spire (QoL Compilation)","Quick Restart","Rare Cards Sparkle","Relic Filter Mod","Smile Girya","StSLib","Weighted Paths","everything is the same but u backflip on backflip","slay the spire mod where everything is the same but ironclad has a cowboy hat"],"gold_per_floor":[118,131,150,170,188,188,214,228,309,309,340,340,357,382,382,486,486,486,486,486,361,361,361,361],"floor_reached":23,"language":"ENG","playtime":1838,"items_purged":["Strike_G"],"score":276,"play_id":"ad426ff5-dfdd-4f5a-9734-efb0475f1c9c","local_time":"20210216232745","is_ascension_mode":true,"campfire_choices":[{"data":"Burst","floor":6,"key":"SMITH"},{"data":"Outmaneuver","floor":10,"key":"SMITH"},{"data":"Leg Sweep","floor":12,"key":"SMITH"},{"floor":15,"key":"REST"}],"circlet_count":0,"master_deck":["Strike_G","Strike_G","Strike_G","Defend_G","Defend_G","Defend_G","Defend_G","Survivor","Neutralize","Predator","Backflip","Burst+1","Predator","Outmaneuver+1","Leg Sweep+1","Grand Finale","Dagger Throw","Outmaneuver+1","Dramatic Entrance"],"relics":["EVO:Axolotl","Empty Cage","Meat on the Bone","Letter Opener","Akabeko","Peace Pipe","Ectoplasm"],"acts_visited":["Exordium","TheCity"],"potions_floor_usage":[4,7,16,16,16,19,23],"damage_taken":[{"damage":0,"enemies":"2 Louse","floor":1,"turns":2},{"damage":1,"enemies":"Jaw Worm","floor":2,"turns":3},{"damage":1,"enemies":"Cultist","floor":3,"turns":4},{"damage":1,"enemies":"2 Fungi Beasts","floor":4,"turns":4},{"damage":0,"enemies":"3 Louse","floor":5,"turns":5},{"damage":26,"enemies":"Gremlin Nob","floor":7,"turns":4},{"damage":14,"enemies":"Blue Slaver","floor":8,"turns":6},{"damage":13,"enemies":"Lagavulin","floor":11,"turns":7},{"damage":6,"enemies":"Lots of Slimes","floor":13,"turns":4},{"damage":38,"enemies":"3 Sentries","floor":14,"turns":11},{"damage":0,"enemies":"Hexaghost","floor":16,"turns":9},{"damage":15,"enemies":"Chosen","floor":18,"turns":5},{"damage":7,"enemies":"3 Byrds","floor":19,"turns":6},{"damage":55,"enemies":"Book of Stabbing","floor":23,"turns":11}],"seed_played":"4181683543788004352","potions_obtained":[{"floor":2,"key":"Fire Potion"},{"floor":3,"key":"DistilledChaos"},{"floor":5,"key":"CultistPotion"},{"floor":13,"key":"Strength Potion"},{"floor":14,"key":"PowerPotion"},{"floor":18,"key":"SkillPotion"}],"is_trial":false,"path_per_floor":["M","M","M","M","M","R","E","M","T","R","E","R","M","E","R","B",null,"M","M","?","$","?","E"],"character_chosen":"THE_SILENT","items_purchased":["Dexterity Potion"],"campfire_rested":1,"item_purchase_floors":[21],"current_hp_per_floor":[70,69,68,67,67,67,41,39,39,39,38,38,44,18,39,39,70,55,48,48,48,48,0,0],"gold":361,"neow_bonus":"BOSS_RELIC","is_daily":false,"chose_seed":false,"campfire_upgraded":3,"win_rate":0.0,"timestamp":1613536065,"path_taken":["M","M","M","M","M","R","E","M","T","R","E","R","M","E","R","BOSS","M","M","?","$","?","E"],"items_purchased_type":["Potion"],"build_version":"2020-12-22","purchased_purges":1,"victory":false,"max_hp_per_floor":[70,70,70,70,70,70,70,70,70,70,70,70,70,70,70,70,70,70,70,70,70,70,70,70],"card_choices":[{"not_picked":["Deadly Poison","Backstab"],"picked":"Predator","floor":1},{"not_picked":["Outmaneuver","Slice"],"picked":"Backflip","floor":2},{"not_picked":["Prepared","Calculated Gamble","Deflect"],"picked":"SKIP","floor":3},{"not_picked":["Slice","Finisher"],"picked":"Burst","floor":4},{"not_picked":["Prepared","Dodge and Roll"],"picked":"Predator","floor":5},{"not_picked":["Deflect","Malaise"],"picked":"Outmaneuver","floor":7},{"not_picked":["Infinite Blades","Underhanded Strike"],"picked":"Leg Sweep","floor":8},{"not_picked":["Dodge and Roll","Tactician"],"picked":"Grand Finale","floor":11},{"not_picked":["Endless Agony","Blade Dance"],"picked":"Dagger Throw","floor":13},{"not_picked":["Bane","Infinite Blades"],"picked":"Outmaneuver","floor":14},{"not_picked":["Bouncing Flask","Prepared","Dodge and Roll"],"picked":"SKIP","floor":18},{"not_picked":["Underhanded Strike","Cloak And Dagger","Deflect"],"picked":"SKIP","floor":19},{"not_picked":["Swift Strike","PanicButton"],"picked":"Dramatic Entrance","floor":20}],"player_experience":129291,"relics_obtained":[{"floor":7,"key":"Meat on the Bone"},{"floor":9,"key":"Letter Opener"},{"floor":11,"key":"Akabeko"},{"floor":14,"key":"Peace Pipe"}],"event_choices":[{"damage_healed":0,"gold_gain":2,"player_choice":"1","damage_taken":0,"max_hp_gain":0,"max_hp_loss":0,"event_name":"betterStone:BetterStone","floor":20,"gold_loss":0},{"damage_healed":0,"gold_gain":0,"player_choice":"Forge","damage_taken":0,"max_hp_gain":0,"max_hp_loss":0,"event_name":"Accursed Blacksmith","floor":22,"gold_loss":0,"cards_upgraded":["Outmaneuver"]}],"is_beta":false,"boss_relics":[{"not_picked":["Astrolabe","WristBlade"],"picked":"Ectoplasm"}],"items_purged_floors":[21],"is_endless":false,"potions_floor_spawned":[2,3,5,13,14,18],"killed_by":"Book of Stabbing","ascension_level":1}}