{"host":"o7j6aatxjwpw1421","time":1613589548,"event":{"mods":["2.2 Compatiblity","AchievementEnabler","BaseMod","Colored Map","DeckTracker","Highlight Path","Keyboard Shortcuts","Minty Spire (QoL Compilation)","Permanent Neow","Quick Restart","StSLib","SuperFastMode","everything is the same but u backflip on backflip"],"gold_per_floor":[118,136,149,149,249,249,269,294,348,368,380,380,223,239,239,342,342,352,367,381,306,206,206,206,206,206,226,237,237,264,311,311,311,311],"floor_reached":33,"language":"KOR","playtime":732,"items_purged":["Strike_P","Defend_P"],"score":319,"play_id":"2dc7c89b-9cfb-4209-9c79-b1bad1212efb","local_time":"20210218041908","is_ascension_mode":false,"campfire_choices":[{"data":"Eruption","floor":6.0,"key":"SMITH"},{"data":"Tantrum","floor":12.0,"key":"SMITH"},{"data":"Adaptation","floor":15.0,"key":"SMITH"},{"data":"Ragnarok","floor":23.0,"key":"SMITH"},{"data":"Wallop","floor":25.0,"key":"SMITH"},{"data":"Halt","floor":29.0,"key":"SMITH"},{"data":"Vault","floor":32.0,"key":"SMITH"}],"circlet_count":0,"master_deck":["Defend_P","Eruption+1","Vigilance","Tantrum+1","WheelKick","Halt+1","InnerPeace","CrushJoints","Adaptation+1","EmptyFist","Ragnarok+1","EmptyMind","Wallop+1","Brilliance","Halt","EmptyBody","Vault+1"],"relics":["PureWater","Centennial Puzzle","Question Card","Boot","Empty Cage","CaptainsWheel","Lantern","Tiny Chest"],"acts_visited":["Exordium","TheCity"],"potions_floor_usage":[],"damage_taken":[{"damage":0.0,"enemies":"Cultist","floor":1.0,"turns":2.0},{"damage":0.0,"enemies":"Jaw Worm","floor":2.0,"turns":2.0},{"damage":0.0,"enemies":"Small Slimes","floor":3.0,"turns":2.0},{"damage":0.0,"enemies":"2 Fungi Beasts","floor":7.0,"turns":2.0},{"damage":0.0,"enemies":"Gremlin Nob","floor":8.0,"turns":2.0},{"damage":0.0,"enemies":"Looter","floor":10.0,"turns":1.0},{"damage":0.0,"enemies":"Blue Slaver","floor":11.0,"turns":2.0},{"damage":2.0,"enemies":"2 Fungi Beasts","floor":14.0,"turns":2.0},{"damage":50.0,"enemies":"Hexaghost","floor":16.0,"turns":6.0},{"damage":5.0,"enemies":"3 Byrds","floor":18.0,"turns":3.0},{"damage":20.0,"enemies":"2 Thieves","floor":19.0,"turns":3.0},{"damage":1.0,"enemies":"Chosen and Byrds","floor":20.0,"turns":4.0},{"damage":6.0,"enemies":"Shelled Parasite and Fungi","floor":27.0,"turns":3.0},{"damage":0.0,"enemies":"Snecko","floor":28.0,"turns":3.0},{"damage":0.0,"enemies":"Slavers","floor":30.0,"turns":5.0},{"damage":14,"enemies":"Automaton","floor":33,"turns":9}],"seed_played":"6150108544419817027","potions_obtained":[{"floor":3.0,"key":"FearPotion"},{"floor":8.0,"key":"DuplicationPotion"},{"floor":11.0,"key":"BottledMiracle"},{"floor":16.0,"key":"Energy Potion"},{"floor":18.0,"key":"Swift Potion"},{"floor":27.0,"key":"EssenceOfSteel"}],"is_trial":false,"path_per_floor":["M","M","M","?","?","R","M","E","T","M","M","R","$","M","R","B",null,"M","M","M","?","$","R","?","R","T","M","M","R","E","T","R","B"],"character_chosen":"WATCHER","items_purchased":["Adaptation"],"campfire_rested":0,"item_purchase_floors":[13],"current_hp_per_floor":[72,72,72,77,77,77,77,77,77,77,77,77,77,75,75,25,77,72,52,51,51,51,51,51,51,51,45,45,45,45,45,45,31,31],"gold":311,"neow_bonus":"RANDOM_COMMON_RELIC","is_daily":false,"chose_seed":false,"campfire_upgraded":7,"win_rate":0.0,"timestamp":1613589548,"path_taken":["M","?","M","?","?","R","M","E","T","M","M","R","$","M","R","BOSS","M","?","M","?","$","R","?","R","T","M","M","R","E","?","R","BOSS"],"items_purchased_type":["Card"],"build_version":"2020-12-22","purchased_purges":2,"victory":false,"max_hp_per_floor":[72,72,72,77,77,77,77,77,77,77,77,77,77,77,77,77,77,77,77,77,77,77,77,77,77,77,77,77,77,77,77,77,77,77],"card_choices":[{"not_picked":["JustLucky","Prostrate"],"picked":"Tantrum","floor":1.0},{"not_picked":["Swivel","FollowUp"],"picked":"WheelKick","floor":2.0},{"not_picked":["CutThroughFate","Weave","SandsOfTime"],"picked":"SKIP","floor":3.0},{"not_picked":["Protect","EmptyMind"],"picked":"Halt","floor":7.0},{"not_picked":["WreathOfFlame","TalkToTheHand"],"picked":"InnerPeace","floor":8.0},{"not_picked":["Nirvana","DeceiveReality","FlyingSleeves","Protect"],"picked":"SKIP","floor":10.0},{"not_picked":["Protect","PathToVictory","ClearTheMind"],"picked":"CrushJoints","floor":11.0},{"not_picked":["Prostrate","CutThroughFate","Indignation"],"picked":"EmptyFist","floor":14.0},{"not_picked":["Alpha","Vault","DevaForm"],"picked":"Ragnarok","floor":16.0},{"not_picked":["EmptyFist","FlyingSleeves+1","Perseverance","ForeignInfluence"],"picked":"SKIP","floor":18.0},{"not_picked":["Nirvana","Worship","InnerPeace"],"picked":"EmptyMind","floor":19.0},{"not_picked":["ThirdEye+1","JustLucky","BowlingBash+1","Evaluate"],"picked":"SKIP","floor":20.0},{"not_picked":["EmptyBody+1","Judgement","JustLucky"],"picked":"Halt","floor":27.0},{"not_picked":["CrushJoints","BowlingBash+1","InnerPeace+1"],"picked":"EmptyBody","floor":28.0},{"not_picked":["Vengeance","FollowUp","Nirvana"],"picked":"Vault","floor":30.0}],"player_experience":625552,"relics_obtained":[{"floor":8.0,"key":"Question Card"},{"floor":9.0,"key":"Boot"},{"floor":26.0,"key":"CaptainsWheel"},{"floor":30.0,"key":"Lantern"},{"floor":31.0,"key":"Tiny Chest"}],"event_choices":[{"damage_healed":0.0,"max_hp_gain":5.0,"max_hp_loss":0.0,"gold_gain":0.0,"event_name":"Big Fish","player_choice":"Donut","floor":4.0,"gold_loss":0.0,"damage_taken":0.0},{"damage_healed":0.0,"max_hp_gain":0.0,"max_hp_loss":0.0,"gold_gain":100.0,"event_name":"Golden Shrine","player_choice":"Pray","floor":5.0,"gold_loss":0.0,"damage_taken":0.0},{"cards_removed":["Strike_P"],"damage_healed":0.0,"max_hp_gain":0.0,"max_hp_loss":0.0,"gold_gain":0.0,"event_name":"Beggar","player_choice":"Gave Gold","floor":21.0,"gold_loss":75.0,"damage_taken":0.0},{"damage_healed":0.0,"max_hp_gain":0.0,"max_hp_loss":0.0,"gold_gain":0.0,"cards_transformed":["Defend_P","Defend_P"],"event_name":"Drug Dealer","player_choice":"Became Test Subject","floor":24.0,"gold_loss":0.0,"damage_taken":0.0,"cards_obtained":["Wallop","Brilliance"]}],"is_beta":false,"boss_relics":[{"not_picked":["Black Star","Tiny House"],"picked":"Empty Cage"}],"items_purged_floors":[13,22],"is_endless":false,"potions_floor_spawned":[3,8,11,14,16,18,27],"killed_by":"Automaton","ascension_level":0}}