{"host":"fzjysjq26ryju8gm","time":1613547754,"event":{"mods":["BaseMod","BetterRewards","CapriCore","Downfall","Koishi","Minty Spire (QoL Compilation)","Replay The Spire","Shop Mod","StSLib","The Immortal","Waifu the Spire","Yakumo Yukari mod","[IsaacMod]以撒尖塔","篝火指南"],"gold_per_floor":[112,125,136,156,172,172,187,235,289,311,342,361,381,406,406,585,585,612,612,465,475,517,546,546,645,725,743,538,554,580,614,25,138,138,162,212,226,240,247,324,324,247,271,307,317,375,297,313,239,351,351,351,82,112,417],"floor_reached":56,"language":"ZHS","playtime":6330,"items_purged":["Delirium"],"score":1423,"play_id":"00e13d33-9d1e-4d1a-a796-70cea23a6641","local_time":"20210217154234","is_ascension_mode":false,"campfire_choices":[{"data":"Koishi:MassHysteria","floor":6.0,"key":"SMITH"},{"floor":15.0,"key":"DIG"},{"floor":24.0,"key":"RECALL"},{"data":"Koishi:ImGoingToCallYouNow","floor":41,"key":"SMITH"},{"data":"Koishi:PerfectMindControl","floor":52,"key":"SMITH"}],"circlet_count":0,"master_deck":["Koishi:BasicStrike","Koishi:BasicStrike","Koishi:BasicStrike","Koishi:BasicDefend","Koishi:BasicDefend","Koishi:BasicDefend","Koishi:BasicDefend","Koishi:Provoke","Koishi:HauntingSlash+1","Koishi:RorschachInDanmaku","Koishi:FourthEye","Koishi:Bloodlust","Koishi:MassHysteria+1","Koishi:MindStellarRelief","Koishi:FreudianInstinct","Koishi:Ego","Koishi:PerfectMindControl+1","Koishi:ReleaseOfTheId","Koishi:VengefulSpirit","Koishi:ImGoingToCallYouNow+1","Koishi:SuperEgo","ReplayTheSpireMod:Brewmster","Koishi:GrowingPain","Koishi:DNAsFlaw","Koishi:DNAsFlaw+1","Koishi:ApparitionsStalkTheNight+1","Bandage Up","The Bomb","Purity","Koishi:ConfinedInnocent","Parasite","Koishi:JumpScare+1"],"relics":["Koishi:ImaginaryFriend","HushsDoor","SalivaCoin","WarpedTongs","Toolbox","Koishi:BloodstainedWhiteRose","Medical Kit","Akabeko","Whetstone","Replay:Wax Seal","Toy Ornithopter","GnawedLeaf","Anchor","bronze:MakeshiftBattery","ReplayTheSpireMod:Ring of Exchange","Ring of Peace","Bag of Preparation","Simple Rune","Smiling Mask","Replay:Bottled Eggs","PreservedInsect","Thread and Needle","BelialBook","Ornamental Fan","SteamSale","Divine Protection","Art of War","Pen Nib","Replay:Towering Pillar of Hats","NineVolt","TheBattery","Quantum Egg","Oddly Smooth Stone","MerchantsRug","Replay:Bandana","BelialBook"],"acts_visited":["Exordium","TheCity","TheBeyond","TheEnding"],"potions_floor_usage":[44,44,44,44,45,46,46,46,50,50,50,54,54,55,55,55,55,55,55,55,55,55],"damage_taken":[{"damage":0.0,"enemies":"Cultist","floor":1.0,"turns":3.0},{"damage":0.0,"enemies":"Small Slimes","floor":2.0,"turns":4.0},{"damage":0.0,"enemies":"2 Louse","floor":3.0,"turns":2.0},{"damage":0.0,"enemies":"Exordium Wildlife","floor":4.0,"turns":1.0},{"damage":0.0,"enemies":"Blue Slaver","floor":5.0,"turns":3.0},{"damage":0.0,"enemies":"Looter","floor":7.0,"turns":3.0},{"damage":3.0,"enemies":"Replay:BlueRogue","floor":8.0,"turns":6.0},{"damage":5.0,"enemies":"2 Fungi Beasts","floor":10.0,"turns":4.0},{"damage":0.0,"enemies":"Lagavulin","floor":11.0,"turns":5.0},{"damage":0.0,"enemies":"Exordium Thugs","floor":12.0,"turns":2.0},{"damage":0.0,"enemies":"Exordium Wildlife","floor":13.0,"turns":2.0},{"damage":0.0,"enemies":"3 Sentries","floor":14.0,"turns":1.0},{"damage":37.0,"enemies":"The Guardian","floor":16.0,"turns":16.0},{"damage":3.0,"enemies":"Chosen","floor":18.0,"turns":7.0},{"damage":0.0,"enemies":"Shell Parasite","floor":21.0,"turns":6.0},{"damage":0.0,"enemies":"Book of Stabbing","floor":23.0,"turns":3.0},{"damage":0.0,"enemies":"Centurion and Healer","floor":27.0,"turns":7.0},{"damage":0.0,"enemies":"Snecko","floor":29.0,"turns":7.0},{"damage":6.0,"enemies":"Shelled Parasite and Fungi","floor":30.0,"turns":3.0},{"damage":0.0,"enemies":"Slavers","floor":31.0,"turns":2.0},{"damage":20.0,"enemies":"Collector","floor":33.0,"turns":8.0},{"damage":10.0,"enemies":"3 Shapes","floor":35.0,"turns":5.0},{"damage":0.0,"enemies":"Mind Bloom Boss Battle","floor":36.0,"turns":8.0},{"damage":0.0,"enemies":"3 Darklings","floor":37.0,"turns":5.0},{"damage":0.0,"enemies":"4 Shapes","floor":38.0,"turns":5.0},{"damage":13.0,"enemies":"R_Hoarder","floor":40.0,"turns":8.0},{"damage":31,"enemies":"Nemesis","floor":44,"turns":6},{"damage":0,"enemies":"Writhing Mass","floor":45,"turns":6},{"damage":9,"enemies":"2 Orb Walkers","floor":46,"turns":4},{"damage":0,"enemies":"Maw","floor":48,"turns":1},{"damage":76,"enemies":"Donu and Deca","floor":50,"turns":12},{"damage":0,"enemies":"Shield and Spear","floor":54,"turns":7},{"damage":55,"enemies":"The Heart","floor":55,"turns":7}],"seed_played":"4163538663825386345","potions_obtained":[{"floor":1.0,"key":"LiquidMemories"},{"floor":3.0,"key":"Adrenaline Potion"},{"floor":5.0,"key":"Fire Potion"},{"floor":10.0,"key":"Adrenaline Potion"},{"floor":16.0,"key":"Elixir"},{"floor":18.0,"key":"Strength Potion"},{"floor":27.0,"key":"Fire Potion"},{"floor":30.0,"key":"CultistPotion"},{"floor":40.0,"key":"Adrenaline Potion"}],"is_trial":false,"path_per_floor":["M","M","M","M","M","R","M","E","T","M","E","M","M","E","R","B",null,"M","?","$","M","?","E","R","?","T","M","R","M","M","E","R","B",null,"M","?","M","M","?","E","R","$","T","E","M","?","$","M","R","B",null,"R","$","E","B",null],"character_chosen":"KOISHI","items_purchased":["Toolbox","Koishi:BloodstainedWhiteRose","Medical Kit","Akabeko","Bag of Preparation","PreservedInsect","BelialBook","Ornamental Fan","ReplayTheSpireMod:Brewmster","Art of War","NineVolt","TheBattery","Quantum Egg","Oddly Smooth Stone","MerchantsRug","Strength Potion"],"campfire_rested":0,"item_purchase_floors":[0,0,0,0,20,28,32,32,32,42,47,49,53,53,53,53],"current_hp_per_floor":[38,44,47,50,54,54,57,59,59,55,60,60,60,60,60,36,60,60,60,60,60,60,60,60,60,60,60,60,60,57,60,60,60,60,52,59,60,60,50,60,60,60,60,60,60,60,60,60,60,20,60,60,60,60,59],"gold":417,"neow_bonus":"","is_daily":false,"chose_seed":false,"campfire_upgraded":3,"win_rate":0.0,"timestamp":1613547754,"path_taken":["M","?","M","M","M","R","M","E","T","M","E","M","M","E","R","BOSS","M","?","$","M","?","E","R","?","T","M","R","?","M","E","R","BOSS","M","?","M","?","?","E","R","?","T","E","M","?","$","M","R","BOSS","R","$","E","BOSS"],"items_purchased_type":["Relic","Relic","Relic","Relic","Relic","Relic","Relic","Relic","Card","Relic","Relic","Relic","Relic","Relic","Relic","Potion"],"build_version":"2020-12-22","purchased_purges":1,"victory":true,"max_hp_per_floor":[60,60,60,60,60,60,60,60,60,60,60,60,60,60,60,60,60,60,60,60,60,60,60,60,60,60,60,60,60,60,60,60,60,60,60,60,60,60,60,60,60,60,60,60,60,60,60,60,60,60,60,60,60,60,60],"card_choices":[{"not_picked":["Koishi:ReflexRadar","Koishi:CatchAndRose"],"picked":"Koishi:RorschachInDanmaku","floor":1.0},{"not_picked":["Koishi:BloodcurdlingScream","Koishi:Prune"],"picked":"Koishi:FourthEye","floor":2.0},{"not_picked":["Koishi:Prune","Koishi:PhantomBarrier","Koishi:HeartfeltFancy"],"picked":"SKIP","floor":3.0},{"not_picked":["Koishi:EmbryosDream","Koishi:FourthEye"],"picked":"Koishi:Bloodlust","floor":4.0},{"not_picked":["Koishi:HeartfeltFancy","Koishi:ConditionedTeleport"],"picked":"Koishi:MassHysteria","floor":5.0},{"not_picked":["Koishi:JumpScare","Koishi:StingingMind"],"picked":"Bomb","floor":7.0},{"not_picked":["Koishi:FleetingPhantom","Koishi:BloodcurdlingScream"],"picked":"Bomb","floor":8.0},{"not_picked":["Koishi:PhantomBarrier","Koishi:CatchAndRose","Koishi:MassHysteria"],"picked":"SKIP","floor":10.0},{"not_picked":["Koishi:HeartfeltFancy","Koishi:StingingMind"],"picked":"Koishi:MindStellarRelief","floor":11.0},{"not_picked":["Koishi:Prune","Koishi:BloodcurdlingScream"],"picked":"Bomb","floor":12.0},{"not_picked":["Koishi:TraumaticStroke","Koishi:PhantomBarrier"],"picked":"Koishi:FreudianInstinct","floor":13.0},{"not_picked":["Bomb","Koishi:EmbryosDream"],"picked":"Koishi:Ego","floor":14.0},{"not_picked":["Koishi:ImGoingToCallYouNow","Koishi:ConditionedTeleport"],"picked":"Koishi:PerfectMindControl","floor":16.0},{"not_picked":["Koishi:SubterraneanRose","Koishi:PhantomStrike","Koishi:PhilosophyOfTheDespised"],"picked":"SKIP","floor":18.0},{"not_picked":["Koishi:PhilosophyOfTheDespised","Koishi:ReflexRadar"],"picked":"Koishi:ReleaseOfTheId","floor":21.0},{"not_picked":["Koishi:BloodcurdlingScream","Koishi:ParalyzingFear+1"],"picked":"Koishi:VengefulSpirit","floor":22.0},{"not_picked":["Koishi:DreadfulBlow+1","Koishi:MindNumbingTerror"],"picked":"Koishi:ImGoingToCallYouNow","floor":23.0},{"not_picked":["Koishi:ReflexRadar","Koishi:Prune+1","Koishi:UnansweredLove"],"picked":"SKIP","floor":27.0},{"not_picked":["Koishi:ParalyzingFear","Koishi:TraumaticStroke"],"picked":"Koishi:SuperEgo","floor":29.0},{"not_picked":["Koishi:MindNumbingTerror","Koishi:DreadfulBlow+1","Koishi:BloodcurdlingScream"],"picked":"SKIP","floor":30.0},{"not_picked":["Koishi:PhantomStrike","Koishi:SubterraneanRose","Koishi:Prune"],"picked":"SKIP","floor":31.0},{"not_picked":["Koishi:SilentAndRestless","Koishi:FormlessExistence"],"picked":"Koishi:GrowingPain","floor":33.0},{"not_picked":["Koishi:SubterraneanRose","Koishi:RacingHeart"],"picked":"Koishi:DNAsFlaw","floor":35.0},{"not_picked":["Koishi:HeartAttack","Koishi:FourthEye"],"picked":"Koishi:DNAsFlaw+1","floor":36.0},{"not_picked":["Koishi:MindNumbingTerror+1","Koishi:Jaunt"],"picked":"Koishi:ApparitionsStalkTheNight+1","floor":37.0},{"not_picked":["Koishi:DreadfulBlow+1","Koishi:TremblingHands+1","Koishi:SubconsciousSweep"],"picked":"SKIP","floor":38.0},{"not_picked":["Forethought","Flash of Steel"],"picked":"Bandage Up","floor":39.0},{"not_picked":["Flash of Steel","ReplayTheSpireMod:Necrogeddon"],"picked":"The Bomb","floor":39.0},{"not_picked":["Crow Ritual","Blind"],"picked":"Purity","floor":39.0},{"not_picked":["Koishi:SubconsciousSweep","Koishi:DreadfulBlow","Koishi:ReflexRadar"],"picked":"SKIP","floor":40.0},{"not_picked":["Koishi:PredatoryInstincts","Koishi:ReflexRadar"],"picked":"Koishi:ConfinedInnocent","floor":44},{"not_picked":["Koishi:BloodcurdlingScream+1","Koishi:DreadfulBlow+1","Koishi:FleetingPhantom+1"],"picked":"SKIP","floor":45},{"not_picked":["Koishi:JumpScare","Koishi:PhantomStrike","Koishi:Prune"],"picked":"SKIP","floor":48},{"not_picked":["Koishi:StrangeCloudFist+1","Koishi:SpiritedAway"],"picked":"Koishi:JumpScare+1","floor":54}],"player_experience":779974,"relics_obtained":[{"floor":8.0,"key":"Whetstone"},{"floor":9.0,"key":"Replay:Wax Seal"},{"floor":11.0,"key":"Toy Ornithopter"},{"floor":14.0,"key":"GnawedLeaf"},{"floor":15.0,"key":"Anchor"},{"floor":19.0,"key":"ReplayTheSpireMod:Ring of Exchange"},{"floor":19.0,"key":"Ring of Peace"},{"floor":22.0,"key":"Simple Rune"},{"floor":23.0,"key":"Smiling Mask"},{"floor":26.0,"key":"Replay:Bottled Eggs"},{"floor":31.0,"key":"Thread and Needle"},{"floor":36.0,"key":"Diplopia"},{"floor":40.0,"key":"Divine Protection"},{"floor":44,"key":"Pen Nib"},{"floor":46,"key":"Replay:Towering Pillar of Hats"},{"floor":54,"key":"Replay:Bandana"}],"event_choices":[{"damage_healed":0.0,"max_hp_gain":0.0,"max_hp_loss":0.0,"gold_gain":99.0,"event_name":"Nest","player_choice":"Stole From Cult","floor":25.0,"gold_loss":0.0,"damage_taken":0.0},{"damage_healed":0.0,"max_hp_gain":0.0,"max_hp_loss":0.0,"gold_gain":0.0,"event_name":"MindBloom","player_choice":"Fight","floor":36.0,"gold_loss":0.0,"damage_taken":0.0},{"damage_healed":0.0,"max_hp_gain":0.0,"max_hp_loss":0.0,"gold_gain":0.0,"event_name":"SensoryStone","player_choice":"Memory 3","floor":39.0,"gold_loss":0.0,"damage_taken":10.0},{"damage_healed":0,"gold_gain":0,"player_choice":"Fight","damage_taken":0,"max_hp_gain":0,"max_hp_loss":0,"event_name":"Mysterious Sphere","floor":46,"gold_loss":0}],"is_beta":false,"boss_relics":[{"not_picked":["Runic Pyramid","Sozu"],"picked":"bronze:MakeshiftBattery"},{"not_picked":[]},{"not_picked":["Frozen Eye","Kintsugi"],"picked":"SteamSale"},{"not_picked":[]}],"items_purged_floors":[28],"is_endless":false,"potions_floor_spawned":[1,3,5,10,16,18,27,29,30,37,38,40,45,46],"ascension_level":0}}