{"host":"6406jj8da6015sxr","time":1613541784,"event":{"mods":["AchievementEnabler","BaseMod","Colored Map","DeckTracker","Keyboard Shortcuts","Minty Spire (QoL Compilation)","Permanent Neow","Relic Stats","SuperFastMode","everything is the same but u backflip on backflip"],"gold_per_floor":[117,136,149,149,161,161,186,198,198,209,225,225,250,350,350,447,447,460,43,43,56,79,79,110,122,122,122,132,151,169,169,169,266,266,283,333,67,79,91,91,124,146,146,164,164,9,9,9,9,9],"floor_reached":51,"language":"KOR","playtime":2882,"items_purged":["Strike_G"],"score":1066,"play_id":"d11178bc-cdf5-42c2-9639-f70aae3bdc48","local_time":"20210217150304","is_ascension_mode":true,"campfire_choices":[{"data":"Noxious Fumes","floor":6.0,"key":"SMITH"},{"floor":12.0,"key":"REST"},{"floor":15.0,"key":"REST"},{"data":"Apotheosis","floor":23.0,"key":"SMITH"},{"floor":27.0,"key":"REST"},{"floor":32.0,"key":"REST"},{"data":"Bullet Time","floor":40.0,"key":"PURGE"},{"floor":45.0,"key":"REST"},{"data":"Infinite Blades","floor":49.0,"key":"PURGE"}],"circlet_count":0,"master_deck":["Strike_G+1","Defend_G","Defend_G","Defend_G","Defend_G+1","Defend_G","Survivor","Neutralize","Flying Knee","Noxious Fumes+1","Quick Slash","Blade Dance","Venomology","Bane","Backflip","Blade Dance","Poisoned Stab","Cloak And Dagger","Malaise","Cloak And Dagger+1","Footwork","Apotheosis+1","PiercingWail","PiercingWail+1","PiercingWail","Backflip","Dodge and Roll+1","Adrenaline","Blur","Dash","Phantasmal Killer","Backflip+1","Acrobatics","Mind Blast","Leg Sweep+1","Madness","Madness"],"relics":["Ring of the Snake","PreservedInsect","Dream Catcher","Anchor","SlaversCollar","Strawberry","Pen Nib","Darkstone Periapt","Singing Bowl","Fusion Hammer","Peace Pipe","CeramicFish","Art of War","Toolbox","Pantograph"],"acts_visited":["Exordium","TheCity","TheBeyond"],"potions_floor_usage":[50,50],"damage_taken":[{"damage":0.0,"enemies":"2 Louse","floor":1.0,"turns":4.0},{"damage":7.0,"enemies":"Small Slimes","floor":2.0,"turns":4.0},{"damage":1.0,"enemies":"Cultist","floor":3.0,"turns":5.0},{"damage":12.0,"enemies":"Gremlin Gang","floor":5.0,"turns":5.0},{"damage":22.0,"enemies":"Lagavulin","floor":7.0,"turns":6.0},{"damage":16.0,"enemies":"Exordium Thugs","floor":8.0,"turns":4.0},{"damage":5.0,"enemies":"Large Slime","floor":10.0,"turns":5.0},{"damage":9.0,"enemies":"2 Fungi Beasts","floor":11.0,"turns":4.0},{"damage":7.0,"enemies":"Gremlin Nob","floor":13.0,"turns":3.0},{"damage":31.0,"enemies":"The Guardian","floor":16.0,"turns":13.0},{"damage":24.0,"enemies":"Chosen","floor":18.0,"turns":5.0},{"damage":16.0,"enemies":"Spheric Guardian","floor":21.0,"turns":8.0},{"damage":0.0,"enemies":"Book of Stabbing","floor":24.0,"turns":1.0},{"damage":15.0,"enemies":"Shelled Parasite and Fungi","floor":25.0,"turns":8.0},{"damage":1.0,"enemies":"Snecko","floor":28.0,"turns":6.0},{"damage":10.0,"enemies":"Centurion and Healer","floor":29.0,"turns":8.0},{"damage":1.0,"enemies":"Snake Plant","floor":30.0,"turns":7.0},{"damage":0.0,"enemies":"Automaton","floor":33.0,"turns":12.0},{"damage":5.0,"enemies":"Orb Walker","floor":35.0,"turns":5.0},{"damage":0.0,"enemies":"Mind Bloom Boss Battle","floor":36.0,"turns":6.0},{"damage":8.0,"enemies":"3 Darklings","floor":38.0,"turns":7.0},{"damage":0.0,"enemies":"Maw","floor":39.0,"turns":9.0},{"damage":11.0,"enemies":"Reptomancer","floor":41.0,"turns":7.0},{"damage":13.0,"enemies":"Sphere and 2 Shapes","floor":42.0,"turns":8.0},{"damage":1,"enemies":"Time Eater","floor":50,"turns":13}],"seed_played":"-7793928508741023270","potions_obtained":[{"floor":0.0,"key":"FairyPotion"},{"floor":0.0,"key":"Ancient Potion"},{"floor":0.0,"key":"PowerPotion"},{"floor":2.0,"key":"FearPotion"},{"floor":13.0,"key":"ColorlessPotion"},{"floor":16.0,"key":"BlessingOfTheForge"},{"floor":18.0,"key":"GamblersBrew"},{"floor":25.0,"key":"Ancient Potion"},{"floor":33.0,"key":"Strength Potion"},{"floor":36.0,"key":"SteroidPotion"}],"is_trial":false,"path_per_floor":["M","M","M","?","M","R","E","M","T","M","M","R","E","?","R","B",null,"M","$","?","M","T","R","E","M","T","R","M","M","M","?","R","B",null,"M","?","$","M","M","R","E","M","T","?","R","$","$","T","R","B",null],"character_chosen":"THE_SILENT","items_purchased":["Footwork","Apotheosis","Strawberry","Mind Blast","FairyPotion","Toolbox"],"campfire_rested":5,"item_purchase_floors":[19,19,19,37,37,46],"current_hp_per_floor":[63,56,55,41,29,29,7,19,19,14,5,26,19,19,40,9,55,31,38,38,22,22,22,22,7,7,30,29,19,18,18,43,43,70,65,65,65,59,61,61,52,39,39,28,55,55,55,55,55,79],"gold":9,"neow_bonus":"THREE_SMALL_POTIONS","is_daily":false,"chose_seed":false,"campfire_upgraded":2,"win_rate":0.0,"timestamp":1613541784,"path_taken":["M","M","M","?","M","R","E","M","T","M","M","R","E","?","R","BOSS","M","$","?","?","?","R","E","M","T","R","M","M","M","?","R","BOSS","M","?","$","M","M","R","E","M","T","?","R","?","$","?","R","BOSS"],"items_purchased_type":["Card","Card","Relic","Card","Potion","Relic"],"build_version":"2020-12-22","purchased_purges":1,"victory":true,"max_hp_per_floor":[70,70,70,70,70,70,70,70,70,70,70,70,70,70,70,70,70,70,77,77,77,77,77,77,77,77,77,77,77,77,77,79,79,79,79,79,79,81,83,83,85,85,85,85,87,87,87,87,87,87],"relic_stats":{"Darkstone Periapt":0,"Peace Pipe":2,"Dream Catcher":5,"Singing Bowl":10,"counters":[25,163],"CeramicFish":27,"Pantograph":25,"PreservedInsect":123,"Pen Nib":[28],"Art of War":[2],"obtain_stats":[{"Darkstone Periapt":24,"Singing Bowl":26,"CeramicFish":41,"PreservedInsect":7,"Pen Nib":22,"Peace Pipe":36,"SlaversCollar":17,"Dream Catcher":9,"Anchor":13,"Strawberry":19,"Pantograph":48,"Toolbox":46,"Fusion Hammer":34,"Art of War":43,"Ring of the Snake":0},{"Darkstone Periapt":13,"Singing Bowl":14,"CeramicFish":23,"PreservedInsect":5,"Pen Nib":12,"Peace Pipe":20,"SlaversCollar":10,"Dream Catcher":6,"Anchor":9,"Strawberry":11,"Pantograph":24,"Toolbox":24,"Fusion Hammer":18,"Art of War":24,"Ring of the Snake":0},{"Darkstone Periapt":67,"Singing Bowl":75,"CeramicFish":142,"PreservedInsect":24,"Pen Nib":66,"Peace Pipe":119,"SlaversCollar":53,"Dream Catcher":28,"Anchor":40,"Strawberry":58,"Pantograph":150,"Toolbox":150,"Fusion Hammer":108,"Art of War":150,"Ring of the Snake":0}],"Ring of the Snake":[50]},"card_choices":[{"not_picked":["Cloak And Dagger","Poisoned Stab"],"picked":"Flying Knee","floor":1.0},{"not_picked":["Quick Slash","Cloak And Dagger"],"picked":"Noxious Fumes","floor":2.0},{"not_picked":["Heel Hook","Dodge and Roll"],"picked":"Quick Slash","floor":3.0},{"not_picked":["Infinite Blades","Leg Sweep"],"picked":"Blade Dance","floor":5.0},{"not_picked":["Catalyst","Deflect"],"picked":"Venomology","floor":7.0},{"not_picked":["Eviscerate","PiercingWail"],"picked":"Bane","floor":8.0},{"not_picked":["Caltrops","Underhanded Strike"],"picked":"Backflip","floor":10.0},{"not_picked":["Underhanded Strike","Dodge and Roll"],"picked":"Blade Dance","floor":11.0},{"not_picked":["Heel Hook","Prepared"],"picked":"Poisoned Stab","floor":12.0},{"not_picked":["Setup","Expertise"],"picked":"Bullet Time","floor":13.0},{"not_picked":["Sucker Punch","Deadly Poison"],"picked":"Cloak And Dagger","floor":15.0},{"not_picked":["Tools of the Trade","Venomology"],"picked":"Malaise","floor":16.0},{"not_picked":["Dagger Throw","Bane"],"picked":"Cloak And Dagger+1","floor":18.0},{"not_picked":["Slice","Skewer+1"],"picked":"PiercingWail","floor":21.0},{"not_picked":["Setup","Deadly Poison"],"picked":"PiercingWail+1","floor":24.0},{"not_picked":["Flying Knee","Deadly Poison"],"picked":"PiercingWail","floor":25.0},{"not_picked":["Underhanded Strike","Outmaneuver+1"],"picked":"Backflip","floor":27.0},{"not_picked":["Deflect+1","Deadly Poison"],"picked":"Dodge and Roll+1","floor":28.0},{"not_picked":["Quick Slash","Flying Knee"],"picked":"Adrenaline","floor":29.0},{"not_picked":["Dagger Spray","Blade Dance+1"],"picked":"Blur","floor":30.0},{"not_picked":["Dash","Dagger Throw","Outmaneuver"],"picked":"Singing Bowl","floor":32.0},{"not_picked":["Storm of Steel","Glass Knife"],"picked":"Phantasmal Killer","floor":33.0},{"not_picked":["Setup","Dagger Throw"],"picked":"Backflip+1","floor":35.0},{"not_picked":["Well Laid Plans","Cloak And Dagger+1"],"picked":"Acrobatics","floor":36.0},{"not_picked":["Reflex","Dagger Spray","PiercingWail+1"],"picked":"Singing Bowl","floor":38.0},{"not_picked":["Riddle With Holes","Deflect+1","Acrobatics+1"],"picked":"Singing Bowl","floor":39.0},{"not_picked":["Masterful Stab","Flying Knee","Deadly Poison"],"picked":"Singing Bowl","floor":41.0},{"not_picked":["Tactician+1","Dagger Spray"],"picked":"Leg Sweep+1","floor":42.0},{"not_picked":["Slice","Bane","Deadly Poison+1"],"picked":"Singing Bowl","floor":45.0}],"player_experience":32053,"relics_obtained":[{"floor":7.0,"key":"PreservedInsect"},{"floor":9.0,"key":"Dream Catcher"},{"floor":13.0,"key":"Anchor"},{"floor":22.0,"key":"Pen Nib"},{"floor":24.0,"key":"Darkstone Periapt"},{"floor":26.0,"key":"Singing Bowl"},{"floor":36.0,"key":"Peace Pipe"},{"floor":41.0,"key":"CeramicFish"},{"floor":43.0,"key":"Art of War"},{"floor":48.0,"key":"Pantograph"}],"event_choices":[{"damage_healed":0.0,"max_hp_gain":0.0,"max_hp_loss":0.0,"gold_gain":0.0,"event_name":"Shining Light","player_choice":"Entered Light","floor":4.0,"gold_loss":0.0,"damage_taken":14.0,"cards_upgraded":["Strike_G","Defend_G"]},{"damage_healed":0.0,"max_hp_gain":0.0,"max_hp_loss":0.0,"gold_gain":100.0,"event_name":"Wheel of Change","player_choice":"Gold","floor":14.0,"gold_loss":0.0,"damage_taken":0.0},{"cards_removed":["Strike_G"],"damage_healed":0.0,"max_hp_gain":0.0,"max_hp_loss":0.0,"gold_gain":0.0,"event_name":"Purifier","player_choice":"Purged","floor":20.0,"gold_loss":0.0,"damage_taken":0.0},{"damage_healed":0.0,"max_hp_gain":0.0,"max_hp_loss":0.0,"gold_gain":0.0,"cards_transformed":["Strike_G","Strike_G"],"event_name":"Drug Dealer","player_choice":"Became Test Subject","floor":31.0,"gold_loss":0.0,"damage_taken":0.0,"cards_obtained":["Dash","Infinite Blades"]},{"damage_healed":0.0,"max_hp_gain":0.0,"max_hp_loss":0.0,"gold_gain":0.0,"event_name":"MindBloom","player_choice":"Fight","floor":36.0,"gold_loss":0.0,"damage_taken":0.0},{"damage_healed":0.0,"max_hp_gain":0.0,"max_hp_loss":0.0,"gold_gain":0.0,"event_name":"Winding Halls","player_choice":"Embrace Madness","floor":44.0,"gold_loss":0.0,"damage_taken":11.0,"cards_obtained":["Madness","Madness"]}],"is_beta":false,"boss_relics":[{"not_picked":["Black Star","Tiny House"],"picked":"SlaversCollar"},{"not_picked":["Runic Pyramid","Pandora\u0027s Box"],"picked":"Fusion Hammer"}],"items_purged_floors":[37],"is_endless":false,"potions_floor_spawned":[2,3,10,13,16,18,25,33,36,41],"ascension_level":7}}