{"host":"js2su9tbbk4rmjfl","time":1613573815,"event":{"mods":["AchievementEnabler","BaseMod","Block Reminder","Colored Map","Colored Powertips","Highlight Path","Minty Spire (QoL Compilation)","Relic Stats"],"gold_per_floor":[112,112,112,17,17,47,66,66,143,143,177,177,177,100,100,176,176,190,190,190,190,161,161,117,117,117],"floor_reached":25,"language":"ENG","playtime":1065,"items_purged":[],"score":433,"play_id":"a1b0f1e2-bc2d-4f9b-a090-5647447fa8b5","local_time":"20210217155655","is_ascension_mode":true,"campfire_choices":[{"data":"Inflame","floor":10,"key":"SMITH"},{"data":"True Grit","floor":13,"key":"SMITH"},{"data":"Battle Trance","floor":15,"key":"SMITH"},{"data":"Limit Break","floor":23,"key":"SMITH"}],"circlet_count":0,"master_deck":["AscendersBane","Strike_R+1","Strike_R+1","Strike_R+1","Strike_R+1","Strike_R+1","Defend_R+1","Defend_R+1","Bash","Sword Boomerang+1","Battle Trance+1","Inflame+1","True Grit+1","Bloodletting","Shrug It Off","Metallicize+1","Limit Break+1","Flex","Inflame+1"],"relics":["Black Blood","NeowsBlessing","Unceasing Top","Ice Cream","Frozen Egg 2","Smiling Mask"],"acts_visited":["Exordium","TheCity"],"potions_floor_usage":[11,16],"damage_taken":[{"damage":0,"enemies":"Small Slimes","floor":1,"turns":1},{"damage":0,"enemies":"Lagavulin","floor":6,"turns":1},{"damage":0,"enemies":"2 Louse","floor":7,"turns":1},{"damage":46,"enemies":"3 Sentries","floor":11,"turns":7},{"damage":11,"enemies":"Hexaghost","floor":16,"turns":9},{"damage":47,"enemies":"3 Byrds","floor":18,"turns":5},{"damage":21,"enemies":"2 Thieves","floor":22,"turns":4},{"damage":28,"enemies":"Snake Plant","floor":25,"turns":3}],"seed_played":"7375546187228492233","potions_obtained":[{"floor":1,"key":"CultistPotion"},{"floor":7,"key":"Regen Potion"}],"is_trial":false,"path_per_floor":["M","?","?","$","T","E","M","?","T","R","E","?","R","$","R","B",null,"M","?","?","?","M","R","$","M"],"character_chosen":"IRONCLAD","items_purchased":["Inflame","True Grit","Metallicize+1","Inflame+1"],"campfire_rested":0,"item_purchase_floors":[4,4,14,24],"current_hp_per_floor":[74,74,51,51,51,57,63,68,68,68,43,36,36,36,36,31,68,33,33,33,33,24,24,24,0,0],"gold":117,"neow_bonus":"THREE_ENEMY_KILL","is_daily":false,"chose_seed":false,"campfire_upgraded":4,"win_rate":0.0,"timestamp":1613573815,"path_taken":["M","?","?","$","?","E","?","?","T","R","E","?","R","?","R","BOSS","M","?","?","?","M","R","$","M"],"items_purchased_type":["Card","Card","Card","Card"],"build_version":"2020-12-22","purchased_purges":0,"victory":false,"max_hp_per_floor":[75,75,75,75,75,75,75,80,80,80,80,80,80,80,80,80,80,80,80,80,80,80,80,80,80,80],"relic_stats":{"counters":[8,31],"Black Blood":54,"Smiling Mask":0,"obtain_stats":[{"Ice Cream":6,"NeowsBlessing":0,"Black Blood":17,"Frozen Egg 2":9,"Smiling Mask":11,"Burning Blood":0,"Unceasing Top":5},{"Ice Cream":2,"NeowsBlessing":0,"Black Blood":5,"Frozen Egg 2":3,"Smiling Mask":4,"Burning Blood":0,"Unceasing Top":1},{"Ice Cream":2,"NeowsBlessing":0,"Black Blood":19,"Frozen Egg 2":3,"Smiling Mask":10,"Burning Blood":0,"Unceasing Top":1}],"Unceasing Top":[0]},"card_choices":[{"not_picked":["Dark Embrace","Thunderclap"],"picked":"Sword Boomerang","floor":1},{"not_picked":["Fire Breathing","Burning Pact","Clothesline"],"picked":"SKIP","floor":6},{"not_picked":["Clothesline","Feel No Pain"],"picked":"Bloodletting","floor":7},{"not_picked":["Searing Blow","Warcry"],"picked":"Shrug It Off","floor":11},{"not_picked":["Corruption+1","Exhume"],"picked":"Limit Break","floor":16},{"not_picked":["Havoc+1","Dropkick"],"picked":"Flex","floor":18},{"not_picked":["Infernal Blade","Cleave","Flex"],"picked":"SKIP","floor":22}],"player_experience":812546,"relics_obtained":[{"floor":5,"key":"Unceasing Top"},{"floor":6,"key":"Ice Cream"},{"floor":9,"key":"Frozen Egg 2"},{"floor":11,"key":"Smiling Mask"}],"event_choices":[{"damage_healed":0,"gold_gain":0,"cards_transformed":["Defend_R"],"player_choice":"Change","damage_taken":0,"max_hp_gain":0,"max_hp_loss":0,"event_name":"Living Wall","floor":2,"gold_loss":0,"cards_obtained":["Battle Trance"]},{"damage_healed":0,"gold_gain":0,"player_choice":"Entered Light","damage_taken":23,"max_hp_gain":0,"max_hp_loss":0,"event_name":"Shining Light","floor":3,"gold_loss":0,"cards_upgraded":["Sword Boomerang","Strike_R"]},{"damage_healed":0,"gold_gain":0,"player_choice":"Donut","damage_taken":0,"max_hp_gain":5,"max_hp_loss":0,"event_name":"Big Fish","floor":8,"gold_loss":0},{"cards_removed":["Defend_R"],"damage_healed":0,"gold_gain":0,"player_choice":"Card Removal","damage_taken":7,"max_hp_gain":0,"max_hp_loss":0,"event_name":"Golden Wing","floor":12,"gold_loss":0},{"damage_healed":0,"gold_gain":0,"player_choice":"Simplicity","damage_taken":0,"max_hp_gain":0,"max_hp_loss":0,"event_name":"Back to Basics","floor":19,"gold_loss":0,"cards_upgraded":["Strike_R","Strike_R","Strike_R","Strike_R","Defend_R","Defend_R"]},{"damage_healed":0,"gold_gain":0,"player_choice":"Ignored","damage_taken":0,"max_hp_gain":0,"max_hp_loss":0,"event_name":"Beggar","floor":20,"gold_loss":0},{"damage_healed":0,"gold_gain":0,"player_choice":"Ignored","damage_taken":0,"max_hp_gain":0,"max_hp_loss":0,"event_name":"Ghosts","floor":21,"gold_loss":0}],"is_beta":false,"boss_relics":[{"not_picked":["Ectoplasm","Snecko Eye"],"picked":"Black Blood"}],"items_purged_floors":[],"is_endless":false,"potions_floor_spawned":[1,7],"killed_by":"Snake Plant","ascension_level":18}}