{"host":"nlbr7nnijupf3yfg","time":1613584692,"event":{"mods":["AchievementEnabler","BaseMod","BetterRewards","Card Forge","Colored Powertips","DeckTracker","Downfall","Hubris","Infinite Spire","Minty Spire (QoL Compilation)","Quick Restart","Relic Stats","Replay The Spire","Shop Mod","StSLib","SuperFastMode"],"gold_per_floor":[119,119,119,138,153,153,183,196,196,231,231,183,197,272,272,371,371,388,388,402,412,462,462],"floor_reached":22,"language":"ENG","playtime":320,"items_purged":[],"score":257,"play_id":"d2ec262f-0367-453b-b2f2-3f19afc94967","local_time":"20210217125812","is_ascension_mode":true,"campfire_choices":[{"data":"Tempest","floor":6,"key":"SMITH"},{"data":"Ball Lightning","floor":11,"key":"SMITH"},{"floor":15,"key":"REST"}],"circlet_count":0,"master_deck":["Strike_B","Strike_B","Strike_B","Strike_B","Defend_B","Defend_B","Defend_B","Defend_B","Zap+1","Dualcast","Rip and Tear","Tempest+1","Redo","Ball Lightning+1","BootSequence","Panic Button","Ball Lightning","BasicCrystalCard","Echo Form","Sickly","Injury","Sickly","Conserve Battery","Turbo","Compile Driver"],"relics":["Cracked Core","Hammer of Thor","Seething Fire","Anvil of the Gods","hubris:BallOfYels","hubris:Icosahedron","hubris:Reverence","Anchor","ReplayFunnel","Replay:Ancient Bell","Replay:Baseball","Darkstone Periapt","Replay:Arrowhead","SsserpentHead"],"acts_visited":["Exordium","TheCity"],"potions_floor_usage":[21,21],"damage_taken":[{"damage":5,"enemies":"Small Slimes","floor":1,"turns":3},{"damage":6,"enemies":"Jaw Worm","floor":4,"turns":2},{"damage":0,"enemies":"2 Louse","floor":5,"turns":1},{"damage":8,"enemies":"Lagavulin","floor":7,"turns":3},{"damage":5,"enemies":"Looter","floor":8,"turns":2},{"damage":0,"enemies":"Gremlin Nob","floor":10,"turns":2},{"damage":0,"enemies":"Lots of Slimes","floor":13,"turns":2},{"damage":14,"enemies":"Slime Boss","floor":16,"turns":6},{"damage":0,"enemies":"2 Thieves","floor":18,"turns":2},{"damage":12,"enemies":"Shell Parasite","floor":20,"turns":4},{"damage":66,"enemies":"3 Cultists","floor":21,"turns":6},{"damage":15,"enemies":"Snake Plant","floor":22,"turns":2}],"seed_played":"7862429486155767723","potions_obtained":[{"floor":1,"key":"Reflective Coating"},{"floor":5,"key":"SpeedPotion"},{"floor":7,"key":"ColorlessPotion"},{"floor":18,"key":"Block Potion"}],"is_trial":false,"path_per_floor":["M","?","?","M","M","R","E","M","T","E","R","$","M","?","R","B",null,"M","?","M","M","M"],"character_chosen":"DEFECT","items_purchased":["Ball Lightning"],"campfire_rested":1,"item_purchase_floors":[12],"current_hp_per_floor":[70,70,70,64,64,64,56,51,51,51,51,51,51,40,62,48,93,93,93,81,15,0,0],"gold":462,"neow_bonus":"RANDOM_COMMON_RELIC","is_daily":false,"chose_seed":false,"campfire_upgraded":2,"win_rate":0.0,"timestamp":1613584692,"path_taken":["M","?","?","?","M","R","E","M","T","E","R","$","M","?","R","BOSS","M","?","M","M","?"],"items_purchased_type":["Card"],"build_version":"2020-12-22","purchased_purges":0,"victory":false,"max_hp_per_floor":[75,75,75,75,75,75,75,75,75,75,75,75,75,75,75,75,93,93,93,93,93,93,93],"relic_stats":{"Darkstone Periapt":18,"SsserpentHead":50,"counters":[12,35],"obtain_stats":[{"ReplayFunnel":10,"Darkstone Periapt":17,"hubris:BallOfYels":0,"Hammer of Thor":0,"Replay:Ancient Bell":17,"Seething Fire":0,"Replay:Arrowhead":17,"SsserpentHead":19,"Anchor":9,"Replay:Baseball":17,"hubris:Icosahedron":2,"Anvil of the Gods":0,"Cracked Core":0,"hubris:Reverence":7},{"ReplayFunnel":6,"Darkstone Periapt":8,"hubris:BallOfYels":0,"Hammer of Thor":0,"Replay:Ancient Bell":8,"Seething Fire":0,"Replay:Arrowhead":8,"SsserpentHead":9,"Anchor":5,"Replay:Baseball":8,"hubris:Icosahedron":1,"Anvil of the Gods":0,"Cracked Core":0,"hubris:Reverence":4},{"ReplayFunnel":13,"Darkstone Periapt":21,"hubris:BallOfYels":0,"Hammer of Thor":0,"Replay:Ancient Bell":21,"Seething Fire":0,"Replay:Arrowhead":21,"SsserpentHead":23,"Anchor":11,"Replay:Baseball":21,"hubris:Icosahedron":3,"Anvil of the Gods":0,"Cracked Core":0,"hubris:Reverence":9}]},"card_choices":[{"not_picked":["hubris:PowerSurge","Stack"],"picked":"Rip and Tear","floor":1},{"not_picked":["FIFO Queue","Coolheaded"],"picked":"Tempest","floor":4},{"not_picked":["Go for the Eyes","Melter"],"picked":"Redo","floor":5},{"not_picked":["hubris:PowerSurge","Time Bomb"],"picked":"Ball Lightning","floor":7},{"not_picked":["Sunder","Undo"],"picked":"BootSequence","floor":8},{"not_picked":["Seek","Gash"],"picked":"Panic Button","floor":10},{"not_picked":["FTL","Panic Button"],"picked":"BasicCrystalCard","floor":13},{"not_picked":["Buffer","hubris:SpecializedCircuitry"],"picked":"Echo Form","floor":16},{"not_picked":["hubris:Despair","Regret"],"picked":"Sickly","floor":17},{"not_picked":["Hallucinations","Delirium"],"picked":"Injury","floor":17},{"not_picked":["infinitespire:Pacifist","Amnesia"],"picked":"Sickly","floor":17},{"not_picked":["Stack","Rebound+1"],"picked":"Conserve Battery","floor":18},{"not_picked":["Streamline+1","Beam Cell"],"picked":"Turbo","floor":20},{"not_picked":["ReplayTheSpireMod:GoodbyeWorld","BasicCrystalCard"],"picked":"Compile Driver","floor":21}],"player_experience":96950,"relics_obtained":[{"floor":7,"key":"hubris:Reverence"},{"floor":9,"key":"Anchor"},{"floor":10,"key":"ReplayFunnel"}],"event_choices":[{"damage_healed":0,"gold_gain":75,"player_choice":"Gather Gold","damage_taken":11,"max_hp_gain":0,"max_hp_loss":0,"event_name":"World of Goop","floor":14,"gold_loss":0},{"damage_healed":0,"gold_gain":0,"player_choice":"Trade","damage_taken":0,"relics_obtained":["SsserpentHead"],"max_hp_gain":0,"max_hp_loss":0,"event_name":"FaceTrader","floor":19,"gold_loss":0}],"is_beta":false,"boss_relics":[{"not_picked":["Honey Jar","hubris:GrandSneckoEye"],"picked":"Replay:Ancient Bell"},{"not_picked":["Oddly Smooth Stone","Pet Ghost"],"picked":"Replay:Baseball"},{"not_picked":["infinitespire:EmpoweringShard","Carrot"],"picked":"Darkstone Periapt"},{"not_picked":["Lizard Tail","Counterbalance"],"picked":"Replay:Arrowhead"}],"items_purged_floors":[],"is_endless":false,"potions_floor_spawned":[1,5,7,16,18],"killed_by":"Snake Plant","ascension_level":1}}