{"host":"glqsg3p5q4u9u1ra","time":1613545253,"event":{"mods":["Act Like it!","Arknights","BaseMod","Better Third Choice","BetterRewards","Colored Map","Downfall","Friendly Minions","GifTheSpireLib","Hallownest","Highlight Path","Infinite Spire","Lobotomy","LobotomyExtend","Mimic Mod","Minty Spire (QoL Compilation)","Pale of the Ancients","Reliquary","Replay The Spire","Ruina","Spicy Shops","Spire Birthday Party","StSLib","The Blackbeard","The Blue Laboratory","The Bug Knight","The Exalted","The Servant 0.9.4","Wandering Minibosses"],"gold_per_floor":[110,2,22,38,58,87,67,94,94,113,145,145,145,119,119,196,196,196,196,21,31,47,47,74,74,74],"floor_reached":25,"language":"ENG","playtime":1036,"items_purged":[],"score":912,"play_id":"1f6bf8c8-997a-4093-a9d8-4cbd9ff95df3","local_time":"20210216230053","is_ascension_mode":true,"campfire_choices":[{"floor":12,"key":"REST"},{"data":"Noxious Fumes","floor":15,"key":"SMITH"},{"data":"Replay:Poison Smokescreen","floor":23,"key":"SMITH"}],"circlet_count":0,"master_deck":["AscendersBane","Strike_G","Strike_G","Strike_G","Strike_G","Strike_G","Defend_G","Defend_G","Defend_G","Defend_G","Defend_G","Neutralize","Noxious Fumes+1","Mayhem+1","Replay:Poison Smokescreen+1","Deadly Poison+1","Replay:Poison Smokescreen+1","Toxin Wave+1","Leg Sweep","Noxious Fumes+1","Blur","m_Survivalism","Backflip","After Image+1","Noxious Fumes+1","Sucker Punch+1","Deadly Poison","Envenom+1"],"relics":["Ring of the Snake","Membership Card","Golden Egg","LetterFromLob","Lee\u0027s Waffle","War Paint","infinitespire:FocusingShard","The Courier","Paper Crane","Ring of Chaos","Du-Vu Doll","Strawberry","reliquary:RadioactivePellet","Tiny Chest"],"acts_visited":["Exordium","Exordium"],"potions_floor_usage":[11,14,16,16,21,24],"damage_taken":[{"damage":4,"enemies":"Jaw Worm","floor":1,"turns":4},{"damage":3,"enemies":"ats:Genji","floor":3,"turns":4},{"damage":9,"enemies":"Small Slimes","floor":4,"turns":6},{"damage":4,"enemies":"2 Fungi Beasts","floor":5,"turns":4},{"damage":0,"enemies":"HollowMod:MossKnight","floor":6,"turns":6},{"damage":21,"enemies":"Replay:BlueRogue","floor":8,"turns":5},{"damage":5,"enemies":"Looter","floor":10,"turns":3},{"damage":22,"enemies":"3 Sentries","floor":11,"turns":5},{"damage":9,"enemies":"Exordium Thugs","floor":14,"turns":4},{"damage":12,"enemies":"Fading Forest","floor":16,"turns":11},{"damage":27,"enemies":"ruina:3_Bats","floor":21,"turns":6},{"damage":11,"enemies":"ruina:Nosferatu","floor":22,"turns":6},{"damage":0,"enemies":"ruina:RoadHome","floor":24,"turns":5},{"damage":31,"enemies":"ruina:QueenOfHate","floor":25,"turns":5}],"seed_played":"-1772638615869944084","potions_obtained":[{"floor":1,"key":"blueLaboratory:ArtistsPotion"},{"floor":7,"key":"Doom Potion"},{"floor":11,"key":"blueLaboratory:LouseDecoction"},{"floor":14,"key":"Death Potion"},{"floor":22,"key":"blueLaboratory:ImpenetrablePotion"}],"is_trial":false,"path_per_floor":["M","$","M","M","M","E","?","E","T","M","E","R","?","M","R","B",null,"M","?","$","M","M","R","E","M"],"character_chosen":"THE_SILENT","items_purchased":["Membership Card","Noxious Fumes","Golden Egg","Mayhem","Elixir","Deadly Poison","Lee\u0027s Waffle","Du-Vu Doll","Strawberry","reliquary:RadioactivePellet","Regen Potion"],"campfire_rested":1,"item_purchase_floors":[0,0,0,0,0,2,2,20,20,20,20],"current_hp_per_floor":[55,73,70,61,57,57,57,36,36,31,9,30,30,21,21,17,59,59,30,37,37,26,26,26,0,0],"gold":74,"neow_bonus":"","is_daily":false,"chose_seed":false,"campfire_upgraded":2,"win_rate":0.0,"timestamp":1613545253,"path_taken":["M","$","M","M","M","E","?","E","T","?","E","R","?","M","R","BOSS","M","?","$","M","M","R","E","M"],"items_purchased_type":["Relic","Card","Relic","Card","Potion","Card","Relic","Relic","Relic","Relic","Potion"],"build_version":"2020-12-22","purchased_purges":0,"victory":false,"max_hp_per_floor":[66,73,73,73,73,73,73,73,73,73,73,73,73,73,73,73,73,73,73,80,80,80,80,80,80,80],"card_choices":[{"not_picked":["Cloak And Dagger","Fluid Movement"],"picked":"Replay:Poison Smokescreen","floor":1},{"not_picked":["All Out Attack","Bane"],"picked":"Replay:Poison Smokescreen","floor":3},{"not_picked":["Slice","Crippling Poison"],"picked":"Toxin Wave","floor":4},{"not_picked":["Acrobatics","ReplayTheSpireMod:Tripwire"],"picked":"Leg Sweep","floor":5},{"not_picked":["Infinite Blades","PiercingWail","Slice"],"picked":"SKIP","floor":6},{"not_picked":["Sucker Punch","Flying Knee"],"picked":"Noxious Fumes","floor":8},{"not_picked":["Heel Hook","Backstab","Outmaneuver"],"picked":"SKIP","floor":10},{"not_picked":["Distraction","Blade Dance"],"picked":"Blur","floor":11},{"not_picked":["Underhanded Strike","Dagger Throw"],"picked":"Backflip","floor":14},{"not_picked":["Die Die Die","Phantasmal Killer"],"picked":"After Image","floor":16},{"not_picked":["Quick Slash+1","Poisoned Stab"],"picked":"Sucker Punch+1","floor":21},{"not_picked":["Outmaneuver","Poisoned Stab"],"picked":"Deadly Poison","floor":22},{"not_picked":["Dagger Throw","Predator"],"picked":"Envenom","floor":24}],"player_experience":1223261,"relics_obtained":[{"floor":1,"key":"LetterFromLob"},{"floor":6,"key":"War Paint"},{"floor":8,"key":"infinitespire:FocusingShard"},{"floor":9,"key":"The Courier"},{"floor":11,"key":"Paper Crane"},{"floor":24,"key":"Tiny Chest"}],"event_choices":[{"damage_healed":0,"gold_gain":0,"player_choice":"Bought 1 Potion","damage_taken":0,"max_hp_gain":0,"max_hp_loss":0,"event_name":"The Woman in Blue","floor":7,"gold_loss":0}],"is_beta":false,"boss_relics":[{"not_picked":["Runic Pyramid","Ectoplasm"],"picked":"Ring of Chaos"}],"items_purged_floors":[],"is_endless":false,"potions_floor_spawned":[1,5,11,14,22],"killed_by":"ruina:QueenOfHate","ascension_level":20}}