{"host":"vh33hu3wddwn6yt6","time":1613592282,"event":{"mods":["AchievementEnabler","Act Like it!","Aspiration","BaseMod","Better Altar","Better Match","Better Note","Better Sensory Stone","Better Skull","Better Third Choice","BetterRewards","Bossed Relics","Downfall","Hermit","Hubris","Infinite Spire","Minty Spire (QoL Compilation)","Permanent Neow","Replay The Spire","Shade Mod","Shop Mod","Spicy Shops","StSLib","SuperFastMode","The Blackbeard","The Necromancer","The Runesmith","The Servant 0.9.4","TheBandit","Wandering Minibosses"],"gold_per_floor":[110,129,129,129,52,52,86,86,86,86,18,50,67,85,85,185,185,203,47,70,70,88,117,117,144,195,195,195,195,209,229,229,175,175,272,272,292,342,360,373,384,409,419,447,447,459,473,805,805,805,805,910,910,918,913,153,156,120,130,137,153,177,177,188,188,200,223,223,320,320,318,318,318,21,21,33,33,47,47,47,46,45,45,45,45,139,139,140,40,40,40,40,40,57,57,84,84,97,109,94,101,101,189,189,201,201,201,222,270,288,288,304,304,323,323,324,346,346,346,456,456,454,369,373,373,390,417,422,453,507,527,563,563,427,427,427,540,540,555,570,503,503,509,543,543,543,543,543,585,317,326,326,326,411,411,411,331,378,487],"floor_reached":160,"language":"DEU","playtime":4087,"items_purged":[],"score":6221,"play_id":"3893452c-879d-42a6-a5fa-90562ecb2225","local_time":"20210217210442","is_ascension_mode":true,"campfire_choices":[{"data":"Shade:SpectralStrikes","floor":6,"key":"SMITH"},{"data":"Shade:AnimateDead","floor":8,"key":"SMITH"},{"data":"Infinite Blades","floor":10,"key":"SMITH"},{"data":"Shade:SpectralStrikes","floor":15,"key":"SMITH"},{"data":"Shade:SpectralStrikes","floor":24,"key":"SMITH"},{"data":"Shade:OpenGraves","floor":29,"key":"SMITH"},{"data":"Shade:OpenGraves","floor":34,"key":"SMITH"},{"data":"Shade:Carnophage","floor":49,"key":"SMITH"},{"data":"Shade:Putrefaction","floor":51,"key":"SMITH"},{"data":"Shade:OpenGraves","floor":77,"key":"SMITH"},{"data":"Shade:Bonestorm","floor":85,"key":"SMITH"},{"data":"Shade:FleshToFlesh","floor":93,"key":"SMITH"},{"data":"Sadistic Nature","floor":95,"key":"SMITH"},{"data":"Shade:FleshToFlesh","floor":99,"key":"SMITH"},{"data":"Shade:SpectralStrikes","floor":102,"key":"SMITH"},{"data":"Shade:SensePrey","floor":111,"key":"SMITH"},{"data":"Shade:ExtraLimbs","floor":115,"key":"SMITH"},{"data":"Shade:FuneraryJewels","floor":119,"key":"SMITH"},{"data":"infinitespire:Execution","floor":136,"key":"SMITH"},{"data":"Shade:Defend_Shade","floor":145,"key":"SMITH"},{"floor":148,"key":"REST"},{"floor":153,"key":"REST"},{"floor":156,"key":"REST"}],"circlet_count":0,"master_deck":["Shade:Strike_Shade+1","Shade:Strike_Shade+1","Shade:Strike_Shade+1","Shade:Strike_Shade+1","Shade:Defend_Shade+1","Shade:Defend_Shade+1","Shade:Defend_Shade+1","Shade:AnimateDead+1","Shade:CarefulCut+1","Shade:FuneraryJewels+1","Shade:FleshToFlesh+1","Shade:SpectralStrikes+1","Shade:SpectralStrikes+1","Shade:SpectralStrikes+1","Shade:FleshToFlesh+1","After Image+1","Shade:OpenGraves+1","Shade:OpenGraves+1","Shade:Putrefaction+1","CurseOfTheBell","Shade:Carnophage+1","Shade:Bonestorm+1","Shade:Putrefaction+1","Sadistic Nature+1","Shade:OpenGraves+1","Shade:Strike_Shade+1","Shade:SpectralStrikes+1","Shade:SensePrey+1","Shade:ExtraLimbs+1","infinitespire:Execution+1","Shade:Putrefaction+1","Shade:Bonestorm+1","Shade:OpenGraves+1","Shade:OpenGraves+1","Shade:Bonestorm+1","Shade:ExtraLimbs+1","Shade:FreshBones","Shade:ExtraLimbs","Shade:Putrefaction+1"],"relics":["Shade:YorickSkull","aspiration:Nostalgia","Lantern","Blue Candle","Replay:Ringing Soul","Replay:Bottled Steam","hubris:TerracottaHorce","Bag of Preparation","hubris:MysteriousPyramids","Potion Belt","Orichalcum","wanderingMiniBosses:OtherGremlinHorn","SlaversCollar","MerchantsRug","Calling Bell","Vajra","Quantum Egg","aspiration:SneckoTail","Boot","Iron Hammer","hubris:PeanutButter","hubris:FunFungus","Old Coin","Busted Crown","Guardian:PocketSentry","infinitespire:PuzzleCube","infinitespire:Golems Mask","Art of War","aspiration:FetidBarrel","Juzu Bracelet","hubris:OldNail","Torii","Golden Idol","hubris:Backtick","Mummified Hand","Membership Card","hubris:Potato","Runesmith:AutoHammer","hubris:Towel","Replay:Bottled Eggs","aspiration:Lifesprig","Replay:Wax Seal","Omamori","Black Star","Peace Pipe","Gremlin Food","CeramicFish","MawBank","Replay:Rubber Ducky","Philosopher\u0027s Stone","Odd Mushroom","Regal Pillow","Happy Flower","Lizard Tail","ReplayFunnel","infinitespire:ShieldingShard","Dream Catcher","Blue Doll","Oddly Smooth Stone","Frozen Egg 2","infinitespire:CheckeredPen","MutagenicStrength","Replay:Bandana","aspiration:VileToxins","Bag of Marbles","aspiration:StickyExplosives_weak","infinitespire:Beetle Shell","Bronze Scales","Anchor","Snack Pack","PreservedInsect","Sozu","Replay:Baseball","infinitespire:Lucky Rock","Strawberry","Tiny Chest","Replay:WaspNest","Akabeko","Question Card","DollysMirror","hubris:TenFootPole","infinitespire:EmpoweringShard","StrikeDummy","Matryoshka","aspiration:HummingbirdHeart"],"acts_visited":["Exordium","TheCity","TheBeyond","Exordium","TheCity","TheBeyond","Exordium","TheCity","TheBeyond","TheEnding"],"potions_floor_usage":[18,25,25,42,159],"damage_taken":[{"damage":0,"enemies":"infinitespire:Voidling","floor":1,"turns":3},{"damage":0,"enemies":"Jaw Worm","floor":2,"turns":3},{"damage":13,"enemies":"Gremlin Nob","floor":7,"turns":5},{"damage":0,"enemies":"Replay:BlueRogue","floor":12,"turns":4},{"damage":0,"enemies":"Small Slimes","floor":13,"turns":2},{"damage":0,"enemies":"Exordium Wildlife","floor":14,"turns":7},{"damage":0,"enemies":"The Guardian","floor":16,"turns":6},{"damage":0,"enemies":"3 Byrds","floor":18,"turns":4},{"damage":0,"enemies":"Chosen","floor":22,"turns":3},{"damage":0,"enemies":"Nightmare","floor":23,"turns":6},{"damage":21,"enemies":"Slavers","floor":25,"turns":6},{"damage":0,"enemies":"Snecko","floor":30,"turns":3},{"damage":2,"enemies":"3 Cultists","floor":31,"turns":6},{"damage":0,"enemies":"Champ","floor":35,"turns":5},{"damage":0,"enemies":"Orb Walker","floor":37,"turns":2},{"damage":0,"enemies":"3 Darklings","floor":39,"turns":4},{"damage":7,"enemies":"Transient","floor":40,"turns":5},{"damage":1,"enemies":"Sphere and 2 Shapes","floor":41,"turns":4},{"damage":1,"enemies":"Nemesis","floor":42,"turns":5},{"damage":14,"enemies":"3 Darklings","floor":43,"turns":3},{"damage":0,"enemies":"Reptomancer","floor":44,"turns":3},{"damage":0,"enemies":"Writhing Mass","floor":46,"turns":4},{"damage":0,"enemies":"Maw","floor":47,"turns":4},{"damage":0,"enemies":"Giant Head","floor":48,"turns":5},{"damage":0,"enemies":"infinitespire:MassOfShapes","floor":52,"turns":7},{"damage":0,"enemies":"Jaw Worm","floor":54,"turns":2},{"damage":0,"enemies":"Small Slimes","floor":55,"turns":2},{"damage":0,"enemies":"Cultist","floor":57,"turns":2},{"damage":0,"enemies":"Gremlin Nob","floor":59,"turns":2},{"damage":0,"enemies":"Lots of Slimes","floor":60,"turns":2},{"damage":0,"enemies":"3 Sentries","floor":61,"turns":3},{"damage":0,"enemies":"Lagavulin","floor":64,"turns":2},{"damage":0,"enemies":"Replay:BlueRogue","floor":66,"turns":2},{"damage":0,"enemies":"Hexaghost","floor":69,"turns":4},{"damage":0,"enemies":"Spheric Guardian","floor":71,"turns":1},{"damage":0,"enemies":"Book of Stabbing","floor":76,"turns":2},{"damage":0,"enemies":"Gremlin Leader","floor":78,"turns":2},{"damage":0,"enemies":"3 Byrds","floor":81,"turns":1},{"damage":0,"enemies":"Snake Plant","floor":82,"turns":2},{"damage":0,"enemies":"hubris:MusketHawk","floor":86,"turns":3},{"damage":0,"enemies":"Orb Walker","floor":88,"turns":2},{"damage":0,"enemies":"R_Hoarder","floor":94,"turns":2},{"damage":0,"enemies":"Reptomancer","floor":98,"turns":1},{"damage":0,"enemies":"3 Shapes","floor":101,"turns":1},{"damage":0,"enemies":"hubris:GrandSnecko","floor":103,"turns":3},{"damage":0,"enemies":"Small Slimes","floor":105,"turns":1},{"damage":0,"enemies":"The Mushroom Lair","floor":108,"turns":1},{"damage":0,"enemies":"3 Sentries","floor":110,"turns":2},{"damage":0,"enemies":"Cultist","floor":112,"turns":1},{"damage":0,"enemies":"Gremlin Nob","floor":114,"turns":1},{"damage":0,"enemies":"2 Louse","floor":116,"turns":1},{"damage":0,"enemies":"3 Sentries","floor":117,"turns":1},{"damage":0,"enemies":"Fading Forest","floor":120,"turns":5},{"damage":0,"enemies":"2 Thieves","floor":122,"turns":2},{"damage":0,"enemies":"Spheric Guardian","floor":124,"turns":1},{"damage":0,"enemies":"Snake Plant","floor":126,"turns":1},{"damage":0,"enemies":"Book of Stabbing","floor":127,"turns":2},{"damage":0,"enemies":"Snecko","floor":128,"turns":2},{"damage":0,"enemies":"Gremlin Leader","floor":129,"turns":1},{"damage":0,"enemies":"Centurion and Healer","floor":131,"turns":1},{"damage":0,"enemies":"Book of Stabbing","floor":132,"turns":1},{"damage":0,"enemies":"Collector","floor":137,"turns":2},{"damage":0,"enemies":"3 Shapes","floor":139,"turns":1},{"damage":0,"enemies":"3 Darklings","floor":140,"turns":1},{"damage":0,"enemies":"Writhing Mass","floor":143,"turns":2},{"damage":0,"enemies":"R_Hoarder","floor":144,"turns":2},{"damage":0,"enemies":"Reptomancer","floor":149,"turns":1},{"damage":0,"enemies":"Sphere and 2 Shapes","floor":151,"turns":1},{"damage":175,"enemies":"infinitespire:LordOfFortification","floor":154,"turns":12},{"damage":0,"enemies":"Shield and Spear","floor":158,"turns":1},{"damage":1,"enemies":"The Heart","floor":159,"turns":5}],"seed_played":"5219459063771565652","potions_obtained":[{"floor":13,"key":"Ancient Potion"},{"floor":14,"key":"LiquidMemories"},{"floor":18,"key":"sneckomod:MuddlingPotion"},{"floor":23,"key":"AttackPotion"},{"floor":35,"key":"PowerPotion"},{"floor":39,"key":"SteroidPotion"},{"floor":40,"key":"BlessingOfTheForge"},{"floor":41,"key":"Swift Potion"},{"floor":54,"key":"BlessingOfTheForge"},{"floor":60,"key":"EntropicBrew"},{"floor":64,"key":"PowerPotion"},{"floor":69,"key":"Guardian:BlockOnCardUsePotion"}],"is_trial":false,"path_per_floor":["M","M","?","?","$","R","E","R","T","R","$","E","M","M","R","B",null,"M","$","T","?","M","NM","R","E","T","PTL","PTL","R","M","M","AVR","$","R","B",null,"M","T","M","M","M","E","M","E","T","M","M","E","R","?","R","B",null,"M","M","$","M","$","E","M","E","T","?","E","?","E","?","R","B",null,"M","?","?","$","?","E","R","E","T","?","M","M","AVR","?","R","B",null,"M","NS","$","?","?","R","E","R","T","?","E","R","$","M","R","B",null,"M","?","?","?","T","E","R","M","T","E","R","M","E","?","R","B",null,"M","?","M","?","M","E","M","E","T","M","E","?","$","?","R","B",null,"M","M","$","?","M","E","R","?","T","R","E","$","M","?","R","B",null,"R","$","E","B",null],"character_chosen":"SHADE","items_purchased":["Shade:SpectralStrikes","Shade:SpectralStrikes","Shade:OpenGraves","Bag of Preparation","PrismaticShard","MerchantsRug","Sadistic Nature","Guardian:PocketSentry","infinitespire:PuzzleCube","infinitespire:Golems Mask","Shade:OpenGraves","Membership Card","hubris:Potato","Runesmith:AutoHammer","Shade:SpectralStrikes","Shade:OpenGraves+1","Snack Pack","PreservedInsect","Replay:Baseball","infinitespire:Lucky Rock","DollysMirror","hubris:TenFootPole","infinitespire:EmpoweringShard","StrikeDummy","Shade:FreshBones"],"campfire_rested":3,"item_purchase_floors":[5,11,19,19,33,33,56,56,56,56,58,74,74,74,100,134,134,134,141,141,150,150,150,157,157],"current_hp_per_floor":[65,65,65,65,65,65,52,52,52,52,55,58,61,61,61,64,74,74,77,77,77,77,77,77,56,56,56,56,56,59,57,57,57,57,60,83,86,86,86,79,78,80,66,66,66,66,69,73,73,78,78,88,98,98,98,101,101,104,104,104,104,104,104,104,104,104,62,36,38,90,90,90,93,93,93,95,95,102,102,102,102,104,104,104,104,106,109,110,110,110,110,110,110,110,110,110,110,110,110,113,113,113,113,113,113,113,113,116,116,116,116,119,119,119,119,119,119,119,119,122,122,122,122,122,122,125,125,125,125,125,125,125,125,128,128,128,128,128,128,128,128,122,122,129,129,129,129,129,132,135,135,135,135,116,130,135,138,141,144],"gold":487,"neow_bonus":"NOSTALGIA","is_daily":false,"chose_seed":false,"campfire_upgraded":20,"win_rate":0.0,"timestamp":1613592282,"path_taken":["M","?","?","?","$","R","E","R","T","R","?","E","M","M","R","BOSS","M","$","?","?","M","NM","R","E","T","PTL","PTL","R","M","M","AVR","?","R","BOSS","M","?","?","?","M","E","M","E","T","M","M","E","R","?","R","BOSS","M","M","$","M","$","E","M","E","T","?","E","?","E","?","R","BOSS","M","?","?","$","?","E","R","E","T","?","M","M","AVR","?","R","BOSS","M","NS","$","?","?","R","E","R","T","?","E","R","$","M","R","BOSS","M","?","?","?","?","E","R","M","T","E","R","M","E","?","R","BOSS","M","?","M","?","M","E","M","E","T","M","E","?","$","?","R","BOSS","M","M","$","?","M","E","R","?","T","R","E","$","M","?","R","BOSS","R","$","E","BOSS"],"items_purchased_type":["Card","Card","Card","Relic","Relic","Relic","Card","Relic","Relic","Relic","Card","Relic","Relic","Relic","Card","Card","Relic","Relic","Relic","Relic","Relic","Relic","Relic","Relic","Card"],"build_version":"2020-12-22","purchased_purges":0,"victory":true,"max_hp_per_floor":[65,65,65,65,65,65,65,65,65,65,68,71,74,74,74,77,77,77,80,80,80,80,80,80,80,80,80,80,80,83,83,83,83,83,86,89,92,92,92,92,92,95,95,95,95,95,98,98,98,98,98,101,101,101,101,104,104,107,107,107,107,107,107,107,107,107,107,107,107,107,107,107,110,110,110,110,110,110,110,110,110,110,110,110,110,110,110,110,110,110,110,110,110,110,110,110,110,110,110,113,113,113,113,113,113,113,113,116,116,116,116,119,119,119,119,119,119,119,119,122,122,122,122,122,122,125,125,125,125,125,125,125,125,128,128,128,128,128,128,128,128,122,122,129,129,129,129,129,132,135,135,135,135,135,135,135,138,141,144],"card_choices":[{"not_picked":["Shade:SkeletonHug","Cloak And Dagger"],"picked":"Shade:FuneraryJewels","floor":1},{"not_picked":["Shade:WallOfFlesh","Shade:AncientSpear"],"picked":"Shade:FleshToFlesh","floor":2},{"not_picked":["Shade:GoDigging","Shade:AblativeArmor"],"picked":"Infinite Blades","floor":7},{"not_picked":["ReplayTheSpireMod:Shiv Toss","Shade:CoffinDance"],"picked":"Shade:SpectralStrikes","floor":12},{"not_picked":["Shade:Frenzy","Shade:Brains"],"picked":"Shade:FleshToFlesh","floor":13},{"not_picked":["Shade:CallOfTheGrave","Slimebound:MegaLick","Shade:CloudOfShrapnel"],"picked":"SKIP","floor":14},{"not_picked":["Shade:SelfBurial","Shade:Consume"],"picked":"After Image","floor":16},{"not_picked":["Shade:Trample","Shade:SanguineRitual","Shade:GraveStillness"],"picked":"SKIP","floor":18},{"not_picked":["Shade:FleshToFlesh","Shade:Premonition","Shade:GraveStillness"],"picked":"SKIP","floor":22},{"not_picked":["Shade:FuneraryArmor+1","Shade:WallOfFlesh","Shade:LyeBath"],"picked":"SKIP","floor":23},{"not_picked":["Shade:AblativeArmor","Shade:Brains+1","Shade:SpontaneousRitual"],"picked":"SKIP","floor":25},{"not_picked":["Shade:FingerOfDeath","Shade:TouchOfTheGrave"],"picked":"Shade:OpenGraves","floor":30},{"not_picked":["Shade:WallOfFlesh","Shade:ScuttlingHand+1","Shade:AncientSpear"],"picked":"SKIP","floor":31},{"not_picked":["Shade:LoseControl","Shade:SoulPierce"],"picked":"Shade:Putrefaction","floor":35},{"not_picked":["Shade:FuneraryArmor+1","Shade:ScuttlingHand+1"],"picked":"Shade:Carnophage","floor":37},{"not_picked":["Shade:ClawBack","Shade:DangerousRitual","Shade:GreyBargain"],"picked":"SKIP","floor":39},{"not_picked":["Shade:ClawBack","Shade:FeralStrike","Shade:WallOfFlesh+1"],"picked":"SKIP","floor":40},{"not_picked":["Shade:ClawBack+1","Shade:Brains","Shade:GreyBargain+1"],"picked":"SKIP","floor":41},{"not_picked":["Shade:SoulToxin+1","Shade:Trample"],"picked":"Shade:Bonestorm","floor":42},{"not_picked":["Shade:FuneraryJewels+1","Shade:BoneShards+1","Shade:GreyBargain+1"],"picked":"SKIP","floor":43},{"not_picked":["Shade:FeralStrike","Shade:Doomsay+1","Shade:CommandSoldier"],"picked":"SKIP","floor":44},{"not_picked":["Shade:AncientSpear+1","Shade:LoseControl","Shade:FleshOffering"],"picked":"SKIP","floor":46},{"not_picked":["Shade:StitchTogether","Shade:LyeBath+1"],"picked":"Shade:FreshBones+1","floor":47},{"not_picked":["Shade:CommandSoldier","Shade:AncientSpear","Shade:SkeletonHug+1"],"picked":"SKIP","floor":48},{"not_picked":["Shade:OneIsEnough","Shade:MadHubris"],"picked":"Shade:Putrefaction","floor":52},{"not_picked":["Shade:CallWraith"],"picked":"SKIP","floor":54},{"not_picked":["Shade:CoffinDance"],"picked":"SKIP","floor":55},{"not_picked":["Shade:AncientSpear"],"picked":"SKIP","floor":57},{"not_picked":["Shade:SpontaneousRitual"],"picked":"SKIP","floor":59},{"not_picked":["Shade:CommandSoldier"],"picked":"SKIP","floor":60},{"not_picked":["Shade:DangerousRitual"],"picked":"SKIP","floor":61},{"not_picked":["Shade:FeralStrike"],"picked":"SKIP","floor":64},{"not_picked":["Shade:Haruspicy"],"picked":"SKIP","floor":66},{"not_picked":["Shade:FleshOffering"],"picked":"SKIP","floor":71},{"not_picked":["Shade:PressTheAttack"],"picked":"SKIP","floor":76},{"not_picked":["Shade:Frenzy+1"],"picked":"SKIP","floor":78},{"not_picked":["Shade:FreshBones"],"picked":"SKIP","floor":81},{"not_picked":["Shade:SkeletonHug"],"picked":"SKIP","floor":82},{"not_picked":["Shade:AncientSpear"],"picked":"SKIP","floor":88},{"not_picked":["Shade:CoffinDance+1"],"picked":"SKIP","floor":94},{"not_picked":["Shade:SpontaneousRitual+1"],"picked":"SKIP","floor":98},{"not_picked":["Shade:AncientSpear+1"],"picked":"SKIP","floor":101},{"not_picked":["Shade:FuneraryArmor"],"picked":"SKIP","floor":105},{"not_picked":[],"picked":"Shade:SensePrey","floor":108},{"not_picked":["Shade:SkeletonHug"],"picked":"SKIP","floor":110},{"not_picked":[],"picked":"Shade:ExtraLimbs","floor":112},{"not_picked":["Shade:Haruspicy"],"picked":"SKIP","floor":114},{"not_picked":["Shade:Haruspicy"],"picked":"SKIP","floor":116},{"not_picked":["Shade:AblativeArmor"],"picked":"SKIP","floor":117},{"not_picked":["infinitespire:NeuralNetwork","ReplayTheSpireMod:Echoes of Time"],"picked":"infinitespire:Execution","floor":120},{"not_picked":[],"picked":"Shade:Putrefaction+1","floor":120},{"not_picked":["Shade:CommandSoldier"],"picked":"SKIP","floor":122},{"not_picked":["Shade:SensePrey"],"picked":"SKIP","floor":124},{"not_picked":[],"picked":"Shade:Bonestorm+1","floor":126},{"not_picked":["Shade:FuneraryArmor"],"picked":"SKIP","floor":127},{"not_picked":["Shade:CallOfTheGrave+1"],"picked":"SKIP","floor":128},{"not_picked":["Shade:BoneShards"],"picked":"SKIP","floor":129},{"not_picked":["Shade:CoffinDance"],"picked":"SKIP","floor":131},{"not_picked":["Shade:LastGasp"],"picked":"SKIP","floor":132},{"not_picked":["Shade:FreshBones"],"picked":"SKIP","floor":139},{"not_picked":["Shade:Frenzy+1"],"picked":"SKIP","floor":140},{"not_picked":["Shade:CommandSoldier"],"picked":"SKIP","floor":143},{"not_picked":["Shade:RavenousHorde"],"picked":"SKIP","floor":144},{"not_picked":[],"picked":"Shade:Bonestorm+1","floor":149},{"not_picked":["Shade:GraveStillness","Shade:CoffinDance"],"picked":"SKIP","floor":151},{"not_picked":["Shade:SpontaneousRitual"],"picked":"Shade:ExtraLimbs","floor":158},{"not_picked":["Shade:Coordination+1"],"picked":"Shade:Putrefaction+1","floor":159}],"player_experience":676790,"relics_obtained":[{"floor":3,"key":"Lantern"},{"floor":7,"key":"Blue Candle"},{"floor":9,"key":"Replay:Ringing Soul"},{"floor":12,"key":"Replay:Bottled Steam"},{"floor":23,"key":"hubris:MysteriousPyramids"},{"floor":25,"key":"Potion Belt"},{"floor":26,"key":"Orichalcum"},{"floor":31,"key":"wanderingMiniBosses:OtherGremlinHorn"},{"floor":36,"key":"Vajra"},{"floor":36,"key":"Quantum Egg"},{"floor":36,"key":"aspiration:SneckoTail"},{"floor":38,"key":"Boot"},{"floor":42,"key":"Iron Hammer"},{"floor":44,"key":"hubris:PeanutButter"},{"floor":45,"key":"hubris:FunFungus"},{"floor":48,"key":"Old Coin"},{"floor":59,"key":"Art of War"},{"floor":61,"key":"aspiration:FetidBarrel"},{"floor":62,"key":"Juzu Bracelet"},{"floor":64,"key":"hubris:OldNail"},{"floor":66,"key":"Pondfish Scales"},{"floor":67,"key":"Torii"},{"floor":76,"key":"Replay:Bottled Eggs"},{"floor":78,"key":"aspiration:Lifesprig"},{"floor":79,"key":"Replay:Wax Seal"},{"floor":94,"key":"Peace Pipe"},{"floor":94,"key":"Gremlin Food"},{"floor":96,"key":"CeramicFish"},{"floor":98,"key":"MawBank"},{"floor":98,"key":"Replay:Rubber Ducky"},{"floor":108,"key":"Odd Mushroom"},{"floor":109,"key":"Regal Pillow"},{"floor":110,"key":"Happy Flower"},{"floor":110,"key":"Lizard Tail"},{"floor":113,"key":"ReplayFunnel"},{"floor":114,"key":"infinitespire:ShieldingShard"},{"floor":114,"key":"Dream Catcher"},{"floor":117,"key":"Blue Doll"},{"floor":117,"key":"Oddly Smooth Stone"},{"floor":127,"key":"Replay:Bandana"},{"floor":127,"key":"aspiration:VileToxins"},{"floor":129,"key":"Bag of Marbles"},{"floor":129,"key":"aspiration:StickyExplosives_weak"},{"floor":130,"key":"infinitespire:Beetle Shell"},{"floor":132,"key":"Bronze Scales"},{"floor":132,"key":"Anchor"},{"floor":144,"key":"Strawberry"},{"floor":144,"key":"Tiny Chest"},{"floor":147,"key":"Replay:WaspNest"},{"floor":149,"key":"Akabeko"},{"floor":149,"key":"Question Card"},{"floor":158,"key":"Matryoshka"},{"floor":158,"key":"aspiration:HummingbirdHeart"}],"event_choices":[{"damage_healed":0,"gold_gain":0,"player_choice":"Ignored","damage_taken":0,"max_hp_gain":0,"max_hp_loss":0,"event_name":"betterNote:BetterNote","floor":21,"gold_loss":0,"cards_obtained":["Defend_S"]},{"damage_healed":5,"gold_gain":0,"player_choice":"LEAVE ","damage_taken":0,"relics_obtained":[],"max_hp_gain":0,"max_hp_loss":0,"event_name":"betterSkull:BetterSkull","floor":50,"gold_loss":0,"cards_upgraded":[]},{"damage_healed":0,"gold_gain":0,"player_choice":"Grow","damage_taken":0,"max_hp_gain":0,"max_hp_loss":0,"event_name":"Living Wall","floor":63,"gold_loss":0,"cards_upgraded":["Shade:Putrefaction"]},{"damage_healed":104,"gold_gain":0,"player_choice":"Leave","damage_taken":0,"max_hp_gain":0,"max_hp_loss":107,"event_name":"betterThird:BetterShining","floor":65,"gold_loss":0},{"damage_healed":0,"gold_gain":0,"player_choice":"Take Damage","damage_taken":26,"relics_obtained":["Golden Idol"],"max_hp_gain":0,"max_hp_loss":0,"event_name":"Golden Idol","floor":68,"gold_loss":0},{"damage_healed":0,"gold_gain":0,"player_choice":"Copied","damage_taken":0,"max_hp_gain":0,"max_hp_loss":0,"event_name":"Duplicator","floor":73,"gold_loss":0,"cards_obtained":["Shade:Strike_Shade"]},{"damage_healed":0,"gold_gain":0,"player_choice":"Ignored","damage_taken":0,"max_hp_gain":0,"max_hp_loss":0,"event_name":"Vampires","floor":80,"gold_loss":0},{"cards_removed":["Shade:Defend_Shade"],"damage_healed":0,"gold_gain":0,"player_choice":"Removed Skill","damage_taken":0,"max_hp_gain":0,"max_hp_loss":0,"event_name":"Falling","floor":91,"gold_loss":0},{"damage_healed":0,"gold_gain":0,"player_choice":"Ignored","damage_taken":0,"max_hp_gain":0,"max_hp_loss":0,"event_name":"Transmorgrifier","floor":92,"gold_loss":0},{"damage_healed":0,"gold_gain":6,"player_choice":"1","damage_taken":0,"max_hp_gain":0,"max_hp_loss":0,"event_name":"betterStone:BetterStone","floor":97,"gold_loss":0},{"damage_healed":0,"gold_gain":0,"player_choice":"Ignored","damage_taken":201,"max_hp_gain":0,"max_hp_loss":0,"event_name":"betterThird:BetterSerpent","floor":106,"gold_loss":0},{"damage_healed":0,"gold_gain":0,"player_choice":"Grow","damage_taken":0,"max_hp_gain":0,"max_hp_loss":0,"event_name":"Living Wall","floor":107,"gold_loss":0,"cards_upgraded":["Shade:CarefulCut"]},{"damage_healed":0,"gold_gain":0,"player_choice":"Fought Mushrooms","damage_taken":0,"max_hp_gain":0,"max_hp_loss":0,"event_name":"Mushrooms","floor":108,"gold_loss":0},{"damage_healed":0,"gold_gain":0,"player_choice":"Obtained Relic","damage_taken":0,"relics_obtained":["infinitespire:CheckeredPen"],"max_hp_gain":0,"max_hp_loss":0,"event_name":"Addict","floor":123,"gold_loss":85},{"damage_healed":0,"gold_gain":0,"player_choice":"Inject Mutagens","damage_taken":0,"relics_obtained":["MutagenicStrength"],"max_hp_gain":0,"max_hp_loss":0,"event_name":"Drug Dealer","floor":125,"gold_loss":0},{"damage_healed":0,"gold_gain":0,"player_choice":"Ignored","damage_taken":0,"max_hp_gain":0,"max_hp_loss":0,"event_name":"Cursed Tome","floor":135,"gold_loss":0},{"damage_healed":0,"gold_gain":0,"player_choice":"Max HP","damage_taken":0,"max_hp_gain":0,"max_hp_loss":6,"event_name":"Winding Halls","floor":142,"gold_loss":0},{"damage_healed":0,"gold_gain":0,"player_choice":"Ignored","damage_taken":0,"max_hp_gain":0,"max_hp_loss":0,"event_name":"The Moai Head","floor":146,"gold_loss":0},{"damage_healed":0,"gold_gain":0,"player_choice":"Ignored","damage_taken":0,"max_hp_gain":0,"max_hp_loss":0,"event_name":"Transmorgrifier","floor":152,"gold_loss":0}],"is_beta":false,"boss_relics":[{"not_picked":["aspiration:WatcherSkillbook","hubris:Stopwatch"],"picked":"hubris:TerracottaHorce"},{"not_picked":["aspiration:PoetsPen_weak","Replay:Wanted Poster"],"picked":"Calling Bell"},{"not_picked":["Replay:Ancient Bell","Sozu"],"picked":"Busted Crown"},{"not_picked":["infinitespire:Cupcake","Velvet Choker"],"picked":"hubris:Backtick"},{"not_picked":["SacredBark","aspiration:MobileForge"],"picked":"Black Star"},{"not_picked":["Runic Pyramid","Replay:Wanted Poster"],"picked":"Philosopher\u0027s Stone"},{"not_picked":["Abe\u0027s Treasure","Cursed Key","hubris:GrandSneckoEye"]},{"not_picked":["Painkiller Herb","Ring of Chaos"],"picked":"Sozu"},{"not_picked":["aspiration:WatcherSkillbook","hubris:RunicObelisk","Kintsugi"]}],"items_purged_floors":[],"is_endless":true,"potions_floor_spawned":[13,14,18,23,35,39,40,41,54,60,64,69,76,82,88,103,110,114,116,122,127,129,132,140,144,151,159],"ascension_level":6}}