{"host":"ura9vbtm363prie8","time":1613574417,"event":{"mods":["BaseMod","JesterMod","Minty Spire (QoL Compilation)","Prisma Mod","Remilia£®¿Ÿ√◊¿Ú—«£©","StSLib","The Alterego","The Bug Knight","The Servant 0.9.4","Waifu the Spire","Youmu£®ªÍ∆«—˝√Œ£©","noobMod"],"gold_per_floor":[9999,8846,8846,8846,7935,7963,7963,7973,7973,7952,7967,7292,7292,7292,7592,7689,7689,7707,7724,7724,7734,7754,7788,7808,7841,7841,6700,6714,6714,5803,5834,5834,5935,5935,5947,5144,5366,5366,4702,4714,4714,4768,4768,4787,3934,3934,3965,3978,3978,3978],"floor_reached":51,"language":"ZHT","playtime":5055,"items_purged":["alterego_mod:Defend","alterego_mod:Defend","alterego_mod:DustData","alterego_mod:Defend","alterego_mod:Valkyrie","alterego_mod:Strike","alterego_mod:Mirror","alterego_mod:Cycle+1"],"score":786,"play_id":"801c6568-bc21-449f-b7a9-d597c19d698a","local_time":"20210217230657","is_ascension_mode":false,"campfire_choices":[{"floor":7,"key":"DIG"},{"floor":13,"key":"DIG"},{"floor":15,"key":"DIG"},{"floor":32,"key":"DIG"},{"floor":46,"key":"DIG"},{"floor":49,"key":"DIG"}],"circlet_count":0,"master_deck":["alterego_mod:Impale","alterego_mod:BigMeatyClaws","alterego_mod:BrynhildrsRune","alterego_mod:GoddessCore","alterego_mod:Skirt+1","alterego_mod:TrashNCrash","alterego_mod:Clap","alterego_mod:DiscoLights","alterego_mod:Smother","alterego_mod:Santa","alterego_mod:Skirt","alterego_mod:Jiggle","alterego_mod:TrashNCrash","alterego_mod:RidiculouslyBig","alterego_mod:PainIsPleasure","alterego_mod:MaintainEyeContact","alterego_mod:Complex+1","alterego_mod:1TonWallop","alterego_mod:DeftHands","alterego_mod:TrickOrTreatment","alterego_mod:Bounce","alterego_mod:Stockings+1","alterego_mod:1TonWallop","alterego_mod:Mirror+1","alterego_mod:BrynhildrRomantia+1","alterego_mod:IndependentAction","alterego_mod:Swimsuit+1","alterego_mod:Palingenesis","alterego_mod:Table+1","alterego_mod:SuperDuperMasochism+1","alterego_mod:Valentines"],"relics":["alterego_mod:MasochisticConstitution","ice","Ancient Tea Set","Gambling Chip","alterego_mod:SistersRibbon","Shovel","Blood Vial","HollowMod:PaleOreRelic","ScarletDevilRocket","InkBottle","HandDrill","Nunchaku","Strawberry","Centennial Puzzle","Old Coin","Coffee Dripper","MealTicket","Red Mask","Kunai","TheAbacus","Torii","Molten Egg 2","Lee\u0027s Waffle","Orichalcum","Potion Belt","Boot","StoneCalendar","Astrolabe","OrangePellets","Juzu Bracelet","Peace Pipe","Sling","PreservedInsect","Whetstone","Vajra","HollowMod:StagPassRelic","Toolbox","Happy Flower","Du-Vu Doll","Oddly Smooth Stone","Bird Faced Urn","Bronze Scales"],"acts_visited":["Exordium","TheCity","TheBeyond"],"potions_floor_usage":[6,6,6,16,16,18],"damage_taken":[{"damage":27,"enemies":"Cultist","floor":1,"turns":7},{"damage":66,"enemies":"Lagavulin","floor":6,"turns":9},{"damage":1,"enemies":"Small Slimes","floor":8,"turns":3},{"damage":10,"enemies":"2 Louse","floor":11,"turns":2},{"damage":68,"enemies":"The Guardian","floor":16,"turns":9},{"damage":12,"enemies":"Spheric Guardian","floor":18,"turns":4},{"damage":33,"enemies":"3 Byrds","floor":19,"turns":5},{"damage":39,"enemies":"Centurion and Healer","floor":21,"turns":5},{"damage":33,"enemies":"Cultist and Chosen","floor":22,"turns":5},{"damage":30,"enemies":"HollowMod:Nosk","floor":23,"turns":6},{"damage":0,"enemies":"3 Cultists","floor":24,"turns":3},{"damage":14,"enemies":"Masked Bandits","floor":25,"turns":2},{"damage":0,"enemies":"Snake Plant","floor":28,"turns":2},{"damage":33,"enemies":"Book of Stabbing","floor":31,"turns":6},{"damage":5,"enemies":"Collector","floor":33,"turns":3},{"damage":0,"enemies":"Orb Walker","floor":35,"turns":2},{"damage":10,"enemies":"3 Shapes","floor":40,"turns":2},{"damage":7,"enemies":"Sphere and 2 Shapes","floor":44,"turns":3},{"damage":1,"enemies":"HollowMod:StalkingDevout","floor":47,"turns":1},{"damage":29,"enemies":"Maw","floor":48,"turns":3},{"damage":86,"enemies":"Awakened One","floor":50,"turns":6}],"seed_played":"6005805592660476412","potions_obtained":[{"floor":4,"key":"Regen Potion"},{"floor":6,"key":"SneckoOil"},{"floor":11,"key":"Fire Potion"},{"floor":19,"key":"Swift Potion"},{"floor":24,"key":"LiquidBronze"},{"floor":25,"key":"DuplicationPotion"}],"is_trial":false,"path_per_floor":["M","$","?","?","$","E","R","M","T","?","M","$","R","?","R","B",null,"M","M","?","M","M","E","M","?","T","$","M","?","$","E","R","B",null,"M","$","?","?","$","M","?","T","T","M","$","R","E","M","R","B",null],"character_chosen":"The_Alterego","items_purchased":["Ancient Tea Set","Gambling Chip","alterego_mod:SistersRibbon","DistilledChaos","EssenceOfSteel","Explosive Potion","alterego_mod:Skirt","alterego_mod:DustData","alterego_mod:TrashNCrash","alterego_mod:Clap","alterego_mod:DiscoLights","Shovel","Blood Vial","alterego_mod:RidiculouslyBig","alterego_mod:PainIsPleasure","alterego_mod:MaintainEyeContact","alterego_mod:Complex","alterego_mod:1TonWallop","HandDrill","Nunchaku","Strawberry","BlessingOfTheForge","alterego_mod:Bounce","TheAbacus","Torii","Molten Egg 2","DuplicationPotion","Strength Potion","alterego_mod:BrynhildrRomantia+1","Lee\u0027s Waffle","Orichalcum","Potion Belt","EntropicBrew","LiquidMemories","alterego_mod:IndependentAction","alterego_mod:Swimsuit+1","OrangePellets","Juzu Bracelet","Peace Pipe","Sling","PreservedInsect","Whetstone","Toolbox","Happy Flower","Du-Vu Doll"],"campfire_rested":0,"item_purchase_floors":[2,2,2,2,2,2,2,2,2,2,2,5,5,5,5,5,5,5,12,12,12,12,12,27,27,27,27,27,27,30,30,30,30,30,30,30,36,36,36,39,39,39,45,45,45],"current_hp_per_floor":[51,51,51,51,51,3,3,80,80,80,72,79,79,79,79,14,111,100,91,60,31,17,148,162,149,149,164,165,165,172,148,148,153,189,189,190,190,180,180,171,171,171,171,174,189,189,196,173,173,107],"gold":3978,"neow_bonus":"TEN_PERCENT_HP_BONUS","is_daily":false,"chose_seed":false,"campfire_upgraded":0,"win_rate":0.0,"timestamp":1613574417,"path_taken":["M","$","?","?","$","E","R","?","T","?","M","$","R","?","R","BOSS","M","M","?","M","M","E","M","?","T","$","M","?","$","E","R","BOSS","M","$","?","?","$","M","?","?","T","M","$","R","E","M","R","BOSS"],"items_purchased_type":["Relic","Relic","Relic","Potion","Potion","Potion","Card","Card","Card","Card","Card","Relic","Relic","Card","Card","Card","Card","Card","Relic","Relic","Relic","Potion","Card","Relic","Relic","Relic","Potion","Potion","Card","Relic","Relic","Relic","Potion","Potion","Card","Card","Relic","Relic","Relic","Relic","Relic","Relic","Relic","Relic","Relic"],"build_version":"2020-12-22","purchased_purges":8,"victory":true,"max_hp_per_floor":[78,78,78,78,78,79,79,81,81,81,84,91,91,91,91,111,111,115,142,147,151,157,161,162,165,165,165,165,165,172,188,188,189,189,190,190,190,180,180,187,187,187,187,191,191,191,196,198,198,207],"card_choices":[{"not_picked":["alterego_mod:Birthday","alterego_mod:HighServant"],"picked":"alterego_mod:GoddessCore","floor":1},{"not_picked":["alterego_mod:Punishment","alterego_mod:Skirt"],"picked":"alterego_mod:DeftHands","floor":6},{"not_picked":["alterego_mod:MagicResistance","alterego_mod:Maid"],"picked":"alterego_mod:Mirror","floor":8},{"not_picked":["alterego_mod:Jiggle","alterego_mod:Punishment"],"picked":"alterego_mod:TrickOrTreatment","floor":11},{"not_picked":["alterego_mod:AlterEgo","alterego_mod:Tantrum"],"picked":"alterego_mod:Valkyrie","floor":16},{"not_picked":["alterego_mod:HighServant","alterego_mod:DeftHands"],"picked":"alterego_mod:Stockings+1","floor":18},{"not_picked":["alterego_mod:Cushion","alterego_mod:Crossover"],"picked":"alterego_mod:1TonWallop","floor":19},{"not_picked":["alterego_mod:DeftHands","alterego_mod:Undulate","alterego_mod:GoddessCore"],"picked":"SKIP","floor":21},{"not_picked":["alterego_mod:Table","alterego_mod:SakuraPetals","alterego_mod:DustData+1"],"picked":"SKIP","floor":22},{"not_picked":["alterego_mod:DestructionOfProperty","alterego_mod:PerceptionDisorder"],"picked":"alterego_mod:Mirror+1","floor":23},{"not_picked":["alterego_mod:Belts","alterego_mod:SakuraPetals","alterego_mod:DeftHands"],"picked":"SKIP","floor":24},{"not_picked":["alterego_mod:DestructionOfProperty","alterego_mod:Skirt+1","alterego_mod:HighServant"],"picked":"SKIP","floor":28},{"not_picked":["alterego_mod:PresenceConcealment+1","alterego_mod:BiFurious+1","alterego_mod:IndependentAction"],"picked":"SKIP","floor":31},{"not_picked":["alterego_mod:VirginLaserPalladion+1","alterego_mod:Antipathy"],"picked":"alterego_mod:Palingenesis","floor":33},{"not_picked":["alterego_mod:Cooking+1","alterego_mod:Maid+1"],"picked":"alterego_mod:Valentines","floor":35},{"not_picked":["alterego_mod:Clap","alterego_mod:BiFurious+1","alterego_mod:ChallengeComplete+1"],"picked":"SKIP","floor":40},{"not_picked":["alterego_mod:Table+1","alterego_mod:Bunnysuit+1","alterego_mod:Cycle+1"],"picked":"SKIP","floor":44},{"not_picked":["alterego_mod:Collar+1","alterego_mod:Belts+1","alterego_mod:DestructionOfProperty"],"picked":"SKIP","floor":47},{"not_picked":["alterego_mod:PurpleHair","alterego_mod:ChallengeComplete","alterego_mod:Skirt+1"],"picked":"SKIP","floor":48}],"player_experience":109053,"relics_obtained":[{"floor":6,"key":"HollowMod:PaleOreRelic"},{"floor":7,"key":"ScarletDevilRocket"},{"floor":9,"key":"InkBottle"},{"floor":13,"key":"Centennial Puzzle"},{"floor":15,"key":"Old Coin"},{"floor":23,"key":"MealTicket"},{"floor":25,"key":"Red Mask"},{"floor":26,"key":"Kunai"},{"floor":31,"key":"Boot"},{"floor":32,"key":"StoneCalendar"},{"floor":42,"key":"Vajra"},{"floor":43,"key":"HollowMod:StagPassRelic"},{"floor":46,"key":"Oddly Smooth Stone"},{"floor":47,"key":"Bird Faced Urn"},{"floor":49,"key":"Bronze Scales"}],"event_choices":[{"damage_healed":0,"gold_gain":0,"player_choice":"Got Potions","damage_taken":0,"max_hp_gain":0,"max_hp_loss":0,"event_name":"Lab","floor":4,"gold_loss":0},{"damage_healed":0,"gold_gain":0,"player_choice":"Left Gold","damage_taken":0,"max_hp_gain":0,"max_hp_loss":0,"event_name":"World of Goop","floor":10,"gold_loss":21},{"cards_removed":["alterego_mod:Defend"],"damage_healed":0,"gold_gain":0,"player_choice":"Forget","damage_taken":0,"max_hp_gain":0,"max_hp_loss":0,"event_name":"Living Wall","floor":14,"gold_loss":0},{"damage_healed":0,"gold_gain":0,"player_choice":"Shed Blood","damage_taken":36,"max_hp_gain":5,"max_hp_loss":0,"event_name":"Forgotten Altar","floor":20,"gold_loss":0},{"damage_healed":0,"gold_gain":0,"player_choice":"Fought Bandits","damage_taken":0,"max_hp_gain":0,"max_hp_loss":0,"event_name":"Masked Bandits","floor":25,"gold_loss":0},{"damage_healed":0,"gold_gain":0,"player_choice":"Ignored","damage_taken":0,"max_hp_gain":0,"max_hp_loss":0,"event_name":"Ghosts","floor":29,"gold_loss":0},{"damage_healed":0,"gold_gain":222,"player_choice":"Wore Mask","damage_taken":0,"max_hp_gain":0,"max_hp_loss":0,"event_name":"Tomb of Lord Red Mask","floor":37,"gold_loss":0},{"damage_healed":0,"gold_gain":0,"player_choice":"Max HP","damage_taken":0,"max_hp_gain":0,"max_hp_loss":10,"event_name":"Winding Halls","floor":38,"gold_loss":0},{"damage_healed":0,"gold_gain":0,"player_choice":"Memory 1","damage_taken":0,"max_hp_gain":0,"max_hp_loss":0,"event_name":"SensoryStone","floor":41,"gold_loss":0}],"is_beta":false,"boss_relics":[{"not_picked":["Calling Bell","Velvet Choker"],"picked":"Coffee Dripper"},{"not_picked":["jesterMod:MachoBrace","Runic Pyramid"],"picked":"Astrolabe"}],"items_purged_floors":[2,5,12,27,30,36,39,45],"is_endless":false,"potions_floor_spawned":[6,11,19,24,25,31,44,48],"ascension_level":0}}