{"host":"4i5my69dv6e41930","time":1613537039,"event":{"mods":["AchievementEnabler","BaseMod","Minty Spire (QoL Compilation)","Relic Stats"],"gold_per_floor":[113,20,20,20,35,62,62,78,129,154,154,154,13,32,32,109,109,128,141,158,158,73,73,17,17,17,67,67,67],"floor_reached":28,"language":"ENG","playtime":2558,"items_purged":[],"score":534,"play_id":"a4f988ce-3ffb-4868-89b1-bac8712efeaf","local_time":"20210216234359","is_ascension_mode":true,"campfire_choices":[{"data":"Neutralize","floor":7.0,"key":"SMITH"},{"data":"Well Laid Plans","floor":11.0,"key":"SMITH"},{"data":"Skewer","floor":15.0,"key":"SMITH"},{"floor":23,"key":"REST"},{"data":"Crippling Poison","floor":25,"key":"SMITH"}],"circlet_count":0,"master_deck":["AscendersBane","Strike_G","Strike_G","Strike_G","Strike_G","Defend_G","Defend_G+1","Defend_G","Defend_G","Defend_G","Survivor+1","Neutralize+1","Blade Dance","Dagger Spray","Well Laid Plans+1","Dagger Spray","Crippling Poison+1","Bouncing Flask","Leg Sweep","Skewer+1","Bullet Time","Noxious Fumes","Glass Knife"],"relics":["Ring of the Snake","NeowsBlessing","WarpedTongs","Blood Vial","Bag of Preparation","Question Card","Empty Cage","Bronze Scales","Meat on the Bone"],"acts_visited":["Exordium","TheCity"],"potions_floor_usage":[20,28],"damage_taken":[{"damage":0.0,"enemies":"2 Louse","floor":1.0,"turns":1.0},{"damage":0.0,"enemies":"Jaw Worm","floor":5.0,"turns":1.0},{"damage":0.0,"enemies":"Gremlin Nob","floor":6.0,"turns":1.0},{"damage":3.0,"enemies":"Cultist","floor":8.0,"turns":4.0},{"damage":3.0,"enemies":"3 Sentries","floor":10.0,"turns":3.0},{"damage":6.0,"enemies":"3 Louse","floor":14.0,"turns":6.0},{"damage":19.0,"enemies":"Slime Boss","floor":16.0,"turns":9.0},{"damage":13.0,"enemies":"Spheric Guardian","floor":18.0,"turns":6.0},{"damage":0.0,"enemies":"3 Byrds","floor":19.0,"turns":3.0},{"damage":32,"enemies":"3 Cultists","floor":20,"turns":5},{"damage":47,"enemies":"Slavers","floor":28,"turns":3}],"seed_played":"7123138860159183271","potions_obtained":[{"floor":1.0,"key":"SkillPotion"},{"floor":6.0,"key":"SteroidPotion"},{"floor":8.0,"key":"Fire Potion"},{"floor":19.0,"key":"EssenceOfSteel"}],"is_trial":false,"path_per_floor":["M","$","?","?","M","E","R","M","T","E","R","?","$","M","R","B",null,"M","M","M","?","?","R","$","R","T","?","E"],"character_chosen":"THE_SILENT","items_purchased":["Dagger Spray","Well Laid Plans","Leg Sweep","Fire Potion","Block Potion"],"campfire_rested":1,"item_purchase_floors":[2,2,13,13,24],"current_hp_per_floor":[59,59,64,64,64,64,64,63,63,62,62,41,41,37,37,20,58,47,49,19,19,19,40,40,40,40,40,0,0],"gold":67,"neow_bonus":"THREE_ENEMY_KILL","is_daily":false,"chose_seed":false,"campfire_upgraded":4,"win_rate":0.0,"timestamp":1613537039,"path_taken":["M","$","?","?","M","E","R","?","T","E","R","?","$","M","R","BOSS","M","M","M","?","?","R","$","R","T","?","E"],"items_purchased_type":["Card","Card","Card","Potion","Potion"],"build_version":"2020-12-22","purchased_purges":0,"victory":false,"max_hp_per_floor":[66,66,71,71,71,71,71,71,71,71,71,71,71,71,71,71,71,71,71,71,71,71,71,71,71,71,71,71,71],"relic_stats":{"Blood Vial":16,"counters":[11,42],"Bronze Scales":[24],"Bag of Preparation":[14],"Question Card":5,"obtain_stats":[{"Blood Vial":6,"NeowsBlessing":0,"Bronze Scales":22,"Bag of Preparation":9,"Question Card":10,"Empty Cage":17,"Ring of the Snake":0,"WarpedTongs":4,"Meat on the Bone":26},{"Blood Vial":3,"NeowsBlessing":0,"Bronze Scales":10,"Bag of Preparation":4,"Question Card":5,"Empty Cage":7,"Ring of the Snake":0,"WarpedTongs":1,"Meat on the Bone":10},{"Blood Vial":3,"NeowsBlessing":0,"Bronze Scales":39,"Bag of Preparation":7,"Question Card":10,"Empty Cage":25,"Ring of the Snake":0,"WarpedTongs":1,"Meat on the Bone":39}],"Ring of the Snake":[22],"WarpedTongs":[41],"Meat on the Bone":0},"card_choices":[{"not_picked":["Cloak And Dagger","Backflip"],"picked":"Blade Dance","floor":1.0},{"not_picked":["Dodge and Roll","Prepared","Underhanded Strike"],"picked":"SKIP","floor":5.0},{"not_picked":["Unload","Cloak And Dagger"],"picked":"Dagger Spray","floor":6.0},{"not_picked":["Catalyst","Dagger Spray"],"picked":"Crippling Poison","floor":8.0},{"not_picked":["Blur","Caltrops"],"picked":"Bouncing Flask","floor":10.0},{"not_picked":["Finisher","Quick Slash","Well Laid Plans"],"picked":"Skewer","floor":14.0},{"not_picked":["Unload","Doppelganger","Glass Knife"],"picked":"Bullet Time","floor":16.0},{"not_picked":["Dagger Spray","Poisoned Stab","Dodge and Roll","Underhanded Strike"],"picked":"SKIP","floor":18.0},{"not_picked":["Accuracy","Quick Slash","Dash"],"picked":"Noxious Fumes","floor":19.0},{"not_picked":["All Out Attack","Blade Dance","Acrobatics"],"picked":"Glass Knife","floor":20}],"player_experience":9278,"relics_obtained":[{"floor":6.0,"key":"Blood Vial"},{"floor":9.0,"key":"Bag of Preparation"},{"floor":10.0,"key":"Question Card"},{"floor":26,"key":"Meat on the Bone"}],"event_choices":[{"damage_healed":0.0,"max_hp_gain":5.0,"max_hp_loss":0.0,"gold_gain":0.0,"event_name":"Big Fish","player_choice":"Donut","floor":3.0,"gold_loss":0.0,"damage_taken":0.0},{"damage_healed":0.0,"max_hp_gain":0.0,"max_hp_loss":0.0,"gold_gain":0.0,"event_name":"Accursed Blacksmith","player_choice":"Rummage","floor":4.0,"gold_loss":0.0,"damage_taken":0.0,"relics_obtained":["WarpedTongs"],"cards_obtained":["Pain"]},{"damage_healed":0.0,"max_hp_gain":0.0,"max_hp_loss":0.0,"gold_gain":0.0,"event_name":"Shining Light","player_choice":"Entered Light","floor":12.0,"gold_loss":0.0,"damage_taken":21.0,"cards_upgraded":["Survivor","Defend_G"]},{"damage_healed":0,"gold_gain":0,"player_choice":"Ignored","damage_taken":0,"max_hp_gain":0,"max_hp_loss":0,"event_name":"The Mausoleum","floor":21,"gold_loss":0},{"damage_healed":0,"gold_gain":0,"player_choice":"Obtained Relic","damage_taken":0,"relics_obtained":["Bronze Scales"],"max_hp_gain":0,"max_hp_loss":0,"event_name":"Addict","floor":22,"gold_loss":85},{"damage_healed":0,"gold_gain":50,"player_choice":"Stole From Cult","damage_taken":0,"max_hp_gain":0,"max_hp_loss":0,"event_name":"Nest","floor":27,"gold_loss":0}],"is_beta":false,"boss_relics":[{"not_picked":["Pandora\u0027s Box","Runic Pyramid"],"picked":"Empty Cage"}],"items_purged_floors":[],"is_endless":false,"potions_floor_spawned":[1,6,8,19],"killed_by":"Slavers","ascension_level":19}}