{"host":"r527qwxsluxe0nfi","time":1613572537,"event":{"mods":["AchievementEnabler","BaseMod","Bestiary","Minty Spire (QoL Compilation)","SuperFastMode","Weighted Paths"],"gold_per_floor":[110,125,125,125,135,135,161,173,173,173,189,222,292,323,323,400,450,463,478,44,44,44,44,55,55,55,83,95,20,33,33,33],"floor_reached":31,"language":"ENG","playtime":1090,"items_purged":[],"score":569,"play_id":"cd0595ea-e51a-4efc-9478-0888ee37c57f","local_time":"20210217153537","is_ascension_mode":true,"campfire_choices":[{"data":"Sunder","floor":6.0,"key":"SMITH"},{"data":"Zap","floor":10.0,"key":"SMITH"},{"floor":15.0,"key":"REST"},{"floor":23.0,"key":"REST"},{"data":"Creative AI","floor":25.0,"key":"SMITH"}],"circlet_count":0,"master_deck":["AscendersBane","Strike_B","Strike_B","Strike_B","Defend_B","Defend_B","Defend_B+1","Zap+1","Dualcast","Leap","Sunder+1","Conserve Battery","Cold Snap","Sweeping Beam+1","Cold Snap+1","Hologram+1","Creative AI+1","Cold Snap+1","Beam Cell+1","Coolheaded+1","Echo Form+1","BootSequence+1","Force Field+1","Consume+1"],"relics":["Cracked Core","Dream Catcher","Molten Egg 2","Ornamental Fan","Toxic Egg 2","Tiny House","Frozen Egg 2","Enchiridion","Letter Opener","Bottled Flame"],"acts_visited":["Exordium","TheCity"],"potions_floor_usage":[27],"damage_taken":[{"damage":0.0,"enemies":"Small Slimes","floor":1.0,"turns":3.0},{"damage":8.0,"enemies":"2 Louse","floor":2.0,"turns":3.0},{"damage":4.0,"enemies":"Jaw Worm","floor":5.0,"turns":4.0},{"damage":21.0,"enemies":"Lagavulin","floor":7.0,"turns":7.0},{"damage":4.0,"enemies":"Red Slaver","floor":8.0,"turns":4.0},{"damage":0.0,"enemies":"2 Fungi Beasts","floor":11.0,"turns":3.0},{"damage":13.0,"enemies":"Gremlin Nob","floor":12.0,"turns":3.0},{"damage":12.0,"enemies":"Lagavulin","floor":14.0,"turns":7.0},{"damage":0.0,"enemies":"Slime Boss","floor":16.0,"turns":11.0},{"damage":5.0,"enemies":"Spheric Guardian","floor":18.0,"turns":3.0},{"damage":20.0,"enemies":"2 Thieves","floor":19.0,"turns":3.0},{"damage":14.0,"enemies":"Sentry and Sphere","floor":24.0,"turns":6.0},{"damage":3,"enemies":"Gremlin Leader","floor":27,"turns":7},{"damage":3,"enemies":"Shelled Parasite and Fungi","floor":28,"turns":7},{"damage":0,"enemies":"Chosen and Byrds","floor":30,"turns":6},{"damage":0,"enemies":"Centurion and Healer","floor":31,"turns":3}],"seed_played":"-7475931310462739948","potions_obtained":[{"floor":7.0,"key":"Explosive Potion"},{"floor":11.0,"key":"SpeedPotion"},{"floor":14.0,"key":"FocusPotion"},{"floor":17.0,"key":"Fire Potion"},{"floor":24.0,"key":"Energy Potion"}],"is_trial":false,"path_per_floor":["M","M","?","?","M","R","E","M","T","R","M","E","?","E","R","B",null,"M","M","$","?","?","R","M","R","T","E","M","?","M","M"],"character_chosen":"DEFECT","items_purchased":["Frozen Egg 2","Echo Form+1","BootSequence+1"],"campfire_rested":2,"item_purchase_floors":[20,20,20],"current_hp_per_floor":[64,56,61,61,57,57,36,32,32,32,32,19,19,7,29,29,69,64,44,44,23,11,35,21,21,21,18,15,15,15,15,15],"gold":33,"neow_bonus":"REMOVE_CARD","is_daily":false,"chose_seed":false,"campfire_upgraded":3,"win_rate":0.0,"timestamp":1613572537,"path_taken":["M","M","?","?","M","R","E","M","T","R","M","E","?","E","R","BOSS","M","M","$","?","?","R","?","R","T","E","M","?","M","M"],"items_purchased_type":["Relic","Card","Card"],"build_version":"2020-12-22","purchased_purges":0,"victory":false,"max_hp_per_floor":[71,71,76,76,76,76,76,76,76,76,76,76,76,76,76,76,81,81,81,81,81,81,81,81,81,81,81,81,81,81,81,81],"card_choices":[{"not_picked":["Beam Cell","Turbo"],"picked":"Leap","floor":1.0},{"not_picked":["Skim","Turbo","Barrage"],"picked":"SKIP","floor":2.0},{"not_picked":["Rebound","Cold Snap"],"picked":"Sunder","floor":5.0},{"not_picked":["Defragment","Sweeping Beam"],"picked":"Conserve Battery","floor":7.0},{"not_picked":["Coolheaded","Turbo"],"picked":"Cold Snap","floor":8.0},{"not_picked":["Redo","Multi-Cast"],"picked":"Sweeping Beam+1","floor":11.0},{"not_picked":["Turbo","Rebound+1"],"picked":"Cold Snap+1","floor":12.0},{"not_picked":["Storm","Chaos+1","Compile Driver+1"],"picked":"SKIP","floor":14.0},{"not_picked":["Stack+1","Aggregate+1"],"picked":"Hologram+1","floor":15.0},{"not_picked":["Machine Learning","Meteor Strike+1"],"picked":"Creative AI","floor":16.0},{"not_picked":["Barrage+1","Static Discharge"],"picked":"Cold Snap+1","floor":17.0},{"not_picked":["Storm","Scrape+1"],"picked":"Beam Cell+1","floor":18.0},{"not_picked":["Sweeping Beam+1","Genetic Algorithm+1"],"picked":"Coolheaded+1","floor":19.0},{"not_picked":["Streamline+1","Turbo+1"],"picked":"Force Field+1","floor":23.0},{"not_picked":["Redo+1","Turbo+1","Hyperbeam+1"],"picked":"SKIP","floor":24.0},{"not_picked":["Go for the Eyes+1","Hyperbeam+1","Fission+1"],"picked":"SKIP","floor":27},{"not_picked":["Melter+1","Beam Cell+1"],"picked":"Consume+1","floor":28},{"not_picked":["Lockon+1","Steam+1","Auto Shields+1"],"picked":"SKIP","floor":30}],"player_experience":363539,"relics_obtained":[{"floor":7.0,"key":"Dream Catcher"},{"floor":9.0,"key":"Molten Egg 2"},{"floor":12.0,"key":"Ornamental Fan"},{"floor":14.0,"key":"Toxic Egg 2"},{"floor":21.0,"key":"Enchiridion"},{"floor":26.0,"key":"Letter Opener"},{"floor":27,"key":"Bottled Flame"}],"event_choices":[{"damage_healed":0.0,"max_hp_gain":5.0,"max_hp_loss":0.0,"gold_gain":0.0,"event_name":"Big Fish","player_choice":"Donut","floor":3.0,"gold_loss":0.0,"damage_taken":0.0},{"damage_healed":0.0,"max_hp_gain":0.0,"max_hp_loss":0.0,"gold_gain":0.0,"event_name":"Liars Game","player_choice":"Ignored","floor":4.0,"gold_loss":0.0,"damage_taken":0.0},{"damage_healed":0.0,"max_hp_gain":0.0,"max_hp_loss":0.0,"gold_gain":70.0,"event_name":"Golden Wing","player_choice":"Gained Gold","floor":13.0,"gold_loss":0.0,"damage_taken":0.0},{"damage_healed":0.0,"max_hp_gain":0.0,"max_hp_loss":0.0,"gold_gain":0.0,"event_name":"Cursed Tome","player_choice":"Obtained Book","floor":21.0,"gold_loss":0.0,"damage_taken":21.0},{"damage_healed":0.0,"max_hp_gain":0.0,"max_hp_loss":0.0,"gold_gain":0.0,"event_name":"Wheel of Change","player_choice":"Damaged","floor":22.0,"gold_loss":0.0,"damage_taken":12.0},{"cards_removed":["Defend_B"],"damage_healed":0,"gold_gain":0,"player_choice":"Gave Gold","damage_taken":0,"max_hp_gain":0,"max_hp_loss":0,"event_name":"Beggar","floor":29,"gold_loss":75}],"is_beta":false,"boss_relics":[{"not_picked":["Runic Pyramid","Empty Cage"],"picked":"Tiny House"}],"items_purged_floors":[],"is_endless":false,"potions_floor_spawned":[7,11,14,16,24],"killed_by":"Centurion and Healer","ascension_level":15}}