{"host":"af4pzp5tm7cfibaw","time":1613529125,"event":{"mods":["AchievementEnabler","BaseMod","BetterRewards","Downfall","Highlight Path","Minty Spire (QoL Compilation)","StSLib","SuperFastMode"],"gold_per_floor":[115,130,130,147,162,206,233,233,280,5,5,43,52,236,236,366,366,395,428,257,279,279,279,139,166,193,240,267,192,237,58,58,58,58],"floor_reached":33,"language":"ENG","playtime":1005,"items_purged":["Strike_R"],"score":464,"play_id":"25e42cae-ffe6-471b-ba35-ceb4460f622a","local_time":"20210217153205","is_ascension_mode":true,"campfire_choices":[{"floor":8.0,"key":"REST"},{"data":"Shockwave","floor":11.0,"key":"SMITH"},{"data":"Armaments","floor":15.0,"key":"SMITH"},{"data":"Reaper","floor":23.0,"key":"SMITH"},{"data":"Corruption","floor":32.0,"key":"SMITH"}],"circlet_count":0,"master_deck":["Strike_R","Strike_R","Strike_R","Strike_R+1","Defend_R","Defend_R","Defend_R","Defend_R","Bash+1","Whirlwind","Spot Weakness","Cleave","Armaments+1","Shockwave+1","Shrug It Off","Battle Trance","Injury","Reaper+1","Pommel Strike","Corruption+1","Secret Weapon","Clothesline+1","Double Tap","Dark Embrace","Sentinel","Havoc","Uppercut+1","Reaper+1","Sentinel"],"relics":["Burning Blood","CeramicFish","Bag of Preparation","Brimstone","Blue Candle","Golden Idol","Philosopher\u0027s Stone","Centennial Puzzle","Slimebound:StickyStick","Pantograph","DollysMirror"],"acts_visited":["TheCity"],"potions_floor_usage":[],"damage_taken":[{"damage":9.0,"enemies":"2 Louse","floor":1.0,"turns":4.0},{"damage":10.0,"enemies":"Small Slimes","floor":2.0,"turns":2.0},{"damage":7.0,"enemies":"Jaw Worm","floor":4.0,"turns":3.0},{"damage":1.0,"enemies":"2 Fungi Beasts","floor":5.0,"turns":3.0},{"damage":35.0,"enemies":"Lagavulin","floor":6.0,"turns":6.0},{"damage":6.0,"enemies":"Exordium Thugs","floor":7.0,"turns":4.0},{"damage":0.0,"enemies":"Gremlin Nob","floor":12.0,"turns":2.0},{"damage":40.0,"enemies":"Hexaghost","floor":16.0,"turns":6.0},{"damage":20.0,"enemies":"Shell Parasite","floor":18.0,"turns":3.0},{"damage":5.0,"enemies":"3 Byrds","floor":19.0,"turns":3.0},{"damage":1.0,"enemies":"3 Cultists","floor":21.0,"turns":3.0},{"damage":21.0,"enemies":"Snake Plant","floor":25.0,"turns":2.0},{"damage":43.0,"enemies":"Book of Stabbing","floor":27.0,"turns":4.0},{"damage":1.0,"enemies":"Cultist and Chosen","floor":28.0,"turns":3.0},{"damage":14.0,"enemies":"Gremlin Leader","floor":30.0,"turns":3.0},{"damage":114,"enemies":"Automaton","floor":33,"turns":6}],"seed_played":"3915131596263283624","potions_obtained":[{"floor":2.0,"key":"Energy Potion"},{"floor":5.0,"key":"SpeedPotion"},{"floor":6.0,"key":"Explosive Potion"},{"floor":7.0,"key":"AttackPotion"},{"floor":12.0,"key":"AttackPotion"},{"floor":21.0,"key":"Dexterity Potion"},{"floor":25.0,"key":"Dexterity Potion"}],"is_trial":false,"path_per_floor":["M","M","?","M","M","E","M","R","T","$","R","E","?","?","R","B",null,"M","M","$","M","?","R","$","M","T","E","M","?","E","$","R","B"],"character_chosen":"IRONCLAD","items_purchased":["Brimstone","Shrug It Off","Secret Weapon","Double Tap","DollysMirror","Sentinel"],"campfire_rested":1,"item_purchase_floors":[10,10,20,24,31,31],"current_hp_per_floor":[77,73,55,54,59,30,30,56,56,56,56,62,62,62,62,28,73,65,66,66,71,71,71,71,56,56,44,64,64,88,88,88,0,0],"gold":58,"neow_bonus":"TEN_PERCENT_HP_BONUS","is_daily":false,"chose_seed":false,"campfire_upgraded":4,"win_rate":0.0,"timestamp":1613529125,"path_taken":["M","M","?","M","M","E","M","R","T","$","R","E","?","?","R","BOSS","M","M","$","M","?","R","$","M","T","E","M","?","E","$","R","BOSS"],"items_purchased_type":["Relic","Card","Card","Card","Relic","Card"],"build_version":"2020-12-22","purchased_purges":1,"victory":false,"max_hp_per_floor":[88,88,88,88,88,88,88,88,88,88,88,88,88,88,88,88,88,88,88,88,88,88,88,88,88,88,88,88,88,88,88,88,88,88],"card_choices":[{"not_picked":["Anger","Blood for Blood"],"picked":"Whirlwind","floor":1.0},{"not_picked":["Pommel Strike","Bloodletting"],"picked":"Spot Weakness","floor":2.0},{"not_picked":["Combust","Warcry"],"picked":"Cleave","floor":4.0},{"not_picked":["Dual Wield","Evolve","Feel No Pain"],"picked":"SKIP","floor":5.0},{"not_picked":["Searing Blow","Anger"],"picked":"Armaments","floor":6.0},{"not_picked":["Sword Boomerang","Cleave"],"picked":"Shockwave","floor":7.0},{"not_picked":["Flex","Disarm"],"picked":"Battle Trance","floor":12.0},{"not_picked":["Exhume","Corruption"],"picked":"Reaper","floor":16.0},{"not_picked":["Flame Barrier","True Grit+1"],"picked":"Pommel Strike","floor":18.0},{"not_picked":["Bloodletting+1","Warcry"],"picked":"Corruption","floor":19.0},{"not_picked":["Iron Wave","Clash"],"picked":"Clothesline+1","floor":21.0},{"not_picked":["Evolve","Pommel Strike"],"picked":"Dark Embrace","floor":25.0},{"not_picked":["Anger","Body Slam"],"picked":"Sentinel","floor":27.0},{"not_picked":["Iron Wave","Pummel"],"picked":"Havoc","floor":28.0},{"not_picked":["Body Slam+1","Armaments"],"picked":"Uppercut+1","floor":30.0}],"player_experience":331895,"relics_obtained":[{"floor":6.0,"key":"CeramicFish"},{"floor":9.0,"key":"Bag of Preparation"},{"floor":12.0,"key":"Blue Candle"},{"floor":26.0,"key":"Centennial Puzzle"},{"floor":27.0,"key":"Slimebound:StickyStick"},{"floor":30.0,"key":"Pantograph"}],"event_choices":[{"damage_healed":0.0,"max_hp_gain":0.0,"max_hp_loss":0.0,"gold_gain":0.0,"event_name":"Shining Light","player_choice":"Entered Light","floor":3.0,"gold_loss":0.0,"damage_taken":18.0,"cards_upgraded":["Strike_R","Bash"]},{"damage_healed":0.0,"max_hp_gain":0.0,"max_hp_loss":0.0,"gold_gain":0.0,"event_name":"Golden Idol","player_choice":"Take Wound","floor":13.0,"gold_loss":0.0,"damage_taken":0.0,"relics_obtained":["Golden Idol"],"cards_obtained":["Injury"]},{"damage_healed":0.0,"max_hp_gain":0.0,"max_hp_loss":0.0,"gold_gain":175.0,"event_name":"Liars Game","player_choice":"AGREE","floor":14.0,"gold_loss":0.0,"damage_taken":0.0,"cards_obtained":["Doubt"]},{"damage_healed":0.0,"max_hp_gain":0.0,"max_hp_loss":0.0,"gold_gain":0.0,"event_name":"Ghosts","player_choice":"Ignored","floor":22.0,"gold_loss":0.0,"damage_taken":0.0},{"cards_removed":["Doubt"],"damage_healed":0.0,"max_hp_gain":0.0,"max_hp_loss":0.0,"gold_gain":0.0,"event_name":"Beggar","player_choice":"Gave Gold","floor":29.0,"gold_loss":75.0,"damage_taken":0.0}],"is_beta":false,"boss_relics":[{"not_picked":["Snecko Eye","Cursed Key"],"picked":"Philosopher\u0027s Stone"}],"items_purged_floors":[10],"is_endless":false,"potions_floor_spawned":[2,5,6,7,12,21,25],"killed_by":"Automaton","ascension_level":9}}