{"host":"tbhNathan","time":1613604605,"event":{"mods":["AchievementEnabler","BaseMod","Better Third Choice","Googly Eyes","Highlight Path","Minty Spire (QoL Compilation)","Reliquary","StSLib","The Disciple","The Hierophant","The Marked"],"gold_per_floor":[109,127,147,167,167,196,216,216,240,270,270,270,283,297,297,394,394,407,397,397,409,429,462,462,462],"floor_reached":24,"language":"ENG","playtime":3102,"items_purged":[],"score":232,"play_id":"d93c0159-51cb-4dc2-8f72-420a648f17f5","local_time":"20210217233005","is_ascension_mode":false,"campfire_choices":[{"data":"Bludgeon","floor":8,"key":"SMITH"},{"floor":12,"key":"REST"},{"data":"Intimidate","floor":15,"key":"SMITH"}],"circlet_count":0,"master_deck":["Strike_R","Strike_R","Strike_R","Defend_R","Defend_R","Defend_R","Defend_R","Bash","Iron Wave","Clothesline","Intimidate+1","Inflame","Headbutt","Bludgeon+1","Thunderclap","Impervious","Headbutt","Cleave","Feed","Combust+1","Intimidate","Rampage+1","Combust+1","Flex+1"],"relics":["Burning Blood","Paper Frog","reliquary:Stiletto","Toy Ornithopter","reliquary:ThirdArm","NlothsMask","Bag of Preparation"],"acts_visited":["Exordium","TheCity"],"potions_floor_usage":[16,19,19,22],"damage_taken":[{"damage":6,"enemies":"Jaw Worm","floor":1,"turns":3},{"damage":1,"enemies":"Cultist","floor":2,"turns":3},{"damage":0,"enemies":"2 Louse","floor":3,"turns":3},{"damage":16,"enemies":"Blue Slaver","floor":4,"turns":3},{"damage":18,"enemies":"Gremlin Nob","floor":6,"turns":5},{"damage":13,"enemies":"Gremlin Gang","floor":7,"turns":5},{"damage":14,"enemies":"3 Sentries","floor":10,"turns":5},{"damage":7,"enemies":"Exordium Wildlife","floor":13,"turns":4},{"damage":7,"enemies":"2 Fungi Beasts","floor":14,"turns":3},{"damage":31,"enemies":"The Guardian","floor":16,"turns":7},{"damage":22,"enemies":"Shell Parasite","floor":18,"turns":6},{"damage":9,"enemies":"2 Thieves","floor":19,"turns":4},{"damage":19,"enemies":"Snecko","floor":21,"turns":4},{"damage":16,"enemies":"Snake Plant","floor":22,"turns":3},{"damage":54,"enemies":"Book of Stabbing","floor":23,"turns":6},{"damage":8,"enemies":"Centurion and Healer","floor":24,"turns":2}],"seed_played":"8397631904060091998","potions_obtained":[{"floor":1,"key":"Weak Potion"},{"floor":6,"key":"Energy Potion"},{"floor":7,"key":"Block Potion"},{"floor":14,"key":"Strength Potion"},{"floor":18,"key":"Explosive Potion"}],"is_trial":false,"path_per_floor":["M","M","M","M","?","E","M","R","T","E","?","R","M","M","R","B",null,"M","M","?","M","M","E","M"],"character_chosen":"IRONCLAD","items_purchased":[],"campfire_rested":1,"item_purchase_floors":[],"current_hp_per_floor":[80,80,80,70,70,58,51,51,51,43,43,67,66,65,65,45,80,67,74,74,61,56,8,0,0],"gold":462,"neow_bonus":"TRANSFORM_CARD","is_daily":false,"chose_seed":false,"campfire_upgraded":2,"win_rate":0.0,"timestamp":1613604605,"path_taken":["M","M","M","M","?","E","M","R","T","E","?","R","M","M","R","BOSS","M","M","?","?","M","E","M"],"items_purchased_type":[],"build_version":"2020-12-18","purchased_purges":0,"victory":false,"max_hp_per_floor":[80,80,80,80,80,80,80,80,80,80,80,80,80,80,80,80,80,83,83,83,83,83,83,83,83],"card_choices":[{"not_picked":["Dark Embrace","Warcry"],"picked":"Clothesline","floor":1},{"not_picked":["Power Through","Seeing Red"],"picked":"Intimidate","floor":2},{"not_picked":["Rupture","Rampage"],"picked":"Inflame","floor":3},{"not_picked":["Fire Breathing","Dark Embrace"],"picked":"Headbutt","floor":4},{"not_picked":["Double Tap","Searing Blow"],"picked":"Bludgeon","floor":6},{"not_picked":["Infernal Blade","Flex"],"picked":"Thunderclap","floor":7},{"not_picked":["Carnage","Clash"],"picked":"Impervious","floor":10},{"not_picked":["Clash","Anger"],"picked":"Headbutt","floor":13},{"not_picked":["Body Slam","Corruption"],"picked":"Cleave","floor":14},{"not_picked":["Impervious","Reaper"],"picked":"Feed","floor":16},{"not_picked":["Heavy Blade+1","Intimidate+1"],"picked":"Combust+1","floor":18},{"not_picked":["Bloodletting","Clash"],"picked":"Intimidate","floor":19},{"not_picked":["Searing Blow+1","Flex"],"picked":"Rampage+1","floor":21},{"not_picked":["Iron Wave","Anger"],"picked":"Combust+1","floor":22},{"not_picked":["Entrench+1","Feel No Pain"],"picked":"Flex+1","floor":23}],"player_experience":210841,"relics_obtained":[{"floor":6,"key":"Paper Frog"},{"floor":9,"key":"reliquary:Stiletto"},{"floor":10,"key":"Toy Ornithopter"},{"floor":23,"key":"Bag of Preparation"}],"event_choices":[{"damage_healed":0,"gold_gain":0,"player_choice":"Leave","damage_taken":0,"max_hp_gain":0,"max_hp_loss":0,"event_name":"The Cleric","floor":5,"gold_loss":0},{"cards_removed":["Strike_R"],"damage_healed":0,"gold_gain":0,"player_choice":"Offered Basic","damage_taken":0,"max_hp_gain":0,"max_hp_loss":0,"event_name":"Bonfire Elementals","floor":11,"gold_loss":0},{"damage_healed":0,"gold_gain":0,"player_choice":"Trade","damage_taken":0,"relics_obtained":["NlothsMask"],"max_hp_gain":0,"max_hp_loss":0,"event_name":"FaceTrader","floor":20,"gold_loss":0}],"is_beta":true,"boss_relics":[{"not_picked":["Ectoplasm","Runic Pyramid"],"picked":"reliquary:ThirdArm"}],"items_purged_floors":[],"is_endless":false,"potions_floor_spawned":[1,6,7,10,14,18],"killed_by":"Centurion and Healer","ascension_level":0}}