{"host":"iudiqz5bwex5meyb","time":1613577885,"event":{"mods":["AchievementEnabler","BaseMod","Block Reminder","Colored Map","Minty Spire (QoL Compilation)","StSLib","ojb\u0027s Better Paths Mod","ojb\u0027s Info Mod"],"gold_per_floor":[213,226,226,244,258,284,294,310,310,310,339,352,15,34,34,136,136,147,147,130,142,142,142,142],"floor_reached":23,"language":"ENG","playtime":2195,"items_purged":["Strike_G"],"score":321,"play_id":"389acb31-b704-45be-a983-0e0239052d93","local_time":"20210217100445","is_ascension_mode":true,"campfire_choices":[{"data":"Neutralize","floor":10,"key":"SMITH"},{"floor":15,"key":"REST"}],"circlet_count":0,"master_deck":["Strike_G","Strike_G","Strike_G","Strike_G","Defend_G","Defend_G","Defend_G","Defend_G","Defend_G","Survivor","Neutralize","Flying Knee","Escape Plan","Discovery","Neutralize+1","Dagger Throw","Quick Slash","Flying Knee","Dodge and Roll","A Thousand Cuts","Backflip","Necronomicurse","Underhanded Strike+1"],"relics":["Ring of the Snake","Tiny Chest","Singing Bowl","Vajra","Kunai","SacredBark","Necronomicon","Paper Crane"],"acts_visited":["Exordium","TheCity"],"potions_floor_usage":[6,6,16,18,20,23,23],"damage_taken":[{"damage":9,"enemies":"Small Slimes","floor":1,"turns":6},{"damage":0,"enemies":"Cultist","floor":2,"turns":4},{"damage":1,"enemies":"Jaw Worm","floor":4,"turns":5},{"damage":0,"enemies":"Blue Slaver","floor":5,"turns":4},{"damage":22,"enemies":"3 Sentries","floor":6,"turns":8},{"damage":5,"enemies":"3 Louse","floor":7,"turns":3},{"damage":2,"enemies":"Exordium Wildlife","floor":8,"turns":4},{"damage":25,"enemies":"Lagavulin","floor":11,"turns":8},{"damage":3,"enemies":"Looter","floor":12,"turns":3},{"damage":0,"enemies":"2 Fungi Beasts","floor":14,"turns":2},{"damage":0,"enemies":"Slime Boss","floor":16,"turns":8},{"damage":0,"enemies":"Shell Parasite","floor":18,"turns":7},{"damage":16,"enemies":"2 Thieves","floor":20,"turns":4},{"damage":27,"enemies":"Centurion and Healer","floor":21,"turns":9},{"damage":7,"enemies":"Slavers","floor":23,"turns":1}],"seed_played":"-8106766089122159606","potions_obtained":[{"floor":2,"key":"ColorlessPotion"},{"floor":5,"key":"ColorlessPotion"},{"floor":8,"key":"SkillPotion"},{"floor":14,"key":"PowerPotion"},{"floor":16,"key":"Strength Potion"},{"floor":18,"key":"Strength Potion"},{"floor":21,"key":"Poison Potion"}],"is_trial":false,"path_per_floor":["M","M","?","M","M","E","M","M","T","R","E","M","$","M","R","B",null,"M","?","M","M","T","E"],"character_chosen":"THE_SILENT","items_purchased":["Kunai"],"campfire_rested":1,"item_purchase_floors":[13],"current_hp_per_floor":[61,61,61,60,60,38,33,31,31,31,8,5,5,7,29,29,63,63,47,31,6,6,0,0],"gold":142,"neow_bonus":"HUNDRED_GOLD","is_daily":false,"chose_seed":false,"campfire_upgraded":1,"win_rate":0.0,"timestamp":1613577885,"path_taken":["M","M","?","M","?","E","M","M","T","R","E","M","?","?","R","BOSS","M","?","M","M","?","E"],"items_purchased_type":["Relic"],"build_version":"2020-12-22","purchased_purges":1,"victory":false,"max_hp_per_floor":[70,70,70,70,70,70,70,70,70,70,72,72,72,74,74,74,74,74,74,74,76,76,76,76],"card_choices":[{"not_picked":["Deflect","Underhanded Strike"],"picked":"Flying Knee","floor":1},{"not_picked":["Sucker Punch","Prepared"],"picked":"Escape Plan","floor":2},{"not_picked":["Catalyst","Dagger Spray","Underhanded Strike"],"picked":"SKIP","floor":4},{"not_picked":["Predator","Dagger Spray","Sucker Punch"],"picked":"SKIP","floor":5},{"not_picked":["PiercingWail","Corpse Explosion"],"picked":"Dagger Throw","floor":6},{"not_picked":["Underhanded Strike","Leg Sweep"],"picked":"Quick Slash","floor":7},{"not_picked":["Underhanded Strike","Terror"],"picked":"Flying Knee","floor":8},{"not_picked":["Dagger Throw","Dagger Spray","Concentrate"],"picked":"Singing Bowl","floor":11},{"not_picked":["Reflex","Setup"],"picked":"Dodge and Roll","floor":12},{"not_picked":["Quick Slash","Acrobatics","Distraction"],"picked":"Singing Bowl","floor":14},{"not_picked":["Die Die Die","Doppelganger"],"picked":"A Thousand Cuts","floor":16},{"not_picked":["Endless Agony+1","Leg Sweep"],"picked":"Backflip","floor":18},{"not_picked":["Deadly Poison","Reflex"],"picked":"Underhanded Strike+1","floor":20},{"not_picked":["Acrobatics","Corpse Explosion","Bane"],"picked":"Singing Bowl","floor":21}],"player_experience":287474,"relics_obtained":[{"floor":6,"key":"Tiny Chest"},{"floor":9,"key":"Singing Bowl"},{"floor":11,"key":"Vajra"},{"floor":19,"key":"Necronomicon"},{"floor":22,"key":"Paper Crane"}],"event_choices":[{"damage_healed":0,"gold_gain":0,"player_choice":"2 cards matched","damage_taken":0,"max_hp_gain":0,"max_hp_loss":0,"event_name":"Match and Keep!","floor":3,"gold_loss":0,"cards_obtained":["Discovery","Neutralize"]},{"damage_healed":0,"gold_gain":0,"player_choice":"Obtained Book","damage_taken":16,"max_hp_gain":0,"max_hp_loss":0,"event_name":"Cursed Tome","floor":19,"gold_loss":0}],"is_beta":false,"boss_relics":[{"not_picked":["Runic Dome","Empty Cage"],"picked":"SacredBark"}],"items_purged_floors":[13],"is_endless":false,"potions_floor_spawned":[2,5,8,14,16,18,21],"killed_by":"Slavers","ascension_level":5}}